2384 3770
380 164 403 192 ·1
418 149 480 211 84

340 236 376 272 ni
391 236 571 275 Auctor-es,
598 235 771 279 praesertim
785 234 985 275 Terentius,
1006 246 1043 269 ac
1053 234 1212 275 Plautus,

341 286 419 319 item
433 285 534 319 saneti
545 285 655 320 Patres
665 311 677 327 ‚
705 299 742 320 ac
754 287 854 321 etiam
870 286 935 328 iple
951 287 1044 319 Sacer
1057 283 1188 318 Textus
1200 309 1210 325 ,

334 342 437 368 'voces
460 335 639 379 aequivocas
656 337 853 380 quandoque
880 335 1208 377 sumuntoequivoce:

339 394 420 429 ergo
434 396 529 419 voces
538 387 710 430 aequivocae
731 387 861 431 possunt
872 386 1067 429 quandoque
1083 385 1150 419 fine
1163 386 1208 418 in·

337 436 546 479 congruitate
576 438 657 471 sumi
689 435 853 481 aequivoce
874 459 881 467 .
921 434 1070 468 Probatur
1092 441 1205 468 minor:

336 487 412 530 quia
437 494 518 519 runc
548 499 615 522 vox
647 489 814 531 aequivoca
853 486 986 518 sumitur
1024 486 1185 526 aequivoce
1198 510 1208 525 ‚

336 535 470 579 quando
488 538 624 573 sumitur
648 549 705 581 pro
719 536 862 580 pluribus
876 536 937 569 suis
950 536 1161 578 aequivocatis
1172 537 1206 568 st—

336 590 431 625 mul:
457 589 628 632 atquitam
650 587 886 626 sanffiPatres,
913 596 1010 628 quam
1035 586 1134 618 etiam
1148 587 1206 620 Sa-

336 651 389 675 cer
398 639 531 674 Textus
555 649 649 674 voces
671 638 850 680 aequivocas
871 635 1068 678 quandoque
1079 636 1207 670 sumunt

336 702 396 735 pro
423 688 569 734 pluribus
594 689 655 722 suis
680 685 886 728 aequivocatis
910 684 1023 718 simul:
1050 695 1128 729 ergo
1153 686 1207 719 su-

337 751 432 775 munt
443 740 515 773 illas
524 738 721 782 quandoque
733 735 899 779 aequivoce
908 760 916 767 .
946 739 1043 767 Minor
1056 735 1093 773 est
1105 735 1202 768 saneti

338 789 581 836 Augustinilib.
599 798 641 824 12
663 786 774 828 confesJ.
788 794 853 828 cap.
870 795 922 822 20.
943 796 995 830 24.
1012 783 1066 821 26.
1082 785 1123 818 Et
1137 797 1204 828 prae-

337 842 448 875 sertim
462 850 513 887 31.
526 840 607 872 Item
620 836 671 869 lsb.
689 847 719 884 3.
733 838 770 870 de
782 836 856 869 1108.
871 835 979 874 Christ.
990 846 1012 867 c.
1028 845 1072 881 27
1097 835 1205 880 Quem

335 891 479 938 sequitur
489 889 612 922 sanstus
622 886 775 920 Thomas
783 894 887 929 prima
897 894 986 927 parte
993 885 1127 926 quaest.t.
1144 895 1202 918 art.

338 950 392 977 10·
410 939 529 980 Estque
549 937 736 971 communis
759 938 842 970 inter
855 947 970 970 omnes
984 935 1183 980 Theologos
1195 960 1205 976 ‚

334 1000 373 1023 ac
392 986 685 1023 Commentaristas
715 999 722 1019 :
751 987 905 1020 docentes
925 1010 935 1026 ,
963 985 1053 1030 quod
1078 986 1135 1020 sub
1157 997 1203 1020 ea-

333 1038 409 1073 dem
431 1039 523 1072 litera
543 1037 740 1081 quandoque
770 1037 888 1070 lateant
902 1036 1007 1079 plures
1018 1035 1203 1070 sensuslite-

334 1089 435 1124 tales.
465 1088 508 1122 Et
534 1098 594 1132 pro
613 1087 766 1130 exemplo
779 1087 960 1130 particulari
973 1085 1074 1119 adfert
1088 1088 1203 1130 Augu-

334 1136 616 1182 stinussupralocis
625 1142 744 1177 citatis,
773 1147 884 1170 vocem
906 1142 1109 1178 principium:
1132 1146 1205 1178 ‘quae

334 1189 499 1232 aequivoca
511 1188 555 1222 est
567 1187 706 1233 respestu
720 1187 871 1231 principii
887 1189 1041 1228 temporis
1054 1211 1065 1226 ‚
1081 1187 1114 1220 δε
1126 1185 1204 1219 Ver·

334 1238 369 1274 bi
382 1239 521 1277 Divini,
547 1238 636 1282 quod
649 1237 693 1271 est
712 1238 910 1281 principium
927 1236 1012 1269 Patri
1029 1234 1200 1270 subauthor

332 1299 440 1323 ratum
461 1289 614 1323 omnium
635 1298 849 1322 creaturarum
863 1312 870 1319 .
899 1286 991 1320 Dicit
1002 1298 1079 1331 ergo
1091 1287 1122 1320 S.
1138 1285 1205 1318 Au·

331 1339 482 1384 gustinus
492 1350 606 1373 vocem
615 1344 794 1380 principium
808 1338 840 1370 in
859 1336 922 1370 hoc
941 1338 1028 1369 sacto
1044 1346 1201 1370 contextu

332 1387 437 1431 Genes.
445 1400 472 1424 1·
487 1391 530 1421 1n'
533 1393 680 1430 principio
690 1394 804 1421 creavit
817 1391 897 1420 Deus
910 1388 1011 1420 coelum
1023 1389 1056 1420 δ’
1067 1394 1178 1420 terram
1191 1410 1215 1434 ,Α

331 1439 406 1483 capi
429 1449 489 1483 pto
511 1448 648 1481 utroque
668 1435 731 1486 hoe
743 1439 800 1471 suo
813 1438 1032 1481 aequivocato·,
1060 1447 1095 1470 ut
1107 1437 1202 1470 faciat

331 1488 423 1522 hunc
436 1489 580 1522 sensum:
610 1488 747 1521 Patetin
762 1488 860 1522 initio
874 1488 1028 1531 temporis
1040 1511 1051 1527 ‚
1063 1498 1094 1520 at
1103 1487 1201 1521 etiam

330 1538 368 1572 in
382 1539 440 1572 suo
450 1538 522 1572 filio
532 1540 651 1572 creavit
663 1539 779 1571 coelum
791 1563 801 1578 ,
826 1539 859 1571 ὅ(
871 1549 988 1572 terram
1003 1562 1010 1568 .
1043 1536 1203 1578 Adeoque

330 1588 403 1622 vult
428 1587 520 1622 illam
544 1587 588 1621 ibi
612 1589 684 1631 capi
701 1583 882 1631 aequivoce.
909 1588 962 1620 De
976 1599 1042 1630 quo
1057 1587 1129 1621 vide
1140 1587 1202 1622 Lu·

329 1637 486 1672 dovicum
506 1637 671 1670 Molinam
693 1643 796 1679 prlma
818 1646 899 1679 part.
930 1637 1025 1680 qua-st.
1043 1648 1071 1673 1.
1085 1646 1202 1673 art.10.

330 1686 440 1734 disp.3·
469 1687 512 1720 Et
535 1685 687 1729 Vasquez
699 1687 808 1720 ibidem
820 1686 954 1734 disp.17.

382 1747 436 1784 39.
465 1737 543 1771 Hoc
566 1738 668 1780 ipsum
692 1738 819 1780 probari
840 1739 1011 1771 efficaciter
1034 1737 1137 1780 potest
1162 1748 1202 1770 ex

330 1788 436 1822 forma
461 1787 655 1822 Sanetiffimi
678 1786 1117 1822 SacramentiEucharistiz.
1146 1791 1205 1820 Hoc

330 1835 370 1877 6st
380 1843 589 1879 corpusmeum
604 1861 612 1867 .
640 1843 696 1870 Htc
719 1836 1003 1882 estsanguir¹meus.
1033 1838 1123 1871 Ante
1134 1848 1202 1870 om*

330 1886 387 1921 nia
413 1896 522 1921 tamen
545 1885 715 1928 suppono.-
742 1888 831 1929 quod
856 1887 912 1919 ista
926 1888 994 1920 duo
1007 1887 1203 1930 pronomina

331 1935 383 1969 boc
395 1937 429 1969 δε
442 1936 488 1968 bic
510 1935 555 1969 ibi
569 1937 917 1980 categorematizentur
928 1937 960 1969 &
971 1936 1202 1969 substantiven·

329 1995 405 2027 tur,
432 1997 470 2020 ae
482 1987 704 2030 supponantur
729 1996 787 2028 pro
799 1983 862 2018 hoc
875 1985 1204 2027 suppolitocontento

330 2036 391 2070 sub
416 2034 503 2070 hisce
526 2035 748 2070 accidentibus
770 2035 788 2068 λ
811 2046 863 2067 me
874 2034 1119 2067 demonstratis.
1151 2033 1204 2068 Ut

329 2085 383 2119 isti
410 2085 609 2120 sacratissimi
629 2094 802 2118 contextus
815 2104 825 2120 ‚
851 2087 908 2115 Hoc
926 2083 963 2122 est
975 2092 1076 2123 corpus
1087 2094 1204 2122 meum,

330 2137 383 2169 mc
406 2135 444 2175 est
460 2133 584 2177 sanguis
608 2144 686 2166 meus
703 2158 714 2173 ‚
742 2132 876 2165 reddant
905 2131 965 2164 hos
979 2133 1104 2165 sensus:
1134 2130 1203 2173 sup'-

329 2186 471 2228 politum
494 2194 688 2218 contentum
718 2182 773 2215 sub
789 2182 874 2215 hisce
887 2179 1107 2215 accidentibus
1122 2180 1139 2213 ὲ
1152 2190 1202 2213 me

330 2233 560 2270 demonstratis
593 2234 637 2266 est
672 2242 787 2274 corpus
813 2242 922 2264 meum
947 2255 957 2270 ,
994 2232 1037 2265 est
1077 2230 1204 2274 sanguis

329 2296 422 2321 meus
436 2310 444 2318 .
473 2291 534 2318 Hoc
549 2281 659 2324 pofiro,
681 2281 772 2322 probo
795 2282 874 2322 quod
901 2282 986 2313 dixi:
1016 2281 1105 2326 Qia
1115 2281 1203 2322 juxta

329 2344 445 2370 omnes
459 2332 677 2375 Theologos(
691 2332 870 2363 Durandum
885 2336 1004 2372 excipe)
1030 2331 1087 2364 ista
1100 2331 1202 2363 sacta-

329 2384 448 2420 tiffima
470 2381 565 2416 verba
583 2406 593 2422 ,
620 2381 697 2414 dum
723 2381 741 2413 a
762 2379 855 2414 nobis
881 2383 1107 2424 proferuntur,
1136 2381 1202 2423 sup·

330 2443 500 2481 ponuntur
510 2429 654 2466 assertive
665 2429 978 2465 fimul&recitative
991 2444 1001 2464 .-
1026 2430 1118 2474 atqui
1135 2441 1201 2463 non

327 2484 461 2531 possunt
485 2482 554 2516 istis
574 2479 704 2515 duobus
730 2480 837 2514 modis
858 2482 952 2524 capi,
979 2482 1036 2514 nifi
1063 2481 1121 2514 ista
1135 2481 1203 2513 duo

328 2533 527 2581 pronomina
538 2531 589 2565 boc
600 2532 634 2565 ἀ
645 2528 691 2563 bic
699 2533 869 2573 capiantur
882 2542 940 2574 pro
954 2531 1202 2574 suisaequivoca-

328 2586 391 2620 tis:
418 2594 497 2628 ergo
509 2582 609 2617 etiam
622 2579 686 2614 hoc
698 2581 772 2614 casu
786 2591 879 2614 voces
890 2582 1060 2625 aequivocae
1072 2580 1201 2623 capiun-

328 2646 383 2670 tur
404 2631 569 2676 aequivoce
582 2656 589 2665 .
619 2631 766 2665 Probatur
783 2637 899 2663 minor:
928 2632 1019 2678 Qia
1045 2631 1124 2665 dum
1145 2629 1202 2664 ista

330 2684 428 2720 verba
442 2685 614 2717 sumuntur
626 2680 794 2716 recitative
805 2704 815 2720 ,
840 2690 873 2713 tu
880 2693 919 2714 nc
937 2682 993 2715 ista
1006 2681 1201 2725 pronomina

328 2737 560 2779 supponuntur
583 2743 641 2776 pro
665 2730 889 2778 accidentibus
904 2730 993 2765 istius
1016 2731 1201 2775 panis&vi-

328 2787 365 2820 ni
395 2810 406 2826 ‚
450 2795 518 2829 quae
535 2784 568 2816 in
592 2781 742 2816 manibus
766 2779 879 2814 habuit
907 2805 918 2821 ,
945 2793 982 2815 ac
1004 2781 1201 2815 consecravit

329 2833 480 2871 Christus
494 2833 662 2867 Dominus
683 2830 823 2873 Noster3
850 2831 928 2864 dum
942 2832 1018 2865 vero
1029 2832 1202 2874 capiuntur

329 2884 501 2926 affertive,
524 2893 603 2918 tunc
624 2882 872 2924 supponuntur,
899 2892 936 2914 ae
957 2880 1141 2924 fignificant
1153 2891 1200 2914 ac-

330 2935 473 2970 cidentia
497 2933 588 2968 istius
614 2931 705 2975 panis
727 2932 760 2965 &
787 2931 876 2970 vini,
904 2941 973 2973 quae
991 2932 1024 2963 in
1053 2930 1203 2964 manibus

330 2984 452 3026 habet,
476 2996 515 3018 ac
539 2983 706 3017 consecrat
717 2980 871 3015 Sacerdos
886 2980 1086 3014 sacrificans:
1113 2981 1202 3025 atqui

333 3037 393 3071 ista
414 3031 596 3070 accidentia
615 3034 690 3066 sunt
710 3032 911 3075 aequivocata
935 3030 1068 3064 istorum
1081 3042 1204 3074 prono·

334 3087 484 3121 minum:
512 3083 571 3117 ista
597 3083 715 3126 quippe
727 3079 909 3115 accidentia
924 3092 989 3115 non
1006 3081 1076 3123 plus
1088 3091 1202 3115 conve·

335 3138 432 3170 niunt
456 3135 491 3170 in
511 3133 693 3179 fignificato
718 3130 888 3175 principali
911 3130 1000 3164 vocis
1011 3129 1061 3163 hoc
1072 3131 1203 3172 authlc,

337 3197 435 3228 quam
457 3183 658 3220 conveniant
680 3182 836 3215 Petrus&
848 3180 967 3215 Paulus
980 3183 1012 3213 in
1024 3180 1204 3225 fignificato

338 3235 507 3279 principali
531 3234 618 3267 vocis
639 3231 686 3264 bic
707 3231 808 3264 hamo.
837 3232 927 3277 Ergo
949 3232 1007 3265 ista
1028 3232 1122 3266 verba
1133 3232 1203 3275 capi

339 3294 506 3325 nequeunt
527 3281 672 3318 assertive
694 3281 786 3315 fimul
810 3282 843 3315 &
865 3279 1030 3315 recitative
1045 3306 1056 3322 ‚
1083 3282 1139 3315 nili
1157 3294 1206 3316 ca-

340 3331 469 3376 piantur
480 3345 536 3376 pro
546 3334 611 3368 suis
622 3331 831 3375 aequivocatis
844 3356 851 3363 .
878 3333 936 3366 Sed
946 3333 981 3364 de
995 3330 1043 3364 bis
1055 3333 1136 3366 dicat
1144 3333 1205 3375 plu·

339 3394 376 3415 ra
387 3380 540 3425 Theologus
552 3407 559 3414 .

908 145 1233 195 Drs'p'urm.
1273 150 1507 196 >enum
1542 151 1601 198 V.

1274 238 1393 280 poffint
1404 238 1584 284 aequivoce.
1611 239 1745 273 secanda
1755 238 1811 278 est:
1836 237 1937 286 Quod
1950 239 1983 273 id
1996 239 2144 283 quando-

1274 297 1336 330 que
1358 290 1425 324 fieri
1450 290 1545 333 poffit
1565 289 1631 324 fine
1652 288 1871 330 absurditate,
1895 301 1932 324 ac
1950 290 2140 324 confusione

1276 336 1380 373 sensus
1390 365 1397 372 .
1412 344 1573 383 Utramque
1582 351 1647 384 ergo
1656 346 1747 373 etiam
1760 338 1894 381 tonfirmo
1904 343 2016 372 ratione
2026 364 2034 372 .
2045 339 2141 386 Qia.

1277 399 1391 423 vocem
1404 391 1483 423 sumi
1507 390 1670 434 aequivoce
1688 390 1734 424 est
1757 400 1872 424 vocem
1885 389 1966 422 sumi
1979 399 2036 431 pro
2045 389 2141 433 pluri-

1275 437 1334 472 bus
1348 439 1411 472 suis
1424 440 1519 473 fimul
1532 441 1759 485 aequivocatis:
1787 440 1878 483 atqui
1890 436 1992 482 p‘otest
2003 439 2141 483 ae'quivo·

1268 486 1308 522 'ea
1333 499 1398 522 vox
1422 490 1617 534 quandoque
1637 490 1774 533 supponi
1788 501 1846 534 pro
1859 489 1922 523 suis
1932 487 2139 533 aequivocatis

1271 538 1338 572 line
1355 540 1544 574 confusione
1567 565 1578 581 ,
1614 551 1651 573 ac
1667 541 1874 574 distraffione
1894 540 2002 573 sensus
2027 549 2035 570 ι
2059 549 2143 582 ergo

1272 588 1374 632 potest
1396 589 1461 623 sine
1483 589 1725 634 incongruitate
1750 590 1948 633 quandoque
1959 587 2032 632 capi
2044 587 2142 630 aequi-

1273 637 1367 672 voce.
1397 639 1546 673 Probatur
1556 645 1651 672 minor
1663 652 1674 672 .·
1701 640 1791 686 Q-ia
1804 650 1916 674 vocem
1930 638 2069 682 supponi
2080 648 2141 680 pro

1273 689 1336 722 suis
1357 689 1562 730 aequivocatis
1582 688 1628 723 est
1651 688 1841 732 loquentem
1864 689 1946 723 velle
1959 700 2012 732 per
2024 698 2142 729 vocem

1271 739 1471 780 aequivocam
1492 739 1674 784 fignificare
1712 739 1804 773 fimul
1826 739 1915 781 plura
1939 739 2139 782 aequivocata.

1271 789 1359 830 ejus:
1382 789 1458 831 quia
1470 814 1481 830 ‚
1508 788 1635 822 utinfra
1646 786 1753 823 dicam
1767 813 1778 828 ‚
1804 788 1892 823 vocis
1904 788 2078 832 suppositio
2090 789 2139 820 ni-

1272 838 1317 872 hil
1329 838 1374 872 est
1387 839 1479 874 aliud
1491 864 1501 878 ,
1527 850 1626 881 quam
1647 839 1811 883 loquentis
1821 837 1966 879 volitio,
1990 849 2052 882 qua
2066 838 2138 871 vult

1272 900 1326 931 per
1338 900 1450 924 vocem
1466 890 1526 924 ase
1549 890 1707 933 prolatam
1729 888 1940 923 audientibus
1957 887 2140 933 significare

1271 939 1340 982 ejus
1363 940 1599 984 significatum.
1629 939 1736 982 Atqui
1758 939 1864 983 potest
1885 938 2142 982 quandoquelo-

1272 996 1374 1032 quens
1401 991 1482 1024 velle
1507 989 1574 1024 fine
1606 989 1796 1023 confusione
1817 989 1923 1023 sensus
1948 999 2003 1031 pet
2028 997 2139 1021 vocem

1267 1040 1469 1080 aequivocam
1487 1039 1669 1084 significare
1704 1038 1797 1072 simul
1815 1040 1907 1082 plura
1938 1039 2139 1082 aequivocata

1268 1089 1361 1132 ejus:
1384 1091 1406 1123 si
1429 1089 1552 1124 scilicet
1573 1088 1782 1123 audientibus
1794 1087 2016 1125 satisinfinuet
2025 1099 2067 1122 ex
2079 1087 2141 1121 cit·

1268 1139 1473 1174 cumstantiis
1495 1140 1651 1174 sermonis
1674 1140 1705 1174 se
1730 1136 1847 1175 habere
1866 1139 1967 1175 talem
1988 1137 2141 1177 volunta!⁴

1270 1198 1354 1223 tem.
1383 1188 1495 1235 Ergo,
1520 1190 1580 1224 ἃς.

1478 1339 1812 1376 DUBlUM
1862 1327 1984 1376 v1.'

1368 1440 1459 1483 ‚Quid
1487 1438 1525 1481 fit
1559 1451 1621 1474 vox
1654 1442 1781 1484 analoga
1814 1442 1828 1474 ἓ
1862 1438 1951 1483 ,Quid
1977 1436 2039 1480 fine

1613 1492 1791 1533 analogum?

1267 1598 1322 1636 41.
1463 1588 1539 1632 Esp.
1560 1591 1595 1624 et
1617 1592 1679 1624 dico
1698 1593 1820 1632 prima:
1847 1589 1926 1624 VoSr
1939 1588 2075 1632 analoga
2085 1585 2133 1629 el}

1481 1650 1546 1673 vox
1567 1641 1750 1685 significans
1769 1640 1857 1684 plura
1881 1641 1915 1674 in
1935 1642 1994 1674 suo
2005 1634 2137 1673 formali

1268 1687 1452 1733 significato
1477 1690 1592 1732 partim
1603 1690 1856 1730 convenientia,
1882 1690 1998 1734 partim
2009 1688 2136 1725 discotu

1270 1740 1431 1773 venientia
1451 1752 1463 1772 .·
1489 1740 1720 1775 convenientia
1742 1740 1875 1784 quidem
1896 1741 1933 1774 in
1953 1738 2135 1783 fignificato

1268 1788 1399 1823 formali
1414 1786 1553 1832 vhabito;
1578 1790 1867 1825 disconvenientia}
1879 1788 1956 1823 vero
1977 1792 2011 1822 in
2032 1787 2134 1828 modo

1267 1836 1411 1872 habmdi
1431 1837 1513 1872 illud
1527 1863 1534 1871 .
1564 1841 1605 1873 Id
1620 1840 1677 1880 est:
1704 1839 1783 1874 Vox
1800 1840 1939 1884 analoga
1965 1837 2010 1882 est
2022 1848 2089 1871 vox
2099 1836 2136 1869 fi·

1268 1888 1430 1933 gnificans
1451 1888 1543 1933 plura
1567 1889 1655 1925 idem
1665 1890 1756 1924 suum
1769 1890 1904 1924 formale
1915 1888 2135 1933 significatum

1268 1938 1445 1976 habentia,
1471 1949 1509 1972 ac
1533 1941 1758 1983 participantia
1769 1940 1896 1974 diverso
1908 1937 2073 1977 habendi,
2097 1947 2138 1977 ae

1271 1987 1485 2029 participandi
1507 1989 1631 2030 modo;
1658 1989 1744 2023 verb.
1760 2000 1808 2032 gr·-
1831 2000 1898 2023 vox
1915 1986 2046 2031 sanum,
2072 1996 2138 2027 VO*

1268 2037 1408 2080 analoga
1419 2036 1464 2076 est
1493 2038 1630 2080 respectu
1643 2039 1815 2078 animalis,
1842 2037 2054 2071 medicinae&
2067 2035 2139 2075 urie·

1270 2095 1337 2117 ns:
1366 2085 1441 2126 quia
1450 2085 1494 2116 est
1510 2097 1572 2117 vox
1583 2088 1766 2129 significans
1790 2087 1846 2120 illa
1862 2086 1952 2128 plura
1965 2085 2000 2118 in
2013 2087 2073 2117 suo
2084 2096 2139 2126 eo?

1268 2133 1342 2166 dem
1364 2133 1493 2165 formali
1518 2133 1702 2176 significato
1728 2134 1843 2177 partim
1868 2132 2100 2167 convenientia
2120 2145 2136 2172 ·,

1269 2183 1384 2225 partim
1416 2181 1698 2217 disconvenientia
1719 2207 1726 2215 .
1765 2182 1993 2227 Significatum
2015 2182 2139 2228 quippe

1268 2231 1405 2266 formale
1418 2230 1505 2264 vocis
1517 2230 1626 2274 sanum
1645 2233 1690 2267 est
1715 2234 1854 2274 sanitas3
1883 2233 1916 2266 in
1929 2242 1992 2274 qua
2005 2231 2063 2265 ista
2075 2231 2138 2267 tria

1270 2281 1383 2324 partim
1396 2282 1601 2315 conveniunt
1613 2305 1624 2321 ,
1651 2283 1767 2325 partim
1779 2282 2030 2316 disconveniunt
2041 2291 2138 2324 :cong

1269 2332 1405 2364 veniunt
1428 2331 1518 2363 enim
1542 2331 1577 2363 in
1603 2332 1743 2365 sanitate
1761 2330 1871 2365 habita
1891 2355 1902 2372 ,
1940 2330 2053 2365 omnia
2073 2330 2141 2373 trip,

1270 2381 1359 2415 enim
1371 2379 1493 2414 habent
1505 2380 1539 2413 in
1551 2380 1583 2414 se
1596 2381 1789 2423 sanitatem;
1818 2380 1870 2415 sed
1883 2380 2137 2423 disconveniunt

1268 2432 1301 2467 in
1326 2432 1428 2464 modo
1453 2429 1612 2464 habendi.
1641 2432 1729 2465 Nam
1752 2431 1872 2465 animal
1893 2428 2136 2471 haberiusesa÷

1268 2481 1402 2514 nitatem
1424 2480 1627 2520 formaliter,
1654 2482 1737 2515 ficut
1760 2480 1934 2523 subjectum
1956 2481 2044 2514 suam
2071 2480 2136 2512 for·

1269 2541 1373 2565 mam:
1401 2530 1565 2564 medicina
1588 2529 1686 2565 habet
1701 2531 1790 2564 illam
1805 2530 1985 2563 virtualiter
1996 2530 2047 2562 seu
2058 2528 2136 2562 etni-

1270 2591 1399 2619 nenter,
1426 2579 1507 2613 ficut
1525 2580 1631 2614 caussa
1654 2582 1747 2613 suum
1758 2580 1926 2613 effedtum:
1954 2577 2134 2618 urinavero

1267 2629 1364 2664 habet
1386 2628 1475 2663 illam
1496 2629 1746 2672 repraesentative
1765 2630 1827 2663 five
1851 2629 2134 2667 intentionaliter,

1267 2691 1308 2715 eo
1330 2680 1432 2714 modo
1454 2690 1521 2722 quo
1541 2680 1666 2723 lignum
1692 2678 1809 2713 habere
1820 2679 2000 2712 soletsuum
2013 2677 2137 2721 signifi-,v

1266 2741 1375 2765 catum
1397 2753 1404 2761 .
1431 2729 1587 2763 Similiter
1610 2741 1675 2763 vox
1699 2729 1781 2762 bomo
1797 2729 1937 2771 respectu
1959 2727 2136 2775 hominum

1269 2781 1357 2821 vivi,
1383 2779 1483 2822 picti,
1508 2780 1542 2814 &
1564 2780 1704 2813 mortui:
1731 2779 1809 2813 item
1830 2790 1894 2812 vox
1907 2787 2024 2813 acutum
2034 2777 2137 2820 κείρω,

1267 2832 1318 2864 stu
1330 2827 1476 2875 gladii&
1488 2829 1613 2874 ingenii
1625 2853 1637 2870 ,
1662 2840 1727 2862 vox
1749 2829 1879 2862 calidum
1892 2829 2031 2872 respectu
2045 2827 2132 2872 ignis

1268 2882 1301 2915 &
1329 2880 1404 2914 solis
1425 2904 1436 2920 ,
1463 2880 1523 2914 &c-
1543 2880 1617 2912 sunt
1638 2889 1735 2913 voces
1755 2879 1921 2923 analogae:
1950 2877 2137 2923 significant¹

1266 2931 1358 2965 enim
1380 2930 1439 2963 ista
1453 2929 1543 2972 plura
1563 2928 1650 2963 idem
1664 2930 1755 2963 suum
1768 2929 1904 2963 formale
1916 2929 2133 2973 significatum

1269 2980 1396 3016 diverso
1423 2979 1526 3013 modo
1549 2978 2013 3023 participandiparticipantia.
2041 2976 2138 3026 Nam,

1270 3031 1385 3066 eadem
1404 3028 1606 3072 humanitas,
1635 3040 1704 3072 quae
1723 3028 1811 3062 estin
1824 3028 1961 3062 homine
1973 3027 2048 3063 vivo
2070 3037 2134 3059 rea·

1271 3082 1364 3120 liter,
1390 3080 1467 3113 ficut
1489 3090 1602 3114 natura
1622 3082 1656 3113 in
1679 3078 1861 3122 suppofito,
1888 3078 1932 3111 est
1946 3077 1980 3111 in
1993 3077 2078 3119 pisto
2089 3074 2137 3114 fi-A

1272 3129 1527 3171 militudinarie,
1556 3130 1632 3164 ficut
1651 3129 1866 3174 significatum
1890 3127 1924 3160 in
1950 3127 2058 3171 (igno.
2088 3126 2133 3160 Et

1273 3181 1358 3215 idem
1369 3182 1414 3215 est
1433 3181 1473 3214 de
1484 3180 1556 3214 aliis
1565 3179 1722 3223 exemplis
1734 3177 1877 3212 adductis
1887 3203 1894 3210 .

1322 3241 1378 3277 42.
1404 3230 1634 3265 Conclufionis
1654 3241 1691 3263 ac
1701 3227 1904 3263 definitionis
1915 3229 1958 3262 ita
1969 3226 2136 3270 explicatae

1275 3281 1434 3314 rationem
1445 3280 1600 3323 desumpfi
1610 3291 1652 3313 ex
1667 3278 1824 3321 Caietano
1836 3303 1847 3319 ,
1868 3282 1905 3311 In
1913 3276 2004 3320 opusc.
2013 3286 2089 3322 tama
2102 3286 2138 3322 3..

1275 3328 1365 3373 opusc.
1381 3343 1412 3377 5.
1422 3339 1485 3373 cap.
1498 3331 1578 3377 41⁷&
1590 3340 1619 3376 9.
1644 3329 1732 3375 Qia
1746 3340 1809 3363 vox
1821 3326 2009 3371 analogaest
2023 3325 2137 3359 media

1278 3383 1359 3414 inter
1377 3383 1572 3424 aequivocam
1596 3379 1630 3412 δε
1651 3380 1824 3413 univocam
1848 3391 1860 3422 ,-
1888 3388 1998 3412 natura
2023 3385 2132 3409 autem

390 3440 445 3476 40·
473 3431 653 3473 Responfio
677 3419 783 3485 nostra
795 3432 875 3467 duas
885 3430 982 3467 habet
994 3410 1209 3476 partesi¹Pri·
1279 3431 1379 3465 medii
1404 3442 1444 3466 ex
1462 3429 1823 3474 extremisvcolligenda
1844 3428 1909 3462 est:
1936 3425 2031 3461 debet
2042 3425 2134 3464 enim

342 3479 455 3521 maest.
475 3480 587 3530 qud
610 3492 706 3517 voces
735 3484 910 3528 aequivocae
920 3483 991 3527 capi
1007 3480 1204 3528 quandoque

1282 3481 1426 3518 medium
1438 3480 1500 3518 effe
1508 3489 1659 3516 neutrum
1679 3489 1879 3523 extremum;
1905 3475 1960 3513 sed
1970 3474 2138 3522 participa·

1947 3545 1951 3550 ⁵
2057 3536 2090 3559 [e
