2384 3770
842 99 1518 152 Derenstonts.

276 184 505 227 dtamlaepadem
516 187 838 234 examinaeeaefucaerum
859 185 1029 226 ammefl·
1055 183 1141 220 ΚΜ·

276 244 430 277 susmore
440 241 498 275 suo
509 240 688 282 affirmant,
696 245 840 285 arguunt
843 239 998 287 ,culpant
1008 252 1018 282 ς
1030 248 1143 276 verum

276 289 363 328 nihil
375 290 512 326 rationis
531 291 707 332 adferunt,
733 288 817 323 nihil
833 289 992 334 probant.
1016 289 1142 332 Confer-

275 348 436 376 maetionem
445 343 525 385 quod
544 346 656 375 attinet
671 366 684 383 ,
711 337 986 380 conformationem
1007 350 1091 384 agere
1104 339 1142 381 est

274 391 417 425 aeliam
437 391 685 434 confirmativam
704 401 745 424 en
758 386 819 432 sua
839 395 967 424 caretate
985 384 1119 425 emittere
1131 415 1139 423 .

274 439 445 484 Respondeat
460 466 472 482 ‚
496 439 670 484 boefalsum
687 439 745 481 est,
773 440 950 482 &procedit
972 441 1093 475 tamem
1101 446 1140 473 ‘in

273 490 435 525 aeronibus
447 500 503 534 per
514 494 733 526 emanationem
745 514 756 531 ‚
783 500 841 524 non
848 497 902 533 per
915 489 1139 533 transmutatio-

272 552 342 576 nem
355 566 366 582 ,
394 551 429 574 ur
449 547 484 574 in
503 540 655 573 anditione
674 565 686 580 ,
712 538 842 582 visione,
873 542 909 575 et
938 540 1006 584 ipsa
1026 551 1140 584 quoque

272 590 522 633 conformatione,
543 601 614 633 quae
637 588 748 634 &ipsa
763 590 841 626 amo
851 589 943 632 hujus
947 597 1069 640 generis
1079 590 1138 633 est5

271 649 420 683 utpam.
445 640 510 675 Sed
531 641 677 684 profeao
697 642 829 677 erratis,
855 640 1044 684 Propositio
1065 651 1137 675 mea

269 690 316 724 est
338 699 438 734 quam
461 690 726 726 universaliffime
755 701 831 726 vera
853 702 862 723 :
898 690 982 726 Non
1004 690 1040 725 in
1061 690 1138 726 solis

269 738 452 775 actionibus
471 740 668 775 emanativis
687 764 700 782 ,
725 739 779 776 sed
800 740 902 776 etiam
925 742 961 775 in
981 740 1138 776 omnibus

268 788 412 824 omnino
421 789 695 829 transmutativis.
722 790 766 824 Et
778 801 877 834 quare
896 792 1003 836 quaeso
1025 790 1136 824 inillis

268 839 480 884 procederet,
507 840 542 874 in
569 839 621 875 bis
643 838 718 875 vero
742 839 969 876 claudicaret?
995 839 1135 880 Nullum

268 888 366 924 video
376 889 646 932 fundamentum,
662 889 736 926 Vos
746 891 881 934 quidem
892 890 925 925 id
935 891 1133 938 affeveratis3

267 940 322 973 sed
335 940 452 980 iterum
460 951 551 975 more
562 940 668 974 vestro
681 941 771 975 nulla
789 942 917 983 ratione
930 951 987 976 aut
999 942 1134 975 auctori-

267 999 335 1027 tate
351 990 496 1033 probatis
515 1016 524 1024 .
552 989 644 1026 Dico
667 990 748 1036 ergo
774 991 967 1036 generaliter
986 1004 998 1025 .·
1025 988 1135 1036 Agere

266 1050 476 1085 quacumque
487 1040 615 1078 afflone
627 1064 638 1081 ,
648 1040 710 1075 five
720 1042 905 1077 emanativa
921 1066 933 1082 ,
959 1042 1025 1077 sive
1036 1042 1134 1075 trans—

265 1091 426 1125 mutativa
445 1114 457 1131 ,
482 1090 516 1125 id
538 1090 652 1133 parem
673 1092 793 1133 refert,
817 1090 904 1126 nibil
925 1091 971 1126 est
991 1090 1133 1125 omnino

264 1139 358 1175 aliud
369 1165 380 1181 ,
404 1150 502 1184 quam
513 1141 675 1183 amonem
686 1152 728 1183 ex
739 1141 794 1176 sua
804 1142 944 1182 entitate
965 1142 1113 1176 emittere
1121 1166 1132 1182 ,

264 1190 431 1235 eamque?
444 1191 498 1225 fua
510 1191 647 1227 entitate
657 1190 896 1235 dependentem
912 1194 1131 1231 &exeuntem

264 1237 383 1274 babere
394 1265 403 1274 .
428 1243 519 1274 Ratio
538 1240 596 1282 cst:
623 1241 715 1291 Qia
726 1242 812 1278 aetio
823 1243 857 1277 dc
869 1243 1000 1278 effeetus
1009 1242 1130 1276 debent

262 1288 306 1324 ab
325 1300 445 1335 agente
469 1291 504 1330 ἀ
526 1289 689 1327 efficiente
712 1291 790 1328 vere
810 1291 993 1336 dependere
1016 1304 1024 1323 :
1050 1291 1130 1333 Hoc

261 1340 352 1374 enim
378 1341 442 1374 illis
457 1341 644 1384 quadratex
667 1342 811 1386 generali
832 1342 960 1377 ratione
981 1342 1129 1376 effeetus.

261 1389 494 1434 Ergo⁵debent
514 1391 698 1437 dependere
718 1393 767 1426 vel
789 1402 844 1437 per
861 1392 1128 1432 informationem

260 1438 557 1482 autinhaesionem,
582 1442 636 1486 vel
647 1453 702 1486 per
714 1442 936 1486 receptionem
958 1451 1016 1477 aut
1029 1442 1129 1484 subje-

259 1489 462 1532 stationem,
491 1492 542 1526 vel
566 1502 623 1535 per
646 1492 907 1526 finalizationem
929 1501 986 1524 aut
1001 1491 1127 1525 traffio-

248 1548 333 1573 .nem
344 1564 356 1580 ,
369 1541 421 1573 vel
434 1551 489 1591 5:1-
496 1541 623 1574 exitum
634 1539 669 1573 Gt
680 1538 916 1582 proceffionem
929 1552 937 1572 z
952 1539 1026 1584 Ego
1037 1541 1126 1582 enim

256 1589 370 1624 nescio
391 1589 492 1624 aliurn
515 1587 720 1632 dependendi
743 1587 898 1623 modum.
926 1587 1033 1632 Atqui
1056 1601 1125 1629 non

256 1637 441 1681 dependent
452 1649 504 1683 per
525 1637 796 1673 informationem
818 1646 875 1672 aut
893 1637 1100 1673 inhaefionem
1114 1652 1126 1672 .-

256 1688 346 1735 Qia
359 1686 423 1724 hoc
435 1687 600 1734 proprium
614 1687 660 1723 est
673 1688 805 1723 effestus
817 1688 963 1722 formalis
974 1712 982 1720 .
1003 1688 1124 1730 Neque

254 1735 356 1773 etiam
367 1750 421 1783 per
431 1739 651 1784 receptionem
662 1748 719 1772 aut
731 1738 999 1773 subiestationem
1012 1751 1020 1771 ε
1032 1739 1123 1786 Qia

255 1785 320 1821 hoc
333 1788 467 1831 quadrat
478 1789 536 1823 soli
549 1789 677 1823 effectui
689 1789 847 1822 materiali
859 1814 866 1821 .
895 1789 1013 1831 Neque
1024 1789 1122 1823 etiam

254 1847 309 1880 per
331 1838 589 1882 finalizationem
611 1847 668 1872 aut
694 1839 886 1872 traetionem
909 1851 917 1871 ε
944 1838 1033 1884 Qia
1056 1837 1122 1873 hoc

255 1889 422 1930 proprium
435 1888 480 1922 est
492 1888 619 1922 effestui
632 1888 723 1922 finali
739 1912 746 1919 .
775 1887 863 1932 Ergd
876 1888 1059 1931 dependere
1071 1889 1121 1921 de-

255 1935 335 1970 bent
354 1948 409 1979 per
429 1937 553 1972 exitum
579 1937 613 1971 &
638 1937 872 1980 proceffionem
891 1950 899 1969 :
930 1938 1009 1970 Hoc
1031 1939 1121 1971 enim

254 1988 421 2029 proprium
432 1988 476 2021 est
488 1987 611 2028 effectui
619 1989 732 2021 causiae
743 1987 930 2028 efficientis.
961 1987 1121 2031 Adeoque

254 2046 350 2081 agere
363 2035 447 2070 nihil
469 2038 571 2081 potest
584 2037 645 2070 effe
657 2036 746 2071 aliud
762 2062 773 2078 ‚
796 2048 894 2079 quam
907 2038 1072 2072 actionem
1085 2038 1119 2081 §t

252 2087 400 2120 effeetum
420 2098 460 2120 ex
481 2088 537 2121 fua
557 2088 692 2121 entitate
713 2086 884 2127 emittere,
910 2088 1118 2130 eumqueise

251 2135 459 2179 procedendo
469 2138 503 2170 dc
513 2137 667 2171 exeundo
677 2136 916 2176 dependentem
929 2147 938 2176 ς
950 2137 983 2168 &
996 2136 1118 2178 depen-

251 2183 362 2219 dendo
377 2195 551 2226 exeuntem
571 2184 606 2226 ὃς
619 2183 852 2227 procedentem
875 2183 1009 2218 habere.
1043 2186 1118 2228 Ego

251 2246 305 2268 me
317 2234 422 2268 castor
430 2245 498 2267 non
510 2233 610 2267 video
622 2256 633 2272 ,
648 2232 725 2275 quid
737 2233 822 2265 foret
834 2256 845 2272 ,
862 2243 918 2266 aut
932 2234 1002 2266 fore
1013 2235 1117 2276 posset

250 2283 341 2322 aliud
355 2308 362 2314 .
391 2282 434 2315 Et
448 2283 480 2316 id
490 2286 595 2327 magis
603 2291 712 2315 verum
725 2281 771 2315 est
792 2280 827 2315 in
839 2281 1023 2315 astionibus
1033 2291 1117 2315 tran-

250 2332 455 2373 smutativis,
482 2342 580 2374 quam
600 2331 814 2366 emanativis.
841 2330 946 2379 Qod
965 2341 1053 2374 patet
1075 2342 1116 2365 ex

249 2383 375 2418 usitatis
395 2394 433 2417 ac
456 2381 657 2417 canonizatis
678 2380 719 2415 de
735 2380 797 2416 hac
819 2382 950 2423 afflone
962 2379 1116 2424 loquendi

248 2432 420 2468 formulis.
446 2432 601 2467 Dicimus
610 2432 701 2466 enim
720 2430 761 2466 de
772 2431 878 2469 caussa
902 2431 1116 2465 transmutan-

248 2489 299 2517 te:
328 2480 433 2531 Qod
453 2484 615 2517 actionem
637 2484 727 2517 suam
747 2481 911 2526 diffundat
931 2492 988 2525 per
1009 2490 1114 2515 totam

245 2533 338 2568 suam
351 2531 506 2577 sphaeram
518 2557 529 2572 ‚
556 2530 660 2580 Qod
670 2532 792 2566 derivet
803 2531 895 2579 illam
906 2541 963 2576 pet
973 2532 1058 2575 passa
1072 2532 1115 2564 vi-

246 2584 373 2617 ciniora
384 2583 418 2616 in
434 2582 631 2624 remotiora;
658 2580 763 2631 Qod
773 2580 828 2615 det
851 2593 889 2616 ac
903 2581 1114 2626 imprimatil-

247 2635 312 2667 lam
334 2631 451 2666 fortius
473 2632 676 2665 &efficacius
698 2631 930 2673 vicinioribus,
957 2642 1054 2676 quam
1069 2644 1111 2665 re-

247 2680 465 2721 motioribus,
491 2677 596 2727 Qod
609 2680 700 2718 iilam
720 2681 898 2715 reverberet
911 2706 924 2721 ,
950 2682 1112 2721 reflectat,

247 2732 422 2776 refringat,
435 2730 497 2765 &c-
510 2729 615 2774 Atqui
627 2731 790 2765 actionem
801 2728 1004 2774 diffundere,
1032 2732 1112 2767 deti÷

247 2789 346 2822 vare,
373 2781 470 2822 dare,
496 2779 702 2824 imprimere3
730 2780 952 2823 reverberare,
977 2781 1111 2816 reflecte-

245 2840 281 2867 re
292 2857 302 2872 ‚
331 2832 514 2876 refrangere
525 2855 536 2875 ,
563 2831 624 2865 διε.
636 2830 729 2878 Quid
742 2854 754 2871 ,
780 2830 913 2875 inquam
925 2855 936 2871 ,
956 2829 1024 2865 haec
1036 2831 1109 2865 suut

244 2881 335 2917 aliud
348 2905 358 2921 ,
385 2888 484 2926 quam
506 2880 666 2916 actionem
687 2879 770 2921 ese,
796 2890 852 2915 ant
869 2880 887 2915 e
900 2881 954 2923 sua
974 2880 1110 2923 entitate

244 2932 416 2967 emittere?
443 2931 525 2975 Sunt
532 2931 664 2975 quidem
675 2931 738 2964 alia
751 2930 886 2965 nomina
899 2955 909 2970 ,
922 2931 1031 2966 veriam
1043 2942 1108 2966 una

243 2982 399 3017 &eadem
411 2992 460 3017 res
470 2982 662 3027 significata.
692 2980 781 3025 Ergo
802 2982 930 3016 afflone
952 2980 1108 3016 transmu—

243 3032 345 3067 tativa
355 3040 452 3078 agere
464 3030 549 3070 nihil
568 3033 612 3066 est
623 3031 765 3066 omnino
775 3031 864 3065 aliud
878 3055 889 3071 ‚
901 3042 999 3074 quam
1011 3032 1109 3066 afflo-

244 3093 322 3117 nem
340 3094 381 3117 ex
402 3081 462 3117 sua
480 3083 617 3118 entitate
636 3081 804 3116 emittere:
832 3079 922 3126 Ergo
944 3079 1019 3115 licet
1040 3079 1106 3117 haec

244 3142 316 3166 mea
336 3133 512 3175 propositio
534 3132 619 3167 male
632 3143 767 3178 negetur
787 3132 827 3165 de
837 3131 930 3177 omni
952 3132 1104 3174 astione3

245 3181 333 3226 peius
354 3189 464 3216 tamen
487 3192 623 3231 negatur
642 3182 684 3218 de
706 3182 953 3221 transmutativa
967 3207 979 3225 ,
1005 3193 1102 3228 quam

243 3232 284 3273 de
299 3230 483 3271 emanativa
499 3256 508 3264 .

1941 128 2031 184 343

1835 245 1905 287 xl.

1251 340 1467 381 examinatur
1486 345 1579 375 terna
1596 342 1846 391 Marpurgenfium
1856 345 1994 391 responso
2006 372 2015 383 .

1361 238 1737 284 CAPUT

1201 439 1297 534 Isti
1306 452 1385 479 meae
1394 440 1608 486 propositioni
1617 440 1745 477 tertiam
1752 443 1907 486 adhibent
1915 447 2065 493 Marpur-

1272 494 1386 537 genses
1397 492 1633 535 responsionem
1644 516 1656 533 ,
1682 490 1733 526 his
1746 494 1845 530 verbis
1857 508 1867 539 ;
1893 500 1993 531 Teme
2002 498 2062 543 res-

1195 543 1308 584 pendeo
1316 565 1330 583 ,
1356 541 1505 575 Actionem
1523 541 1775 584 confer-mamam
1797 554 1834 576 ex
1845 537 1911 592 μα’
1932 554 2060 583 mutate

1198 598 1331 627 emittere
1338 616 1350 633 ,
1378 592 1431 629 vel
1438 593 1571 625 mediare*
1581 616 1594 632 ‚
1620 591 1672 626 vel
1694 594 1886 627 immediate.
1913 599 1994 630 Licet
2006 604 2062 642 iggi-

1196 650 1247 679 tur
1257 653 1314 676 non
1327 643 1499 683 immediate
1508 642 1547 675 ab
1558 646 1659 675 anima
1666 644 1793 686 galllnae
1814 642 1878 678 baec
1900 645 1973 679 aava
1994 659 2062 681 con.

1189 692 1365 734 formativa
1379 690 1515 736 causetur
1527 716 1538 731 ,
1558 691 1598 733 fic
1608 701 1712 726 tamen
1732 694 1885 732 mediate.
1909 697 2059 731 mediante

1196 744 1244 780 illo
1246 742 1382 787 femineo
1390 765 1401 781 ‚
1425 754 1459 776 ac
1466 741 1593 783 prolifico
1598 740 1712 784 spiritu
1722 767 1734 784 ,
1758 748 1810 785 qui
1821 749 1937 778 virtute
1947 746 1968 781 ἃ
1978 746 2062 790 caus-

1191 791 1231 835 sa
1251 794 1415 835 principali
1434 798 1648 826 communicata
1665 797 1727 840 agit
1749 816 1757 823 .
1783 793 1964 838 Responsio
1991 795 2060 831 hee

1196 841 1295 878 etiam
1308 851 1419 886 peccat
1432 844 1466 877 in
1477 842 1606 877 multis.
1635 842 1751 882 Primo
1772 843 1854 888 ergo
1873 844 1982 878 anima
1993 847 2059 890 gal·

1197 893 1270 933 linae
1291 893 1433 928 absentis
1452 892 1564 936 nequit
1587 903 1682 936 agere
1703 894 1735 927 ὅ(
1749 893 1943 938 principiare
1962 896 2060 930 actio„

1196 952 1273 977 nem
1301 944 1573 978 conformativam
1601 954 1655 986 per
1682 942 1842 978 inclusum
1875 955 1942 979 ovo
1970 944 2062 980 semi-

1196 1003 1293 1027 neum
1306 1004 1344 1029 ac
1355 993 1538 1036 prolificum
1549 993 1696 1036 spiritum
1707 1007 1717 1026 .-
1744 993 1832 1041 Qia
1846 994 1921 1028 talis
1932 994 2060 1037 spiritus

1196 1042 1306 1077 nullus
1316 1054 1382 1077 ovo
1395 1042 1476 1078 inest
1495 1067 1506 1083 ‚
1532 1044 1582 1076 uti
1593 1042 1659 1086 jam
1669 1041 1738 1077 dixi
1750 1044 1877 1086 saepias.
1904 1044 2037 1079 Deinde
2047 1068 2060 1085 ,

1195 1093 1268 1127 talis
1288 1093 1415 1136 spiritus
1433 1094 1470 1126 fit
1481 1118 1491 1134 ,
1517 1104 1586 1127 non
1609 1093 1666 1136 fit3
1696 1091 1780 1127 nihil
1803 1092 1843 1128 ad
1866 1104 1933 1128 rem
1957 1095 2036 1129 facit
2046 1118 2055 1127 .

1194 1143 1381 1194 Qomodd
1392 1145 1481 1178 enim
1494 1143 1619 1189 gallina
1631 1144 1744 1177 absens
1767 1154 1822 1186 per
1846 1145 2028 1187 impressum
2039 1144 2058 1179 ὲ

1195 1195 1227 1227 se
1239 1193 1424 1237 prolificum
1437 1194 1584 1237 spiritum
1597 1194 1691 1236 poffit
1702 1194 1863 1227 astionem
1874 1195 2059 1232 conforma-

1196 1244 1297 1278 tivam
1306 1245 1445 1279 cauffare
1457 1267 1468 1284 ,
1478 1244 1512 1278 δε
1525 1242 1659 1286 quidem
1670 1243 1808 1277 cauffare
1819 1243 2058 1287 principaliter?

1195 1294 1327 1329 Etenim
1340 1294 1360 1327 si
1376 1292 1585 1328 solummodo
1596 1304 1651 1337 per
1662 1294 1810 1337 spiritum
1826 1292 2059 1331 intermedium

1193 1343 1262 1389 agit
1276 1368 1287 1384 ,
1313 1343 1521 1379 solummodo
1544 1344 1685 1377 mediate
1707 1344 1776 1387 agit
1795 1367 1804 1376 .
1831 1343 1880 1381 At
1900 1343 1924 1376 si
1951 1344 2059 1378 solum

1192 1393 1332 1431 mediate
1341 1419 1353 1435 ,
1379 1393 1550 1440 quomod&
1563 1391 1659 1427 vere?
1684 1393 1718 1427 Si
1736 1404 1804 1427 non
1815 1392 1890 1427 vere
1899 1418 1910 1434 ‚
1923 1403 2060 1437 quomo·

1190 1443 1236 1477 do
1246 1444 1480 1488 principaliter?
1490 1444 1573 1477 Illud
1585 1441 1670 1478 certe
1680 1453 1746 1489 ego
1755 1454 1822 1477 non
1834 1445 1929 1487 capio
1941 1468 1949 1475 .
1968 1443 2059 1477 Nam

1190 1495 1296 1530 caussa
1308 1494 1496 1539 principalis
1507 1494 1604 1529 debet
1616 1492 1778 1528 astionem
1790 1517 1802 1534 ,
1813 1492 1903 1536 cujus
1914 1493 1958 1527 est
1972 1493 2062 1537 caus*-

1189 1545 1221 1578 sa
1243 1546 1434 1588 principalis
1444 1570 1456 1585 ‚
1482 1545 1555 1578 vere
1583 1554 1698 1587 agere:
1725 1544 1834 1577 Debet
1854 1544 1944 1577 enim
1963 1543 2060 1577 illam

1190 1591 1432 1640 principaliter,
1459 1592 1592 1635 proptio
1607 1599 1732 1630 marte,
1756 1593 1951 1634 propriaque
1963 1593 2061 1627 virtu-

1188 1653 1221 1675 te
1231 1653 1325 1685 agere
1342 1666 1353 1679 .,
1381 1641 1429 1675 At
1441 1641 1519 1674 veto
1531 1640 1596 1675 haec
1608 1640 1723 1673 omnia
1746 1638 1891 1682 epitheta
1902 1639 2062 1685 fignifica-

1188 1691 1315 1725 tionem
1327 1691 1510 1733 vocisagere
1523 1687 1728 1733 dequaquam
1739 1689 1974 1732 impropriant,
1987 1702 2058 1724 non

1187 1741 1378 1777 diminuunt
1389 1764 1400 1781 ‚
1429 1751 1496 1774 non
1509 1737 1693 1773 distrahunt
1705 1762 1716 1778 ‚
1743 1749 1811 1773 non
1821 1739 1966 1773 alienant
1977 1763 1989 1780 ‚
2002 1740 2058 1775 sed

1186 1791 1204 1825 e
1218 1802 1334 1825 contra
1347 1789 1506 1824 attollunt
1518 1813 1530 1831 ,
1555 1788 1756 1829 nobilitant,
1771 1787 1867 1832 eique
1877 1788 2055 1832 quamdam

1186 1840 1366 1884 emphasim
1387 1840 1422 1873 ἀ
1449 1839 1711 1873 antonomasiam
1751 1838 1879 1873 donant
1903 1863 1911 1871 .
1938 1839 2057 1875 Caussa

1183 1889 1264 1934 etgd
1274 1888 1494 1932 principaliter
1507 1899 1608 1932 agens
1618 1887 1713 1922 debet
1723 1897 1816 1932 agere
1829 1887 1899 1922 vere
1912 1900 1920 1921 :
1948 1889 2056 1933 Atqui

1182 1939 1287 1973 cauffa
1298 1936 1439 1973 mediate
1448 1949 1547 1983 agens
1559 1949 1762 1993 nequaquam
1774 1938 1843 1983 agit
1856 1937 2059 1984 vere-Neque

1183 1989 1270 2024 enim
1284 1987 1423 2023 mediate
1431 1998 1525 2033 agere
1536 1987 1581 2022 est
1595 1987 1667 2022 vere
1676 1998 1771 2032 agere
1784 2014 1792 2023 .
1811 1988 1901 2033 Ergo
1911 1989 2034 2033 gallina
2043 2013 2056 2037 ,

1183 2050 1219 2083 ut
1233 2038 1508 2074 conformationis
1526 2049 1609 2082 opus
1622 2037 1695 2072 vere
1704 2047 1779 2082 agat
1791 2062 1802 2078 ,
1814 2048 1882 2072 non
1896 2039 1972 2073 sitis
1985 2039 2031 2075 est
2042 2063 2055 2081 ,

1183 2089 1310 2122 utillud
1323 2088 1465 2126 mediate
1485 2098 1581 2132 agat,
1607 2097 1640 2122 at
1650 2098 1733 2132 opus
1745 2087 1812 2127 est,
1834 2099 1870 2122 ut
1882 2099 1957 2133 agat
1969 2089 2054 2124 illud

1183 2137 1331 2180 proxime
1343 2137 1375 2170 ἀ
1389 2136 1593 2169 immediate.
1623 2136 1724 2180 Atqui
1734 2138 1860 2181 gallina
1873 2139 1986 2182 absens
1999 2150 2054 2173 ne-

1181 2187 1253 2229 quit
1269 2184 1350 2219 illud
1368 2186 1531 2229 attingere
1554 2185 1588 2220 <Sc
1601 2195 1696 2229 agere
1722 2188 1870 2229 proxime
1892 2188 1927 2221 ἀ
1939 2189 2054 2225 imme·

1181 2233 1268 2268 diate
1280 2248 1291 2267 .-
1317 2232 1503 2280 Qomodd
1514 2243 1595 2277 ergo
1616 2235 1711 2277 poffit
1725 2235 1809 2269 illud
1829 2246 1924 2280 agere
1938 2236 2057 2281 princi-

1182 2284 1295 2326 paliter
1305 2282 1322 2314 ἓ
1346 2281 1476 2317 Sincere
1503 2283 1597 2315 nullo
1610 2283 1713 2316 modo
1723 2307 1730 2315 .
1760 2285 1911 2318 Probatur
1933 2292 2049 2321 mlnor:

1181 2334 1272 2380 Qia
1283 2333 1304 2366 si
1315 2334 1420 2367 causta
1432 2331 1572 2366 mediate
1585 2342 1684 2376 agens
1703 2332 1736 2366 ὅ(
1747 2333 1886 2368 mediate
1898 2338 2046 2371 causians

1181 2383 1253 2426 vere
1263 2393 1371 2428 ageret
1379 2406 1390 2423 ,
1416 2392 1554 2427 vereque
1565 2383 1719 2420 caussaret
1730 2407 1741 2424 ‚
1768 2382 1791 2416 si
1803 2384 1943 2419 mediate
1953 2395 2049 2429 agere

1178 2433 1359 2468 &caussare
1379 2433 1464 2467 foret
1487 2431 1560 2467 vere
1581 2442 1677 2476 agere
1689 2456 1700 2472 ,
1727 2442 1863 2476 vereque
1883 2436 2022 2470 cauffare
2034 2461 2046 2478 ,

1176 2483 1242 2526 jam
1255 2492 1333 2517 avus
1344 2493 1436 2517 meus
1449 2491 1502 2517 me
1515 2482 1588 2516 vere
1596 2482 1763 2516 causasl‘et:
1791 2482 1864 2517 imo
1877 2495 1944 2518 non
1958 2486 2045 2520 solus

1176 2544 1255 2566 avus
1268 2544 1376 2577 meus,
1405 2533 1459 2568 sed
1481 2532 1515 2565 &
1530 2542 1621 2566 meus
1630 2531 1750 2566 abavus
1766 2557 1777 2572 ‚
1804 2544 1942 2578 proavus
1954 2558 1966 2575 ‚
1979 2545 2045 2570 ata·

1178 2594 1235 2617 vus
1246 2608 1256 2624 ,
1285 2584 1438 2623 tritavus,
1463 2582 1497 2616 &
1522 2582 1588 2625 ipse
1608 2581 1749 2625 denique
1772 2583 1894 2627 primus
1921 2583 2044 2620 Parens

1177 2632 1286 2668 Adam
1298 2643 1350 2668 me
1361 2632 1432 2666 vere
1444 2632 1558 2676 egisset
1567 2656 1579 2673 ‚
1606 2641 1742 2676 vereque
1754 2631 1787 2666 in
1801 2644 1918 2677 genere
1930 2637 2042 2669 caussae

1173 2682 1344 2717 efficientis
1363 2683 1535 2717 causasset:
1563 2680 1725 2731 Adeoque
1747 2680 1901 2723 homines
1922 2686 2045 2720 caussa-

1173 2733 1286 2771 rent&
1297 2744 1429 2778 agerent
1441 2743 1509 2767 non
1523 2740 1653 2766 tantum
1665 2743 1707 2767 eo
1718 2741 1865 2775 tempore
1876 2756 1887 2773 ,
1913 2743 1981 2776 quo
1993 2735 2042 2775 vi-

1174 2793 1255 2818 vunt
1269 2808 1279 2824 ,
1303 2783 1356 2817 sed
1366 2783 1464 2822 etiam
1476 2791 1610 2817 centum
1621 2806 1632 2823 ,
1641 2781 1732 2816 mille
1743 2805 1755 2822 ,
1766 2781 1814 2816 bis
1827 2782 1916 2816 mille
1927 2793 2035 2818 annos

1172 2832 1243 2877 post
1259 2833 1348 2866 suam
1372 2843 1512 2867 mortem
1535 2844 1543 2864 ε
1581 2831 1716 2867 Etenim
1733 2840 1799 2866 tam
1822 2833 1879 2866 diu
1896 2832 2037 2868 mediate

1171 2894 1272 2931 agunt
1294 2893 1348 2928 per
1357 2885 1479 2918 causias
1503 2881 1709 2916 intermedias
1725 2893 1742 2916 a
1767 2883 1798 2915 se
1821 2882 2037 2924 procedentes

1170 2936 1203 2980 ᾀ
1213 2934 1368 2968 derivatas
1380 2958 1391 2974 ,
1403 2931 1521 2977 quibus
1534 2931 1686 2966 virtutem
1697 2931 1860 2971 cauffandi
1872 2931 2034 2967 dederunt

1169 2984 1202 3030 ἀ
1215 2984 1438 3029 impresserunt
1450 3008 1457 3015 .
1471 2983 1582 3030 Qam
1596 2981 1843 3025 Philosophiam
1852 3005 1863 3022 ,
1875 2981 1897 3014 ss
1914 2993 1972 3016 vos
1984 2994 2034 3017 ve·

1167 3045 1236 3070 ram
1251 3045 1289 3068 ac
1302 3033 1483 3079 legitimam
1495 3030 1633 3067 credatis
1644 3055 1656 3072 ‚
1680 3042 1740 3066 oro
1753 3031 1875 3066 obnixe
1885 3041 1921 3065 ut
1940 3031 2032 3068 illam

1169 3085 1203 3119 in
1216 3084 1328 3120 Haffia
1351 3082 1461 3119 vestris
1471 3082 1578 3117 Cattis
1600 3082 1785 3123 retineatis.-
1812 3081 1885 3116 Nos
1899 3082 2006 3126 Belgae
2016 3107 2029 3126 ‚

1167 3134 1318 3169 homines
1331 3134 1453 3173 sumus,
1464 3131 1610 3176 adeoque
1620 3131 1831 3167 delicatiores.
1842 3132 1923 3166 Sunt
1937 3133 2030 3169 enim

1166 3185 1356 3222 haecomnia
1369 3181 1468 3229 longe
1489 3180 1728 3217 absurdiffima:
1762 3181 1853 3226 Ergo
1869 3182 1968 3216 etiam
1982 3192 2030 3217 ta-

1165 3235 1195 3270 le
1215 3234 1261 3269 est
1271 3244 1384 3268 eorum
1395 3231 1606 3268 antecedens:
1633 3231 1798 3275 Adeoque
1806 3230 1948 3266 mediate
1955 3241 2029 3277 age-

1166 3296 1198 3318 re
1210 3293 1414 3327 nequaquam
1428 3283 1473 3316 est
1485 3283 1558 3317 vere
1568 3291 1665 3327 agere
1675 3305 1683 3314 .
1693 3285 1741 3315 Et
1752 3286 1834 3316 rane
1841 3283 1960 3324 &priori
1969 3281 2008 3322 est
2015 3295 2027 3316 .-

1165 3335 1254 3383 Qia
1267 3333 1338 3379 vere
1346 3343 1441 3378 ¹agere
1450 3332 1494 3367 est
1515 3333 1677 3367 actionem
1698 3330 1772 3366 vere
1793 3330 1813 3365 e
1823 3332 1876 3366 sua
1888 3333 2026 3366 entitate

1164 3385 1310 3419 emittere
1333 3408 1344 3425 ,
1364 3382 1547 3418 diffundere
1566 3406 1578 3423 ‚
1602 3381 1747 3416 derivare
1775 3380 1830 3416 seu
1845 3381 1998 3416 eiaculari
2010 3404 2024 3420 ,

1161 3445 1298 3479 eamque
1314 3431 1430 3470 habere
1440 3434 1458 3469 a
1469 3433 1522 3468 sua
1533 3431 1674 3469 entitate
1684 3430 1756 3468 vete
1764 3430 1997 3476 dependentem
2009 3452 2022 3469 ,

1440 3496 1445 3499 ¹
1892 3489 1974 3512 vere·
