2384 3770
366 125 463 177 246

337 207 393 230 tna
417 205 531 229 carnea
555 207 567 227 .-
606 195 695 240 arqui
725 194 866 230 dulcedo
899 196 1034 240 quadrat
1055 209 1123 232 non
1147 196 1207 231 soli

339 245 502 287 supposito
532 244 621 279 lastis
643 258 652 288 ;
698 246 751 281 sed
772 247 872 281 etiam
893 246 1044 282 albedini
1066 248 1099 281 in
1121 248 1207 282 lastis

339 293 503 336 supposito
526 295 724 339 suppositatae
749 321 759 335 ‚
794 306 832 331 ac
854 296 1033 339 subjestaet:
1071 310 1150 343 ergo
1171 300 1205 331 in

337 342 406 377 istis
429 344 714 388 praedicationibus
734 346 950 391 significatum
971 347 1109 382 formale
1129 360 1206 392 prae·

337 391 437 428 dicati
459 396 594 438 quadrat
614 420 626 436 ‚
661 407 700 431 ac
731 397 884 440 quadrare
918 397 1116 440 significatur
1138 409 1204 432 tam

338 444 467 477 formali
491 469 502 486 ,
539 456 637 488 quam
662 446 819 480 materiali
842 447 1024 490 significato
1051 447 1198 490 subiefli.

339 493 489 529 Probatur
510 501 629 530 minor:
656 496 743 543 Qia
763 497 872 531 omnis
899 497 1025 533 forma,
1052 508 1119 539 quae
1129 510 1205 532 con-

335 545 450 580 cretim
473 548 615 589 expresia
636 546 787 589 quadrat,
813 558 850 579 ac
871 546 1021 579 affirmari
1042 549 1144 589 potest
1164 549 1204 582 de

338 595 401 631 alia
421 595 564 639 ejusdem
591 596 719 638 subjecti
733 597 835 629 forma
847 596 987 639 expressa
998 596 1178 632 abstraffim
1194 622 1203 638 ,

333 646 380 680 ita
404 645 582 687 quadrare,
608 645 910 680 acaffirmarietiatn
926 647 1025 688 potest
1038 647 1079 680 de
1090 648 1202 682 eadem

334 696 477 740 expressa
490 696 669 730 concretim
681 709 691 727 :
718 696 807 739 atqui
820 696 959 730 dulcedo
976 696 1010 730 ἀ
1022 697 1125 731 forma
1138 710 1200 731 car·

333 756 394 780 nea
406 770 417 786 ,
444 756 514 789 quae
534 747 608 780 sunt
634 745 813 790 significata
824 747 976 780 formalia
991 758 1108 781 vocum
1122 749 1203 781 dulce

334 796 367 830 ἃ
392 807 528 830 carneum
553 820 564 835 ‚
589 795 769 829 concretim
789 797 935 839 expressa:
956 796 1110 839 quadrare
1128 822 1138 837 ‚
1167 809 1204 831 ac

331 846 481 880 affirmari
503 847 632 888 possunt
654 845 695 878 de
716 845 866 880 albedine
891 848 925 881 δε
952 848 1061 881 anima
1089 847 1200 882 abstra-

332 896 408 930 stim
431 893 599 937 expressis:
627 895 791 937 dicendo,
820 897 930 930 Albedo
951 897 987 936 est
1008 899 1099 930 dulcis
1112 923 1122 939 ,
1138 904 1192 931 ani

330 958 382 979 ma
401 945 440 985 est
461 955 570 979 carnea
594 968 605 984 ‚
632 947 688 979 &a
711 946 799 990 Ergo
815 946 929 980 eadem
955 948 1122 988 dulcedo,
1147 959 1201 982 ea-

328 994 468 1038 demque
490 995 595 1028 forma
615 1006 727 1029 carnea
755 999 934 1031 concretim
955 999 1103 1041 expressae
1127 1010 1203 1042 qua·

326 1044 438 1086 dram,
464 1056 503 1079 ac
514 1045 663 1079 affirmari
678 1046 777 1080 etiarn
791 1049 919 1090 possunt
937 1048 978 1081 de
989 1048 1102 1082 eadem
1114 1049 1200 1082 albe-

326 1094 405 1130 dine
416 1119 428 1135 ,
455 1094 632 1139 eademque
644 1097 754 1130 anima
766 1099 945 1131 concretim
959 1097 1108 1140 expreffis
1121 1111 1131 1131 .-
1156 1099 1201 1131 di-

326 1143 462 1186 cendo,'
488 1146 593 1179 Album
616 1146 653 1186 est
678 1148 782 1188 dulce,
810 1154 977 1181 animatum
995 1148 1032 1186 est
1045 1156 1182 1181 carnonam
1195 1173 1203 1180 .

327 1196 420 1241 Ergo
447 1196 482 1230 in
504 1195 572 1230 istis
595 1197 868 1240 propositionibus
884 1197 1024 1231 dulcedo
1044 1197 1078 1231 ἀ
1099 1197 1203 1231 forma

328 1243 445 1280 carnea
468 1247 644 1290 quadrant,
673 1259 711 1281 ac
733 1249 890 1291 quadrare
910 1248 1113 1281 affirmantur
1133 1259 1201 1282 non

327 1296 407 1330 solis
430 1297 599 1339 suppofitis
620 1297 710 1331 lastis
729 1299 760 1331 ὅ(
775 1296 941 1340 hominis;
970 1298 1022 1331 sed
1036 1298 1199 1341 etiamipsr

326 1345 417 1380 lactis
440 1346 614 1387 albedini,
641 1348 764 1391 ipsique
786 1349 938 1391 suppositi
967 1346 1104 1384 humani
1129 1349 1201 1382 ani·

326 1407 388 1430 mae
400 1409 411 1429 .·
441 1405 538 1439 atque
551 1397 636 1430 adeo'
645 1396 682 1430 fit
703 1398 881 1441 appellatio
893 1409 960 1431 non
986 1399 1093 1432 solum
1106 1408 1204 1432 mate·

325 1446 415 1480 ‘rialis
437 1457 446 1487 ;
487 1446 539 1479 sed
559 1446 658 1480 etiam
686 1448 833 1482 formalis
856 1464 878 1480 .·
894 1449 1003 1489 Major
1023 1448 1069 1483 est
1095 1449 1180 1482 clara
1195 1473 1205 1489 ,

328 1495 523 1538 ostendique
539 1496 635 1530 facile
660 1497 762 1539 potest
776 1509 829 1541 per
845 1498 1067 1532 industionem
1081 1521 1091 1537 ,
1117 1510 1201 1543 v.gr.

326 1543 489 1589 quidquid
509 1547 690 1580 concretim
711 1548 890 1589 expressum
905 1549 1083 1581 affirmatur
1092 1547 1132 1582 de
1146 1548 1205 1581 hu-

325 1596 506 1634 manitate,
535 1595 737 1630 animalitate
749 1620 760 1636 ‚
771 1597 992 1631 rationalitate
1007 1622 1018 1638 ‚
1030 1599 1089 1631 dte.
1101 1598 1202 1632 etiam

325 1644 505 1680 affirmatur
517 1644 556 1679 de
567 1646 725 1685 animali,
755 1644 913 1686 homine,
934 1647 1113 1687 rationali,
1141 1649 1204 1681 &c-

327 1695 421 1739 Ergo
441 1695 634 1739 generaliter
652 1695 812 1740 quidquid
834 1697 1011 1730 concretim
1023 1697 1203 1740 expressum

325 1745 506 1780 affirmatur
530 1745 690 1790 dealiqua
704 1746 809 1779 forma
834 1745 1012 1780 abstractim
1036 1748 1179 1789 expressa
1194 1771 1205 1788 ,

324 1794 478 1830 affirmari
503 1795 602 1830 etiam
616 1796 719 1840 potest
743 1796 783 1830 de
806 1796 919 1830 eadem
946 1798 1127 1830 conci-etim
1153 1808 1205 1831 ex·

326 1845 429 1889 pressa
439 1869 446 1877 .
464 1844 581 1879 Minor
593 1846 670 1879 vero
681 1845 726 1880 est
740 1845 835 1881 valde
850 1847 1054 1881 controversa
1071 1859 1078 1879 :
1107 1857 1203 1891 quam

327 1895 444 1930 multis
466 1894 609 1937 probabo
631 1895 783 1929 inferius.

380 1956 437 1995 ²4·
466 1944 573 1984 Dixi,
600 1946 926 1989 ‚Quidquidconcretim
939 1946 1120 1988 expreffum,
1143 1943 1207 1986 five

330 2001 428 2029 omnis
440 1993 543 2037 forma
555 2019 567 2036 ‚
594 2007 659 2038 quae
678 2003 831 2030 concretim
843 1998 974 2038 expressa
985 1997 1156 2038 affirmatur
1169 1996 1208 2028 de

335 2047 397 2079 alia
411 2045 515 2087 firma
536 2044 704 2086 abstrafflm
729 2047 862 2089 expressa
883 2071 893 2086 ,
931 2047 1075 2086 affirmari
1095 2056 1207 2087 quoque

326 2095 418 2139 potest
428 2097 464 2128 de
474 2097 579 2129 eadem
593 2101 749 2128 concretim
763 2096 895 2135 expreffa
909 2118 916 2125 .
947 2095 1030 2126 Dixi
1047 2095 1180 2136 inquam
1194 2117 1204 2132 ,

332 2146 497 2189 ,Quidquid
515 2150 670 2178 conco-etim
693 2144 854 2186 expressum
878 2167 889 2183 ,
927 2144 983 2176 &a
1008 2142 1098 2189 Qia
1138 2152 1206 2175 non

331 2195 444 2229 omnis
465 2195 591 2233 forma,
619 2204 686 2237 quae
706 2192 885 2227 abstrastim
897 2193 1037 2234 expressa
1050 2191 1207 2234 quadrare

329 2246 366 2280 ὃς
383 2244 533 2278 affirmari
557 2243 660 2285 potest
683 2242 724 2275 de
744 2242 808 2275 alia
833 2243 938 2274 forma
960 2241 1139 2275 abstrastim
1153 2252 1207 2273 ex-

330 2296 455 2341 pressa,
481 2292 630 2326 affirmari
654 2291 757 2334 potest
779 2291 820 2324 de
843 2288 956 2323 eadem
978 2291 1119 2332 expressa
1131 2301 1207 2323 con·

331 2345 445 2382 cretim
459 2355 466 2374 ι
495 2343 575 2376 Non
597 2341 687 2375 enirn
700 2339 933 2375 benedicimus
945 2364 955 2379 ,
984 2346 1076 2375 Homo
1093 2338 1130 2379 est
1144 2345 1207 2372 am-

328 2396 456 2431 mamas
467 2402 520 2425 aut
536 2392 751 2432 rationalitas,
777 2392 854 2424 sicut
879 2390 1135 2431 benedicimus,
1157 2388 1210 2423 bu-

328 2450 461 2481 manltas
485 2441 522 2480 est
546 2442 723 2475 animalitas
750 2465 762 2481 ,
787 2450 842 2474 aut
863 2440 1055 2473 rationalitas
1080 2464 1087 2472 .
1127 2440 1209 2473 Dixi

327 2497 429 2532 etiam
442 2518 452 2534 ‚
481 2493 642 2536 ,Quidquid
649 2497 803 2525 concretrm
828 2491 991 2533 expreffum
1004 2490 1211 2532 affirmaripo-

327 2548 379 2588 test
402 2546 439 2579 de
461 2542 669 2586 aliquafirma
691 2540 862 2582 abstrac‘t'im
889 2541 1044 2582 expreffa,
1067 2540 1212 2581 affirmari

329 2606 441 2642 quoque
462 2592 555 2635 potest
574 2594 613 2626 de
633 2593 736 2627 eadem
761 2591 893 2635 expreffa
915 2595 1094 2624 concrenm:
1121 2590 1211 2638 Qia

329 2645 447 2682 servari
466 2643 562 2677 debet
575 2640 629 2677 hic
640 2644 723 2677 ordo
738 2655 744 2674 :
773 2653 842 2675 non
853 2641 944 2676 enim
960 2640 1122 2685 quidquid
1135 2652 1212 2674 con-

329 2697 445 2732 cretim
460 2694 642 2736 expressum
668 2693 843 2727 affirmatur
855 2692 895 2725 de
916 2691 1024 2735 aliqua
1038 2691 1143 2725 forma
1157 2703 1210 2725 ex·

328 2748 429 2794 pressa
450 2746 630 2777 concretim
643 2768 653 2784 ‚
678 2742 830 2777 affirmari
856 2741 960 2784 potest
976 2742 1019 2775 de
1029 2740 1142 2775 eadem
1157 2752 1209 2775 ex·

289 2790 295 2795 ⁸
330 2796 431 2841 pressa
444 2792 645 2827 abstractim.
674 2792 747 2827 Nec
757 2792 846 2826 enim
864 2792 947 2826 bene
960 2791 1101 2824 dicimus
1116 2814 1128 2831 ‚
1150 2797 1212 2826 Hu-

332 2851 466 2881 manitas
487 2842 526 2883 est
544 2843 663 2876 animal
689 2866 701 2883 ,
726 2842 801 2876 licet
821 2841 904 2876 bene
928 2840 1067 2875 dicimus
1081 2865 1091 2879 ‚
1120 2844 1213 2874 Homo

332 2896 372 2935 est
392 2895 525 2930 animal.
553 2893 608 2928 De
628 2892 745 2937 quibus
761 2891 917 2927 omnibus
929 2891 1022 2936 plura
1036 2888 1185 2926 inferius.

563 2993 864 3029 SECTIO
915 2990 972 3026 ΠΙ.

436 3079 646 3130 Examinatur
671 3095 738 3129 alia
765 3094 905 3137 quadam
935 3093 1115 3135 appellatio-

666 3151 715 3179 nis
741 3146 860 3189 regula.

337 3255 396 3294 23-
530 3250 653 3280 Ulntam
685 3247 819 3289 regulam
852 3245 995 3289 affignant
1026 3246 1215 3276 communiter

423 3245 514 3350 Q
543 3296 699 3332 maledica
708 3295 810 3329 banc.-
833 3294 924 3329 Cum
934 3303 1028 3329 voces
1038 3293 1214 3338 significan·

507 3357 553 3379 tes
567 3357 736 3381 numerum
750 3345 949 3380 cardinalem
962 3343 1151 3379 tribuuntur
1163 3353 1214 3376 vo-

341 3392 433 3429 cibus
444 3396 602 3429 concretis
624 3395 777 3438 adjefflve
802 3394 1082 3440 significantibus,
1107 3394 1214 3438 appel-

341 3444 410 3482 lent
421 3446 509 3493 super
527 3443 601 3479 illas
620 3447 687 3480 sola
709 3445 929 3494 appellatione
951 3444 1107 3482 materiali
1119 3455 1147 3480 v·
1169 3454 1215 3490 gr.

833 112 991 158 DtsP.
1029 110 1192 159 XVIII.
1235 109 1374 158 Dua.
1411 113 1469 158 11.
1504 113 1624 159 Sue.
1662 113 1720 160 ΙΙ.

1269 208 1346 232 eum
1356 198 1495 234 dicimus
1511 223 1523 241 ,
1549 200 1689 232 Viditm
1704 198 1785 232 athos
1797 223 1808 239 ,
1834 210 1903 234 vox
1923 207 1987 234 tres
1998 196 2139 242 appellat

1269 250 1359 292 supra
1399 260 1512 284 vocem
1535 249 1619 283 albos
1645 248 1867 293 appellatione
1889 248 2048 284 materiali
2069 258 2140 282 tan·

1267 298 1353 341 tum;
1383 298 1527 344 facitque
1537 298 1627 335 hunc
1644 299 1794 335 sensum':
1821 297 1902 332 Vidi
1913 309 1973 334 tres
1983 298 2137 333 babentes

1267 348 1472 386 albedinem.
1501 349 1589 385 Cum
1616 349 1693 384 ver&
1717 348 1905 384 tribuuntur
1917 347 2050 384 vocibus
2061 359 2138 382 con-

1267 399 1362 433 cretis
1385 399 1581 434 substantive
1600 398 1882 445 significantibus,
1905 397 2070 442 appellent
2090 399 2138 432 su-

1269 459 1323 490 pra
1342 447 1414 482 illas
1435 449 1656 493 appellatione
1679 450 1827 484 formali.
1856 448 1951 482 Hinc
1972 445 2051 482 falsa
2065 469 2082 488 a>
2100 458 2138 481 ac

1268 496 1415 533 haeretica
1438 499 1484 532 est
1510 500 1687 543 propositio
1705 514 1716 534 .·
1745 502 1860 540 Pater,
1887 498 2006 537 Filius,
2035 496 2140 537 &52¹¹

1264 553 1342 582 ritus
1372 548 1497 582 sanans
1514 548 1587 592 sunt
1609 559 1671 583 tres
1682 553 1754 583 Dii.
1783 551 1875 597 Qa
1887 560 1954 584 vox
1966 558 2025 581 tres
2036 544 2142 590 appel·

1267 598 1311 631 lat
1332 623 1343 638 ,
1369 609 1406 632 ac
1429 598 1607 633 trinitatem
1627 599 1646 632 a
1667 599 1698 632 se
1719 600 1898 634 formaliter
1923 596 2143 649 significatam

1266 646 1358 691 ponit
1384 660 1454 683 non
1481 650 1572 693 super
1595 648 1739 682 Deitatis
1758 649 1914 695 supposita
1936 660 1947 692 3
1965 647 2026 683 -sed
2048 646 2142 689 supra

1269 698 1371 741 ipsam
1398 697 1564 733 Deitatem
1589 698 1610 732 a
1635 709 1716 733 voce
1729 701 1782 731 Dii
1793 695 2143 743 deformalifignifica·

1267 758 1331 782 tam
1351 760 1359 780 ι
1390 747 1536 792 adeoque
1546 749 1628 783 facit
1638 748 1892 793 appellationem
1902 748 2092 786 formalem,
2104 755 2142 779 ac

1268 797 1354 832 hunc
1373 799 1499 833 sensum
1515 813 1526 833 .·
1539 802 1576 832 In
1588 800 1707 833 divinis
1715 797 1789 843 sunt
1798 806 1860 834 tres
1871 799 2008 842 Destates
2022 794 2144 841 .Qod

1266 846 1449 883 haereticum
1468 848 1512 882 est
1525 873 1533 881 .

1316 898 1370 935 26.
1399 900 1545 934 Sumitur
1568 898 1634 934 haec
1654 899 1766 945 regula
1775 910 1817 934 ex
1828 900 1946 934 Sansto
1957 897 2093 933 Thoma
2105 904 2137 940 3.

1261 949 1452 992 part.quaest.
1466 961 1496 996 3.
1510 957 1566 982 art.
1581 951 1611 984 6.
1623 951 1667 983 ad
1679 960 1707 986 ι.
1722 950 1764 985 Et
1784 962 1810 987 1.
1825 958 1909 992 part.
1922 947 2142 995 quaest.‚39.art.

1268 1011 1296 1047 3.
1310 1007 1365 1041 per
1389 1010 1499 1033 totum.
1531 999 1573 1033 Et
1596 1010 1636 1032 ex
1657 1000 1818 1043 Cajetano
1840 999 1982 1034 ibidem:
2008 998 2143 1041 sequun-

1266 1061 1381 1093 turque
1405 1051 1553 1084 moderni
1577 1048 1794 1093 Philosophi,
1821 1061 1858 1084 ac
1869 1049 2144 1093 Theologicom·

1270 1101 1413 1134 munirer
1429 1124 1436 1132 .
1466 1098 1579 1133 Probat
1607 1099 1735 1133 Sanllus
1748 1099 1876 1133 Thomas
1885 1101 2016 1143 regulam
2028 1097 2146 1131 hacmo-

1264 1150 1319 1181 do:
1349 1149 1439 1196 Quia
1461 1150 1592 1184 termini
1616 1149 1795 1184 numerales
1814 1150 1980 1194 appellant
2002 1149 2094 1191 supra
2105 1145 2145 1179 fi-

1267 1199 1463 1243 gnificatum
1475 1199 1655 1243 principale
1668 1201 1758 1234 vocis
1769 1224 1780 1241 ,
1797 1200 1852 1234 cui
1863 1199 2073 1234 tribuuntur:
2099 1205 2146 1231 at·

1267 1250 1321 1292 qui
1347 1259 1443 1283 voces
1468 1259 1627 1283 concreta
1648 1250 1812 1293 adjectiva:
1823 1261 1883 1294 pro
1893 1248 2075 1294 fignificato
2086 1248 2145 1281 suo

1268 1299 1439 1343 principali
1474 1297 1597 1335 babent
1631 1300 1830 1344 suppolitum
1856 1300 1910 1334 seu
1934 1298 2111 1342 subjectum
2132 1306 2145 1337 ς

1269 1360 1364 1383 voces
1391 1349 1470 1383 vero
1492 1359 1650 1384 concretae
1669 1349 1872 1384 substantiva:
1892 1360 1952 1393 pro
1961 1347 2147 1393 significato

1269 1400 1326 1433 suo
1352 1399 1521 1443 principali
1546 1399 1667 1434 habent
1678 1398 2075 1442 formamsuppofitatam:
2100 1405 2148 1429 er·

1268 1460 1313 1494 go
1334 1461 1410 1483 cum
1436 1460 1530 1484 voces
1542 1450 1598 1483 seu
1624 1450 1755 1485 termini
1770 1448 1950 1484 numerales
1960 1446 2148 1481 tribuuntur

1268 1498 1319 1532 his
1343 1498 1481 1533 vocibus
1495 1523 1507 1539 ,
1532 1498 1659 1533 faciunt
1682 1500 1878 1541 formalem;
1903 1509 1979 1533 cum
2001 1494 2075 1530 ver&
2095 1496 2149 1529 tri-

1270 1549 1414 1583 buuntur
1441 1548 1508 1583 istis
1532 1572 1544 1589 ,
1574 1549 1700 1583 faciunt
1724 1549 1979 1592 appellationem
2002 1545 2149 1581 materia-

1270 1599 1334 1633 lem
1358 1623 1367 1631 .
1405 1598 1499 1632 Hinc
1522 1599 1545 1631 si
1578 1597 1692 1633 eadem
1725 1597 1842 1633 albedo
1868 1598 2059 1635 informaret
2086 1595 2149 1631 tria

1269 1648 1433 1690 subjecta,
1460 1647 1548 1682 verb.
1561 1657 1643 1692 grat.
1669 1658 1732 1682 tres
1751 1643 1925 1690 homines3
1951 1645 2034 1685 redte
2062 1645 2152 1680 dice·

1269 1709 1379 1732 rentur
1404 1696 1451 1731 ibi
1479 1698 1542 1731 effe
1562 1697 1623 1731 tria
1651 1697 1747 1732 alba:
1773 1698 1849 1740 quia
1870 1698 1978 1732 forent
1991 1697 2053 1730 tria
2067 1693 2151 1729 albe-

1269 1747 1382 1782 dinem
1413 1747 1568 1782 babentia
1601 1747 1762 1791 supposita
1785 1773 1792 1781 .
1830 1747 1912 1782 Non
1947 1757 2058 1780 tamen
2081 1743 2151 1780 dici

1271 1798 1402 1841 possunt
1426 1808 1488 1831 tres
1500 1797 1560 1831 Dii
1569 1821 1580 1837 ,
1613 1797 1687 1831 licet
1700 1798 1760 1832 sint
1773 1798 1834 1831 tria
1847 1798 2014 1831 Deitatem
2024 1793 2148 1830 haben.-

1268 1847 1313 1882 tia
1335 1847 1515 1892 supposita:
1542 1846 1619 1889 quia
1643 1858 1711 1882 non
1734 1849 1806 1881 sunt
1830 1857 1894 1881 tres
1920 1846 2089 1883 Dejtates.

1318 1907 1375 1944 27.
1404 1898 1531 1942 Magna
1553 1897 1640 1941 apud
1662 1909 1715 1932 me
1745 1898 1867 1940 semper
1889 1896 1923 1935 ἀ
1956 1893 2078 1938 ubique
2099 1893 2149 1934 est

1272 1945 1460 1980 Auctoritas
1479 1948 1513 1980 δε
1535 1946 1733 1981 Reverentia
1747 1947 1854 1980 sanai
1874 1944 2037 1983 Thema-z
2066 1942 2151 1979 rime·

1271 1995 1332 2030 rim
1358 2005 1467 2030 tamen
1492 1994 1553 2029 bac
1574 1994 1608 2029 in
1636 2007 1725 2039 parte
1736 2006 1803 2030 non
1815 1994 1940 2038 possum
1955 1990 2152 2032 illiadhaere-

1271 2057 1321 2080 re.
1349 2047 1440 2080 Dico
1462 2056 1563 2089 ergo,
1588 2046 1677 2089 quod
1697 2045 1829 2082 termini
1851 2044 2032 2079 numerales
2045 2066 2056 2084 ,
2073 2043 2151 2077 >five

1272 2095 1458 2134 tribuantur
1468 2095 1603 2128 vocibus
1614 2096 1776 2128 concretis
1788 2094 1952 2136 adjeffivis
1961 2119 1972 2134 ,
1997 2091 2062 2127 five
2074 2091 2149 2127 sub-

1271 2142 1418 2176 stantivis
1438 2166 1452 2182 ‚
1489 2143 1610 2184 semper
1635 2142 1670 2176 ὅ(
1692 2140 1813 2185 ubique
1835 2143 1926 2184 supra
1951 2136 2024 2175 illas
2046 2141 2156 2184 appel-

1271 2193 1342 2226 lant
1361 2191 1431 2226 fola
1452 2190 1880 2235 appellationepmaterialss
1905 2202 1974 2225 non
1998 2191 2076 2224 vero
2096 2201 2152 2234 ap—

1272 2241 1451 2284 pellatione
1474 2240 1623 2274 formali.
1647 2242 1701 2275 -ltn
1725 2239 1904 2274 Gabrielin
1918 2239 2149 2287 &dist-³142-

1271 2298 1330 2323 ονε.
1333 2298 1367 2334 3.
1379 2289 1449 2323 dub.
1459 2300 1491 2335 4.
1506 2290 1550 2322 ad
1562 2301 1591 2326 a
1606 2288 1742 2332 Aliique
1762 2289 1958 2323 Nominales
1969 2289 2154 2327 communi-

1271 2350 1338 2375 ter.
1367 2343 1413 2373 Et
1420 2339 1531 2382 probo:
1559 2338 1649 2385 Qia
1671 2339 1831 2382 appellare
1850 2338 2154 2383 appellationem*

1272 2389 1377 2425 teriali
1397 2390 1444 2424 est
1469 2400 1587 2424 vocem
1607 2389 1826 2433 appellantem
1849 2399 1970 2433 ponere
1982 2390 2077 2423 suum
2090 2389 2156 2424 foa-

1272 2441 1356 2475 male
1381 2438 1602 2485 significatum
1623 2440 1716 2483 super
1740 2440 1958 2485 significatum
1985 2438 2154 2480 materiale
2176 2483 2181 2487 ,

1274 2490 1364 2524 vocis
1399 2490 1566 2535 appellatas
1593 2502 1602 2521 ι
1638 2489 1729 2532 atqui
1762 2488 1896 2522 termini
1932 2488 2149 2529 numerales,

1271 2540 1405 2585 quando
1429 2539 1618 2574 tribuuntur
1634 2538 1770 2572 vocibus
1781 2537 1960 2578 concretis,
1990 2537 2053 2571 five
2066 2537 2152 2580 adje-

1271 2591 1384 2630 stivis,
1410 2590 1474 2623 five
1494 2587 1700 2623 substantivis
1713 2611 1735 2628 ‚.
1752 2588 1846 2622 suum
1870 2587 2007 2622 formale
2029 2586 2154 2632 signifi-

1273 2650 1381 2675 catum
1407 2638 1595 2683 applicant,
1622 2649 1660 2671 ac
1684 2635 1840 2680 quadrare
1852 2637 2055 2681 significant,
2079 2647 2151 2671 non

1271 2700 1381 2725 earum
1402 2688 1586 2734 significato
1607 2687 1785 2729 fmmalir,
1810 2686 1864 2720 sed
1888 2686 1951 2725 soli
1973 2685 2151 2721 materiali:

1271 2752 1351 2785 ergo
1378 2738 1543 2783 appellant
1566 2739 1658 2781 supra
1681 2737 1752 2771 illas
1774 2735 1982 2771 solummodd
2005 2737 2156 2772 materia·

1274 2791 1368 2830 liter,
1397 2799 1435 2823 ac
1455 2787 1549 2823 nullo
1570 2787 1673 2822 modo
1693 2787 1896 2823 formaliter.
1925 2785 2070 2836 Probum
2100 2792 2157 2823 ml-

1274 2852 1326 2874 ηοε-
1360 2851 1369 2871 :
1407 2839 1497 2883 Qia
1530 2837 1663 2873 termini
1693 2837 1873 2872 numerales
1901 2837 2156 2880 ponun‘eJVsuum

1275 2889 1415 2925 formale
1443 2888 1664 2934 significatum
1683 2887 1773 2931 supra
1797 2886 2012 2931 fignificamm
2033 2888 2156 2925 redium

1277 2941 1367 2976 vocis
1377 2948 1561 2979 concretae,
1589 2947 1690 2982 quam
1703 2936 1885 2982 appellant:
1912 2937 2003 2981 atqui
2014 2937 2048 2978 in
2059 2937 2156 2972 omni

1275 2990 1420 3027 omnino
1437 3000 1519 3024 voce
1543 2999 1697 3024 concreta
1716 3011 1728 3029 ,
1751 2987 1815 3021 five
1835 2986 2029 3023 substantiva
2056 3009 2068 3025 ,
2091 2986 2156 3020 sive

1277 3041 1429 3085 adjectiva
1451 3064 1464 3082 ‚
1488 3039 1704 3083 fignificatum
1724 3037 1912 3072 restumvest
1935 3035 2154 3080 fignificatum

1276 3091 1444 3126 materiale
1478 3103 1486 3123 ε
1513 3100 1592 3123 nam
1613 3113 1626 3130 ‚
1662 3099 1700 3124 ut
1719 3088 1809 3131 supra
1834 3086 1876 3121 de
1901 3097 1982 3120 voce
2001 3096 2155 3121 concreta

1276 3151 1377 3186 agens
1400 3139 1471 3175 dixi
1495 3165 1507 3182 ‚
1543 3138 1761 3185 significatum
1788 3139 1907 3172 redium
1927 3137 1962 3171 ὃ(
1985 3135 2155 3171 materiale

1275 3191 1508 3234 cujuscumque
1530 3190 1622 3224 vocis
1641 3196 1799 3224 concretae
1811 3186 1857 3221 est
1870 3186 2048 3230 subjeetum
2060 3210 2072 3226 ‚
2100 3185 2155 3220 vel

1276 3240 1476 3285 suppositum
1521 3241 1632 3275 formas
1677 3237 1896 3283 principaliter
1936 3236 2121 3281 significatas
2142 3259 2153 3267 .

1277 3291 1367 3336 Ergo
1388 3290 1520 3326 termini
1555 3288 1737 3324 numerales
1759 3288 1851 3321 suum
1874 3286 2013 3321 formale
2035 3285 2153 3328 fignifi-

1275 3351 1386 3376 catum
1410 3342 1533 3385 semper
1554 3347 1683 3384 ponunt
1708 3338 1799 3381 supra
1817 3337 2035 3382 significatum
2051 3345 2154 3368 mate-

1277 3392 1352 3426 riale
1370 3391 1459 3426 vocis
1486 3399 1662 3428 concretae,
1694 3388 1747 3422 cui
1772 3387 1979 3422 tribuuntur.
2006 3386 2105 3425 Major
2116 3384 2154 3423 eff

1277 3444 1360 3480 clara
1373 3455 1386 3478 .·
1411 3440 1502 3491 Qua
1525 3438 1635 3478 omnis
1657 3437 1796 3477 omnine
1814 3449 1878 3476 vox
1889 3436 2079 3483 appellansa
2100 3433 2158 3477 deff

2040 3494 2103 3521 ter-
