2384 3770
610 147 694 194 Da
734 143 902 217 Qun.
940 144 1080 198 Voc,
1117 150 1300 201 Anat.
1340 140 1476 195 D‘r'v.

1902 151 2000 204 189

226 230 365 272 sentiale
378 255 390 272 ,
415 230 450 266 δε
472 231 569 266 simul
589 231 809 273 accidentale:
838 229 903 264 haec
922 230 1013 265 enim
1026 229 1121 267 sunt!
1161 228 1325 272 formula:
1351 227 1430 266 ficut
1455 229 1486 261 se
1510 225 1635 263 habent
1657 229 1724 266 duo
1736 230 1777 267 ad
1798 232 1873 268 octo
1885 254 1897 273 ,
1916 232 2032 268 veihi·

230 281 488 320 contradictoria.
517 281 606 316 Nam
617 285 679 317 esse
689 279 851 316 essentiale
862 279 908 313 est
926 280 988 313 esse
1003 279 1099 319 intra,

232 333 294 367 effe
315 331 394 366 vero
418 332 617 374 accidentale
648 332 693 370 est
711 333 776 370 esse
796 338 886 366 extra
908 327 1079 368 essentiam
1092 355 1099 363 -

230 383 323 426 Ergo
335 382 449 420 eadem
464 393 529 421 vox
541 382 680 426 respectu
691 378 878 420 eorumdem
889 378 1099 422 subjectorum

232 433 268 467 ἀ
279 432 403 467 tatione
414 432 554 475 ejusdem
563 429 732 477 significati
746 429 894 463 formalis
902 453 914 469 ,
934 430 1047 472 nequit
1057 431 1100 464 es-

230 483 268 517 se
280 482 374 516 simul
386 483 526 519 univoca
542 505 554 522 ,
571 480 754 524 &analoga
765 502 772 511 .
800 477 886 521 Resp.
899 478 1031 514 breviter
1053 482 1100 513 di-

232 532 401 576 stinguendo
412 531 604 572 antecedenn
634 529 757 564 Eadem
772 530 878 567 forma
899 531 1027 565 ratione
1047 531 1097 564 eo-

233 583 382 617 rumdem
403 583 534 615 suorum
552 579 744 615 inferiorum
758 604 768 620 ‚
794 580 854 613 five
875 580 1003 614 ratione
1023 581 1100 623 ejus-

233 632 310 666 dem
323 631 423 676 partis
435 628 611 670 subjettivae
621 654 633 671 ,
658 631 774 674 nequit
784 629 891 665 eidem
905 630 1046 674 subjedio
1057 632 1100 664 es-

233 682 265 716 se
274 681 367 721 simul
379 679 553 717 essentialis
566 681 598 716 ἀ
612 679 819 717 accidentalis
832 692 844 715 ·,
867 680 908 714 fic
921 680 1078 723 *concedo
1090 703 1098 712 .

232 730 379 767 Ratione
389 729 589 771 diversorum
603 731 793 766 inferiorum
808 755 820 771 ,
839 729 903 767 five
915 731 1043 773 ratione
1054 729 1099 764 di-

232 781 392 817 versarum
402 778 540 823 partium
554 779 799 822 subjectivarum
813 792 820 811 :
833 778 872 820 fic
880 791 950 823 nego
961 798 973 806 -
994 781 1037 817 Et
1051 780 1099 815 di-

232 841 275 865 co
289 829 352 870 hoc
365 831 431 864 esse
441 830 566 873 optime
577 830 724 873 possibile
736 854 747 870 ,
761 831 804 871 2&
817 830 861 864 do
868 830 1053 873 exemplum
1063 831 1097 864 in

233 884 347 918 vivens
357 904 368 922 ,
381 879 446 914 sive
459 885 526 919 vira
535 894 549 920 ;
575 891 672 923 quam
697 881 848 922 suppono
872 880 1032 923 praedicari
1054 880 1098 913 es-

231 928 409 974 sentialiter
420 929 462 964 de
470 930 689 964 rationalitate
702 929 735 963 δε
747 929 923 968 rifibilitate
941 931 974 969 ἀ
991 931 1031 963 fic
1053 940 1097 963 ra·

232 980 327 1017 tione
339 979 527 1017 risibilitatis
537 978 667 1016 homini
684 978 765 1013 inest
777 979 1024 1021 accidentaliter
1033 1001 1043 1018 ‚
1065 980 1096 1013 ὅ(

233 1029 363 1073 ratione
378 1028 606 1067 rationalitatis
618 1028 746 1065 homini
770 1029 850 1067 inest
867 1028 1096 1063 essentialiter.

232 1078 323 1119 Nam
334 1104 344 1120 ‚
359 1079 408 1118 uti
420 1078 489 1112 dixi
503 1104 512 1120 ,
525 1080 638 1114 omnia
650 1079 831 1116 essentialia
844 1080 1011 1122 praedicata
1025 1090 1097 1122 prae-

234 1129 337 1163 dicati
350 1129 457 1163 insunt
469 1128 615 1171 subjectis
628 1153 639 1173 ,
666 1140 707 1166 eo
720 1130 821 1163 modo
834 1141 901 1173 quo
912 1130 977 1172 ipsa
991 1129 1096 1173 praedi·

236 1179 431 1214 catainsunt
443 1179 523 1216 illis.
554 1178 660 1214 Unde
670 1179 803 1223 aliquod
814 1179 1017 1222 praedicatum
1044 1178 1097 1212 ha-

235 1227 316 1265 bens
325 1228 382 1266 fibi
396 1229 607 1264 essentialiter
617 1228 752 1270 subjecta
763 1230 831 1272 duo
842 1230 1010 1272 praedicata
1021 1229 1098 1271 ejus·

234 1276 309 1316 dem
321 1277 470 1320 subjecti,
482 1289 585 1311 unum
597 1279 778 1318 essentiale,
806 1279 942 1312 alterum
954 1279 1098 1313 acciden-

234 1326 321 1366 tale,
339 1326 507 1360 issieidem
518 1326 659 1370 subjeao
681 1328 760 1361 inest
783 1326 876 1363 simul
889 1329 1098 1370 essentialiter

233 1377 268 1412 ἀ
289 1376 531 1412 accidentaliter
554 1389 561 1410 :
584 1377 798 1422 essentialiter
819 1377 953 1420 quidem
974 1378 1099 1415 ratione

233 1425 400 1469 praedicati
411 1426 606 1461 essentialis:
626 1427 870 1462 accidentaliter
883 1429 961 1463 vero
971 1429 1099 1463 ratione

234 1474 400 1561 plraedicati
412 1476 609 1519 essentialis,
635 1477 698 1521 Sed
710 1477 758 1521 uti
770 1477 837 1523 dissi
846 1502 858 1520 ,
883 1478 925 1521 de
945 1476 997 1517 his
1020 1479 1099 1523 alias

227 1536 256 1571 *P
270 1535 325 1565 9Ῐῆ
335 1550 343 1566 ιν

408 1629 443 1662 D
470 1628 510 1663 U
537 1629 564 1664 B
592 1629 606 1663 1
634 1629 673 1665 U
699 1629 742 1663 M
798 1628 923 1667 V111.

294 1734 341 1766 De
360 1728 538 1774 quibusdam
558 1735 639 1767 vocls
658 1732 795 1776 analagae
820 1729 1015 1772 divisionibus
1031 1755 1039 1763 .

234 1831 294 1877 64
436 1832 502 1866 Res
514 1833 588 1869 sunt
601 1831 760 1875 praecipuae
781 1832 871 1866 vocis
892 1833 1037 1877 analoga:
1057 1831 1102 1866 di-

450 1883 585 1917 visiones
599 1881 654 1915 hic
680 1881 819 1916 breviter
841 1883 1054 1916 discutienda:
1069 1883 1102 1916 δε

234 1931 456 1966 dimittendae.
479 1931 551 1965 Has
574 1942 683 1965 tamen
703 1931 880 1965 divisiones
903 1932 1100 1973 Philosophi

234 1982 339 2024 magis
358 1975 543 2014 attribuunt
561 1979 655 2013 rebus
668 1980 869 2022 analogatis‚
889 1991 985 2020 quam
1011 1980 1096 2011 voci.

1167 282 1277 319 narius
1303 278 1344 313 ad
1372 278 1580 315 odonarium
1596 302 1607 319 ,
1631 278 1678 314 ita
1704 283 1734 315 se
1745 281 1865 318 habent
1886 283 2031 327 quinque

1165 330 1204 364 ad
1231 328 1377 373 viginti,
1398 329 1452 370 vel
1478 329 1645 372 quinarius
1670 329 1711 363 ad
1733 332 1950 367 vicenarium.
1978 333 2031 368 U„

1165 379 1316 421 trobique
1351 380 1443 414 enim
1471 379 1516 412 est
1545 378 1714 423 proportio
1752 379 1853 424 simpli
1875 383 1916 417 ad
1946 394 2034 426 qua-1

1164 429 1315 472 druplum
1343 441 1350 461 ε
1378 429 1492 462 Hosce
1523 429 1607 464 duos
1637 427 1794 462 terminos
1827 433 1924 466 etiam
1951 434 2029 477 saepti

1164 479 1305 523 Logici‚
1330 489 1366 511 ac
1396 479 1526 521 Physici
1554 480 1731 522 usurpant,
1759 477 1832 511 illos
1857 480 1875 511 a
1902 482 2029 516 Mathe-

1163 530 1290 566 maticis
1311 539 1497 570 mutuantes
1507 543 1519 570 ;
1547 540 1623 564 nam
1651 528 1769 573 Logici
1798 527 2028 566 habitudinem

1162 578 1324 619 individui
1351 580 1391 614 ad
1405 580 1568 623 speciem,
1596 578 1825 613 habitudinem
1852 579 1970 621 speciei
1989 580 2029 614 ad

1162 627 1353 670 individua,
1380 640 1500 664 vocant
1521 630 1747 673 proportiones
1774 628 1935 673 Logicas;
1961 628 2030 663 ista-

1162 690 1233 717 rum
1271 680 1348 713 vero
1371 677 1603 720 habitudinum
1630 677 1878 714 similitudinem
1906 689 2030 714 vocant

1160 729 1320 773 Logicam
1343 730 1705 773 proportionalitatem.
1734 726 2032 767 Similiterhabitu-

1160 778 1271 814 dinem
1300 781 1441 814 materiae
1465 779 1591 814 caelestis
1618 779 1659 817 ad
1684 780 1824 820 formam
1849 777 2030 826 caelestem,

1161 830 1195 863 ὃς
1215 828 1444 872 habitudinem
1463 831 1604 865 materiae
1627 829 1807 864 sublunaris
1824 828 1866 863 ad
1889 830 2031 864 formam

1162 879 1366 920 sublunarem
1404 891 1523 921 vocant
1561 879 1688 922 Physici
1718 878 1871 922 Physicas
1897 889 2032 923 propor-

1161 929 1287 971 tiones;
1315 929 1429 967 harum
1441 931 1519 967 vero
1546 929 1780 965 habitudinum
1797 928 2029 968 habitudinem

1161 980 1215 1013 seu
1243 979 1490 1015 similitudinem
1519 990 1649 1025 vocantv
1666 979 1839 1024 physicam
1865 979 2027 1025 proporti-

1160 1029 1369 1065 onalitatem.
1398 1031 1475 1065 Hoc
1502 1032 1624 1074 posito.

1142 1086 1146 1141 Ι
1211 1080 1265 1116 66.
1295 1080 1415 1124 Logici
1442 1081 1581 1126 analoga
1608 1080 1831 1116 attributionis
1856 1081 1911 1114 seu
1934 1080 2030 1115 nudae

1143 1131 1382 1172 iptoportionis
1421 1141 1541 1164 vocant
1582 1131 1637 1164 illa
1659 1155 1671 1171 ,
1708 1142 1847 1175 quorum
1875 1131 2028 1175 analogia

1162 1180 1316 1220 fundatur
1342 1181 1386 1213 in-
1403 1180 1542 1225 simplici
1569 1181 1708 1222 quadarn
1734 1180 1950 1214 attributione
1970 1182 2027 1214 seu

1162 1232 1372 1273 proportione
1398 1232 1451 1268 sua
1478 1232 1518 1266 ad
1545 1232 1685 1265 formam
1712 1231 1967 1274 analogantem,
1992 1230 2028 1263 si-

1163 1291 1200 1314 ve
1227 1291 1346 1314 vocant
1373 1280 1441 1315 illas
1466 1292 1515 1315 res
1541 1281 1696 1326 analogas
1723 1278 1816 1314 nudae
1841 1279 2030 1323 proportio-

1164 1330 1238 1370 nis,
1267 1341 1337 1375 quae
1364 1331 1587 1376 significantur
1614 1343 1669 1375 per
1694 1331 1832 1365 eandem
1858 1340 1972 1363 vocem
1985 1328 2031 1367 ob

1162 1390 1282 1414 certam
1308 1380 1449 1424 aliquam
1477 1382 1723 1425 proportionem
1745 1405 1756 1420 ,
1803 1391 1841 1415 ac
1867 1379 2030 1414 habitudi-

1164 1441 1262 1471 nem,
1290 1442 1386 1475 quam
1414 1430 1534 1469 habent
1561 1431 1602 1465 ad
1629 1429 1845 1476 fignificatum
1871 1429 1962 1464 istius
1976 1440 2033 1470 vo.-

1162 1481 1209 1515 cis
1235 1481 1395 1522 formale,
1424 1475 1492 1526 v-g'.
1520 1481 1625 1516 homo
1651 1483 1742 1515 vivus
1769 1481 1803 1513 <Sc
1828 1480 1952 1523 pistus,
1973 1480 2033 1514 res-

1165 1533 1256 1574 pestu
1286 1533 1375 1566 vocis
1400 1531 1480 1564 bomo
1503 1544 1510 1563 :
1540 1531 1619 1564 item
1645 1530 1766 1565 animal
1791 1554 1802 1569 ,
1835 1528 2004 1563 medicina
2020 1551 2032 1568 ,

1164 1581 1198 1616 &
1225 1580 1316 1621 urina
1343 1582 1415 1615 sunt
1441 1580 1613 1624 analogata
1641 1581 1780 1622 respessu
1809 1579 1897 1613 vocis
1911 1578 2030 1621 sanum.

1165 1632 1255 1678 Qia
1282 1632 1342 1667 tria
1369 1631 1434 1665 haec
1446 1630 1666 1676 significantur
1679 1641 1734 1673 per
1759 1628 1896 1664 eandem
1914 1638 2031 1662 vocem

1159 1680 1290 1725 sanum,
1316 1681 1360 1716 ob
1386 1694 1504 1716 certam
1534 1681 1779 1724 proportionem
1803 1689 1901 1723 quam
1925 1679 2035 1722 singu·

1165 1732 1194 1765 la
1223 1731 1344 1771 habent
1370 1731 1409 1766 ad
1436 1732 1606 1769 sanitatem
1633 1733 1650 1768 a
1679 1742 1758 1765 voce
1786 1732 1896 1773 [anum
1915 1727 2036 1772 princi·

1166 1782 1278 1826 paliter
1298 1783 1531 1827 significatam.
1564 1783 1718 1826 Analoga
1746 1781 1823 1814 vero
1850 1778 2035 1823 proportio-

1145 1832 1308 1884 Inalitatis
1330 1843 1448 1867 vocant
1468 1832 1524 1866 illa
1549 1856 1560 1872 ,
1584 1843 1721 1875 quorum
1746 1830 1901 1873 analogia
1919 1827 2035 1863 funda-

1146 1894 1215 1917 ‘tur
1237 1883 1272 1916 in
1297 1882 1602 1925 proportionalitate
1623 1883 1677 1915 sua
1702 1903 1713 1919 ,
1740 1878 1802 1911 five
1831 1879 1864 1911 in
1905 1888 2034 1921 propor-

1145 1907 1256 1970 'tione
1287 1933 1412 1965 suarum
1440 1930 1687 1973 proportionum
1714 1928 1755 1961 ad
1781 1928 1920 1962 formam
1960 1939 2035 1961 ana·

1145 1958 1332 2023 'legantem
1346 2003 1353 2010 .
1379 1981 1453 2012 Sive
1476 1989 1595 2013 vocant
1623 1979 1692 2011 illas
1713 1989 1760 2012 tes
1780 1978 1934 2021 analogas
1954 1989 2033 2021 pro-

235 2029 297 2063 bus
319 2029 589 2072 analogantibus.
620 2027 661 2061 Et
683 2027 749 2060 illis
769 2026 842 2061 sane
862 2029 961 2062 etiam
986 2028 1101 2062 melius
1144 2009 1440 2071 iportionalitatis‚
1471 2041 1541 2071 quae
1565 2029 1785 2072 fignificantur
1812 2040 1865 2070 per
1892 2028 2046 2061 eandem'

236 2080 411 2122 quadrant,
436 2078 577 2113 Possunt
590 2087 702 2110 tamen
713 2077 812 2110 etiam
824 2078 979 2119 applicari
993 2078 1100 2111 analo·

234 2128 285 2171 gis
295 2125 547 2169 analogantibus
558 2149 565 2156 .
589 2125 775 2157 Divifiones
786 2126 866 2167 ergo
879 2126 955 2158 sunt
967 2123 1026 2161 hae:
1042 2127 1096 2166 pri

233 2186 288 2211 ma
298 2178 346 2211 est
356 2175 472 2209 divisio
483 2173 699 2217 analogorum
707 2173 955 2217 anolagatorum
969 2175 1004 2209 in
1027 2185 1100 2209 ana-

232 2227 310 2272 loga
330 2226 504 2270 analogata
517 2222 736 2267 proportionis
749 2224 799 2259 seu
814 2222 1036 2258 attributionis
1046 2225 1100 2261 ,ἃς

1164 2089 1278 2111 vocem
1308 2079 1353 2111 ob
1391 2077 1621 2111 habitudinem
1660 2077 1890 2111 habitudinum
1915 2102 1925 2117 ,
1953 2089 2033 2117 quas

1162 2126 1295 2169 singulae
1327 2125 1449 2159 habent
1486 2124 1546 2159 ad'
1569 2126 1658 2158 istius
1692 2125 1781 2159 vocis
1815 2127 2032 2170 significatum

1163 2175 1299 2209 formale
1317 2199 1326 2214 ‚
1355 2187 1381 2207 v.
1396 2186 1426 2219 g.
1468 2174 1569 2208 homo
1596 2176 1628 2208 ὅ(
1655 2185 1782 2218 pratum
1810 2178 1948 2218 respectu
1971 2188 2032 2213 vo-

1163 2225 1207 2258 cis
1234 2227 1336 2258 ridens
1361 2225 1454 2266 (hoc
1480 2226 1567 2257 enim
1595 2225 1640 2258 est
1667 2226 1853 2268 exemplum
1868 2226 2032 2268 cajetani,

234 2278 270 2311 in
281 2276 421 2319 analoga
434 2272 874 2316 proportionalitatis».nera
886 2274 930 2306 est
945 2274 1100 2307 divifioin
1144 2273 1287 2316 :opusculi
1311 2276 1378 2313 jam
1401 2272 1484 2314 saep?
1508 2279 1593 2306 cnaei
1618 2283 1680 2315 cap.
1712 2277 1765 2320 3.)
1790 2277 1864 2308 sunt
1888 2281 2032 2320 analoga

234 2325 376 2369 analoga
389 2323 560 2358 intrinseca
571 2345 582 2361 ‚
605 2321 639 2354 &
651 2319 828 2354 extrinseca
842 2345 848 2352 .
876 2321 992 2355 Tertia
1001 2322 1046 2355 est
1058 2322 1101 2355 di-

235 2375 317 2409 visio
352 2376 387 2407 in
421 2372 562 2417 analoga
583 2369 774 2413 aequalitatis
795 2371 829 2404 ἀ
857 2371 1099 2413 inaequaiitatis.

235 2429 396 2469 ,Quaeritur
407 2434 491 2467 ergo:
515 2423 570 2456 An
583 2431 698 2453 omnes
708 2417 757 2452 hae
767 2420 940 2454 divisiones
952 2422 1012 2455 sint
1025 2422 1101 2465 legi-

234 2478 323 2509 timae
343 2474 376 2508 δε
398 2472 512 2512 bonae,
534 2472 569 2505 δε
589 2481 630 2503 an
643 2469 761 2505 dentur
776 2470 889 2505 omnia
916 2469 1099 2513 hujusmodi

233 2524 372 2567 analoga
388 2546 399 2562 ‚
425 2521 546 2555 scilicet
571 2518 767 2559 intrinseca,
787 2521 963 2558 extrinseca
984 2534 997 2554 .·.
1031 2522 1101 2555 inae·

233 2571 418 2619 qualitatis,
434 2570 655 2615 proportionis
664 2593 674 2609 ,
686 2569 997 2614 proportionalitatis
1007 2595 1019 2611 ‚
1040 2571 1102 2607 dcc.

233 2623 299 2659 Pro
322 2623 437 2657 horum
460 2619 733 2656 verointellediu.

284 2679 341 2719 65.
369 2673 520 2705 adverte.-
548 2669 642 2715 Qid
668 2670 706 2703 sit
743 2669 876 2712 simplex
903 2672 1100 2715 proportio;

235 2724 315 2768 quid
329 2720 402 2754 vero
414 2721 451 2753 sit
465 2718 751 2762 proportionalitas
765 2743 772 2750 .
797 2719 878 2755 Sunt
891 2722 967 2755 vero
981 2721 1015 2755 hi
1030 2723 1098 2756 duo

235 2768 626 2807 terminiMathematici.
655 2768 755 2811 Apud
770 2768 1025 2804 Mathematicos
1049 2783 1100 2805 er-

235 2824 281 2868 go
291 2819 458 2866 proportio
480 2820 524 2854 est
548 2817 707 2854 habitudo
717 2819 858 2853 ¹duarum
877 2820 1098 2860 quantitatum

234 2873 380 2911 inrerse,
399 2880 427 2906 v,
439 2881 470 2914 g.
489 2868 648 2904 habitudo
662 2869 764 2911 simpli
787 2869 827 2903 ad
854 2866 993 2912 duplum
1006 2893 1016 2908 ,
1042 2870 1100 2905 ha·

233 2922 349 2958 bitudo
360 2920 446 2963 tripli
457 2919 497 2954 ad
510 2918 714 2962 sextuplum,
741 2918 903 2952 habitudo
918 2917 1038 2954 binarii
1053 2921 1095 2955 ad

232 2971 494 3017 quaternarium,
521 2970 712 3013 quaternarii
725 2969 764 3002 ad
776 2969 981 3006 ostonarium
1004 2995 1014 3010 ‚
1034 2971 1093 3004 &o

232 3032 390 3056 vocantur
413 3019 638 3063 proportiones
661 3043 668 3050 .
695 3018 992 3062 proportionalitas
1021 3019 1097 3055 werd

234 3072 279 3106 est
292 3072 458 3115 proportio
471 3071 723 3114 proportionum
733 3094 743 3109 ,
772 3070 829 3109 seu,
851 3068 1030 3105 similitudo
1043 3068 1099 3104 ha·

235 3121 423 3156 hirudinum
452 3121 535 3154 inter
563 3121 592 3153 se
610 3144 620 3158 ,
647 3130 674 3152 v.
701 3130 731 3162 g.
759 3118 936 3154 similitudo
961 3130 1030 3162 quae
1050 3120 1095 3154 est

236 3173 321 3206 inter
360 3169 584 3204 habitudinem
622 3169 737 3204 binarii
767 3169 806 3202 ad
833 3169 1098 3212 quaternarium,

236 3223 271 3256 δε
292 3219 455 3254 habitudo
481 3219 677 3262 quaternarii
699 3220 739 3253 ad
763 3220 990 3260 octonarium;
1016 3219 1093 3254 item

1144 2323 1499 2386 iproportionalitatis,
1525 2324 1602 2365 quia
1627 2322 1693 2355 duo
1722 2324 1777 2355 ista
1807 2324 2030 2367 significantur

1162 2374 1180 2405 a
1208 2384 1287 2406 voce
1323 2374 1424 2406 ridens
1452 2372 1495 2405 ob
1520 2372 1767 2410 similitudinem
1796 2370 2028 2411 habitudinum

1163 2423 1214 2459 seu
1243 2424 1516 2466 proportionum,
1542 2433 1638 2465 quam
1665 2422 1733 2457 duo
1761 2422 1818 2457 ista
1838 2419 1958 2457 habent
1984 2424 2027 2458 ad

1164 2472 1260 2511 risum
1285 2476 1303 2507 a
1331 2484 1409 2506 voce
1432 2474 1533 2505 ridens
1549 2473 1768 2516 principaliter
1795 2473 2022 2518 significatum.

1162 2523 1251 2557 Nam
1291 2525 1337 2558 uti
1376 2524 1407 2558 se
1444 2522 1539 2557 habet
1568 2522 1669 2556 homo
1697 2522 1803 2556 ridens
1833 2523 1873 2557 ad
1901 2525 2020 2568 risum5

1162 2574 1206 2606 ita
1235 2574 1263 2606 se
1292 2572 1387 2606 habet
1414 2584 1539 2616 pratum
1570 2583 1720 2615 vegetum
1748 2573 1788 2607 ad
1818 2574 1932 2607 illum.

1209 2622 1263 2660 67-
1290 2623 1350 2656 Sed
1370 2624 1453 2656 salva
1475 2624 1651 2657 reverentia
1673 2623 1777 2657 totius
1797 2623 1914 2658 scholae
1936 2625 2025 2659 divi-r

1160 2674 1280 2706 sionem
1303 2671 1387 2706 hanc
1410 2673 1639 2716 approbantis,
1664 2684 1742 2717 ergo
1766 2672 1856 2707 illam
1879 2675 2022 2718 reprobo

1159 2723 1193 2757 &
1214 2722 1402 2766 proscribo:
1429 2724 1462 2757 &
1485 2723 1561 2757 dico
1585 2722 1673 2756 nulla
1695 2723 1762 2756 dari
1781 2723 1921 2767 analoga
1951 2736 2021 2766 pro-

1160 2772 1432 2815 porrioualirads,
1454 2772 1608 2815 nullaque
1629 2773 1768 2817 analoga
1785 2774 1875 2816 posse
1895 2774 1978 2807 inter
1991 2775 2024 2808 se

1159 2821 1276 2857 habere
1298 2823 1637 2866 proportionalitatem
1662 2847 1672 2863 ‚
1701 2834 1770 2866 quae
1792 2822 1936 2866 respiciat
1957 2824 2022 2857 for-

1158 2884 1245 2907 mam
1259 2874 1511 2918 analogantem;
1537 2873 1588 2906 sed
1600 2871 1807 2906 solummodo
1822 2873 1940 2906 nudam
1951 2884 2019 2916 pro,-

1159 2924 1345 2966 portionem
1365 2923 1406 2957 ad
1428 2924 1537 2956 illam:
1567 2922 1733 2955 Probatur:
1762 2923 1851 2968 Qia
1877 2923 2023 2968 analoga>

1158 2971 1274 3008 habere
1290 2974 1372 3007 inter
1384 2974 1413 3006 se
1426 2972 1762 3016 proportionalitatem
1778 2995 1788 3011 ,
1811 2984 1881 3016 qnae
1893 2974 2018 3017 respici,-

1156 3032 1188 3056 at
1212 3024 1351 3058 formam
1375 3024 1605 3067 analogantem
1628 3048 1638 3063 ‚
1663 3023 1709 3056 est
1732 3020 1941 3061 habitudines
1963 3025 2019 3057 seu«

1156 3074 1381 3116 proportiones
1402 3074 1650 3117 analogatorum
1685 3071 1730 3106 ad
1746 3073 1885 3111 formam
1907 3073 2018 3107 analo-

1155 3133 1287 3166 gantem
1300 3125 1361 3158 esse
1372 3123 1428 3156 fibi
1443 3132 1559 3156 mutuo
1572 3122 1695 3156 similes:
1723 3123 1812 3165 atqui
1826 3121 1873 3155 hae
1884 3121 2018 3156 habitu*

1154 3172 1247 3206 dines
1271 3184 1337 3207 non
1363 3173 1489 3214 possunt
1508 3172 1575 3206 ulla
1597 3173 1724 3205 ratione
1736 3174 1799 3206 effe
1820 3173 1874 3207 sibi
1897 3183 2020 3210 mutuo,

1153 3222 1268 3256 similes
1290 3236 1297 3255 :
1326 3221 1377 3256 sed
1399 3222 1519 3255 debent
1547 3221 1722 3255 necessario
1743 3223 1804 3256 effe
1829 3223 2013 3257 dissimiles:

234 3270 439 3309 similitudo,
465 3280 535 3310 quae
555 3270 599 3304 est
621 3270 707 3303 inter-
726 3268 951 3303 habitudinem
976 3269 1094 3306 binarii
1153 3282 1231 3315 ergo
1254 3271 1342 3306 nulla
1353 3272 1586 3315 analogainter
1600 3273 1631 3305 se
1653 3271 1768 3306 habere
1792 3274 1921 3315 possunt
1943 3284 2016 3316 pro.-

235 3320 276 3354 ad
299 3319 523 3357 octonarium,
548 3318 818 3354 &habitudinem
841 3318 981 3362 quinarii
1001 3319 1042 3353 ad
1053 3321 1095 3354 vi-

235 3370 422 3410 cenarium,
447 3370 508 3403 &c.
535 3369 617 3401 Sunt
655 3368 888 3403 mathematicae
911 3392 922 3407 ‚
950 3369 1003 3402 seu
1025 3369 1099 3405 Ari-

237 3418 395 3453 thmeticae
419 3418 736 3462 proportionalitates
757 3443 764 3451 .
797 3420 889 3465 Qas
911 3417 1110 3464 Madiama-3
1153 3420 1465 3464 proportionalitatis
1493 3445 1500 3452 .

1154 3321 1432 3364 portionalitatem
1445 3345 1456 3361 ,
1492 3332 1563 3362 quae
1586 3322 1733 3364 respiciat
1750 3321 1887 3356 formam
1906 3322 2019 3362 analot

1153 3381 1318 3416 gantem;
1363 3381 1441 3415 ergo
1474 3371 1564 3410 nulla
1603 3372 1674 3412 dari
1711 3372 1840 3414 possunt
1863 3372 2027 3416 analoga>

1542 3424 1641 3462 Major
1679 3421 1716 3461 est
1755 3423 1835 3459 clara
1856 3446 1867 3462 ‚
1899 3424 1933 3456 (5
1953 3429 2014 3455 evi-

238 3468 297 3503 tici
317 3468 477 3506 ordinarie
505 3469 665 3510 explicare
695 3470 800 3508 solent
826 3468 887 3520 hac
922 3465 1110 3507 verborum'
1154 3472 1228 3506 dens
1254 3485 1265 3506 .·
1291 3470 1378 3517 Qia
1391 3472 1736 3516 proportionalitates}
1751 3470 1911 3507 habitudo
1923 3470 2014 3513 habi?

331 3518 434 3558 Christ.
456 3519 534 3561 Lupi
545 3523 642 3561 Opera
653 3522 731 3551 Tom.
743 3522 814 3552 ΧΠ.

1539 3522 1571 3556 R
1894 3522 1976 3556 tudi-
