2384 3770
568 125 702 191 Quis
738 122 872 168 Stjur
908 117 1234 166 81G.'Puo,1‘.
1274 116 1416 162 Voc.
1452 116 1672 165 stemp-

255 205 504 250 risfsseeoncedo.
529 208 584 245 Est
596 208 666 247 illa,
678 219 748 252 quae
760 207 918 252 significat
932 204 1021 248 plura
1032 205 1127 250 signi-

256 258 351 293 ficata
373 258 540 294 dissimilia
567 258 680 293 diversi
701 258 826 292 ordinis
846 256 879 292 &
901 255 1030 299 generis
1054 268 1062 287 ε
1092 254 1128 296 fic

255 317 327 351 nego
348 331 356 339 .
393 307 558 352 Adeoque
577 310 654 343 dico
678 318 812 343 omnem
835 315 949 341 vocem
974 329 985 345 2
1016 316 1127 348 quam·

256 358 379 392 tumvis
403 359 562 404 significet
584 371 649 394 tem
675 367 750 392 cum
762 366 925 399 conceptu
949 355 1128 397 loquentis,

256 418 328 450 quae
349 410 423 442 sunt
447 409 553 443 duos
533 409 713 454 significata
714 403 833 450 'plane
855 405 1042 445 dissimilia,
1056 417 1126 440 non

254 458 323 491 esse
345 460 576 499 aequivocam:
601 458 678 501 quia
701 455 755 490 illa
779 458 852 489 sunt
875 455 1058 501 significata
1082 456 1127 490 di·

257 508 337 541 versi
359 509 487 543 ordinis
507 510 539 543 ἀ
565 507 709 552 generis.
739 506 896 549 Respestu
919 507 963 539 rei
987 517 1128 550 namque

258 569 326 591 vox
347 559 391 592 est
413 560 539 603 signum
565 556 842 591 manifestativum
875 556 970 589 simul
995 569 1034 590 ac
1059 559 1127 599 sup-

259 607 454 650 positivum:
478 618 511 642 at
534 618 608 641 veto
632 608 773 651 respeustu
798 617 999 650 conceptus,
1020 619 1088 651 quo
1111 606 1129 639 ὲ

260 661 413 700 loquente
426 669 474 691 tes
483 658 670 701 concipitur
681 682 692 698 ‚
709 657 754 691 est
775 656 987 691 solummodo
1001 657 1127 702 signum

258 707 533 742 manifestativum
551 734 557 740 .
587 709 639 741 Sic
653 719 732 752 ergo
744 707 854 741 omnis
867 718 929 741 vox
942 718 1010 741 non
1033 706 1078 741 est
1091 717 1130 743 z·

258 757 423 803 quivoca:
445 758 521 800 quia
546 769 611 791 vox
636 759 802 800 aequivoca
821 758 865 791 est
892 758 948 790 illa
969 781 979 797 ,
1001 768 1073 799 quae
1095 757 1130 790 si-

260 807 398 852 gnificat
415 805 493 841 duas
515 819 563 842 res
575 808 759 849 dissimiles,
779 820 848 851 quae
869 808 943 841 sunt
964 807 1053 850 plura
1064 806 1130 849 ejus

260 858 437 902 significata
458 857 602 899 ejusdem
623 856 748 892 ordinis
769 859 801 892 δε
825 859 970 902 generis.
1009 860 1055 890 De
1075 867 1132 899 quo

257 907 395 950 pluribus
417 910 519 951 infra.
567 929 569 931 v

314 954 366 994 18.
395 957 523 991 obiicies
548 960 651 991 tertio:
675 968 771 991 voces
790 956 1027 991 dormientium
1044 979 1055 996 ,
1077 966 1131 990 co·

261 1007 441 1042 maedorum
461 1016 516 1042 aut
536 1008 676 1041 aliorum
708 1007 882 1041 homiuum
905 1007 1067 1042 utentium
1097 1006 1131 1039 &

260 1058 428 1102 agentium
436 1057 550 1101 aliquo
561 1058 718 1092 idiomate
731 1057 788 1091 sibi
810 1057 929 1102 ignoto
943 1082 950 1089 .
976 1056 1061 1090 Item
1076 1067 1132 1090 vo-

260 1119 315 1142 ces
336 1108 569 1150 psittacorum,
594 1109 797 1149 aliarumque
817 1108 969 1141 fimilium
994 1106 1132 1151 garrula·

262 1169 334 1192 tum
357 1158 467 1191 avium
479 1169 546 1192 non
560 1158 635 1192 sunt
655 1158 876 1204 significativae
897 1159 942 1191 tei
955 1168 1132 1199 conceptae‚

262 1207 296 1241 δι
322 1218 501 1251 conceptus
525 1208 708 1251 loquentis3
731 1217 810 1252 ergo
832 1204 947 1242 falsum
968 1206 1037 1241 est:
1054 1218 1131 1240 om·-

263 1268 340 1291 nem
362 1268 474 1291 vocem
499 1256 679 1301 significare
701 1260 809 1292 rem&
822 1268 1038 1301 conceptum.
1063 1260 1133 1290 Pro-

227 1334 229 1336 .
262 1305 352 1340 batur
368 1308 544 1339 antecedens
570 1308 670 1349 :quia
693 1318 789 1341 voces
810 1308 990 1351 significare
1011 1306 1134 1341 debent

266 1366 464 1399 conceptum
476 1355 530 1389 sibi
544 1356 578 1389 in
593 1357 747 1403 loquente
757 1358 1078 1400 correspondentem‚·
1089 1366 1133 1390 at-

264 1406 322 1449 qui
343 1406 392 1439 isti
417 1406 584 1448 loquentes
607 1406 652 1447 (si
667 1416 768 1440 tamen
784 1408 934 1449 loquentes
957 1412 1059 1440 vocari
1069 1404 1132 1449 pos

260 1455 324 1497 fint
338 1480 349 1496 ,
374 1466 439 1491 cum
448 1457 520 1490 vere
541 1458 689 1498 loquentes
698 1469 756 1490 non
771 1457 852 1499 fint;
874 1463 919 1490 uti
932 1464 1018 1499 patet
1041 1467 1079 1489 ex
1091 1457 1133 1489 dn-

263 1505 320 1539 ἄιε
341 1507 412 1538 dub.
440 1517 467 1541 1.
490 1517 523 1538 n.
542 1516 577 1551 5.
593 1508 615 1543 λ
637 1517 704 1541 non
727 1506 849 1540 habent
871 1516 1065 1549 conceptum
1089 1506 1134 1545 su-

262 1557 292 1589 is
303 1555 439 1589 vocibus
450 1555 756 1598 correspondentem
768 1570 775 1589 :
790 1568 870 1601 ergo
882 1557 947 1590 islae
959 1566 1052 1590 voces
1065 1568 1132 1590 non

264 1606 400 1649 possunt
413 1614 611 1648 conceptum
626 1629 636 1645 ,
661 1617 766 1649 neque
778 1619 844 1641 tem
856 1606 874 1639 ὲ
898 1607 1051 1650 loquente
1059 1617 1135 1640 con·

265 1666 392 1698 ceptam
405 1656 585 1700 significate
598 1667 607 1698 ;
619 1655 807 1698 Respondent
817 1657 928 1698 aliqui:
953 1667 1048 1691 voces
1062 1656 1133 1691 dor-

263 1706 461 1746 mientium,
483 1706 700 1740 comaedotum
722 1730 733 1746 ,
757 1707 791 1741 &
813 1706 923 1741 avium
937 1706 1053 1742 habete
1077 1706 1134 1741 fibi

265 1755 572 1798 coi-respondentem
596 1766 795 1800 conceptum
816 1782 827 1798 ,
853 1768 919 1791 non
940 1757 1073 1800 quidem
1094 1758 1135 1791 de

208 1846 214 1850 ἡ
264 1815 300 1839 te
318 1805 548 1850 significand23
569 1805 620 1839 sed
644 1806 686 1840 de
709 1817 789 1840 voce
811 1806 1025 1851 proferenda.-
1047 1818 1134 1841 eum·

262 1865 328 1898 que
337 1856 534 1899 significare:
558 1856 706 1900 adeoque
715 1868 848 1891 omnem
859 1857 1003 1892 omnino
1015 1869 1131 1892 vocem

263 1905 332 1939 esse
352 1906 602 1948 significativam
627 1918 826 1949 conceptus.
852 1909 911 1941 sed
931 1906 1070 1950 responsio
1091 1910 1135 1941 ad

210 1986 219 1991 ,
260 1965 327 1988 ‘um
346 1965 403 1986 non
415 1955 530 1995 facit:
557 1967 632 1988 nam
654 1955 709 1989 hic
731 1966 801 1989 non
821 1957 992 1998 quaetimus
1012 1969 1054 1990 an
1079 1968 1133 1990 vo·

266 2015 321 2039 ces
343 2004 530 2046 significent
551 2013 746 2046 conceptum
769 2005 810 2039 de
833 2005 898 2049 ipsa
920 2016 1000 2039 voce
1016 2006 1135 2040 forma·

265 2063 338 2089 tum
352 2065 363 2086 .-
391 2052 455 2087 hoc
473 2053 563 2087 enini
581 2054 801 2095 quaefivimus,
818 2066 856 2088 ac
874 2056 1064 2089 resolvimus
1076 2058 1132 2090 du-

263 2104 313 2137 bio
329 2103 513 2144 praetedentt
535 2113 544 2135 ε
582 2102 634 2135 sed
656 2103 792 2145 quaestio
817 2103 863 2137 est
889 2102 931 2137 de
971 2116 1131 2147 conceptu

263 2153 409 2187 formato
430 2151 449 2184 a
470 2151 627 2193 loquente
643 2151 685 2186 de
695 2162 729 2186 te
740 2162 796 2196 per
817 2162 931 2187 vocem
953 2153 1134 2198 significan·

261 2201 304 2237 da
325 2225 334 2234 .
363 2199 469 2236 Unde
490 2201 532 2235 ab
553 2213 623 2236 uno
641 2201 682 2236 ad
705 2202 808 2236 alium
826 2204 952 2237 currere
973 2202 1020 2237 est
1051 2203 1134 2239 velle

260 2250 399 2288 illudere
409 2275 420 2291 ,
434 2250 468 2284 δι
479 2251 498 2284 ὲ
507 2249 670 2294 disparato
681 2251 722 2286 ad
735 2252 932 2294 disparatum
944 2253 1128 2288 discurrere.

263 2299 354 2343 Resp.
377 2311 443 2344 ergo
462 2302 598 2344 negando
616 2302 789 2334 antecedens
811 2313 823 2343 ·,
852 2303 898 2334 ad
927 2302 1132 2343 probationem

262 2352 328 2384 dieo
348 2361 356 2382 ε
394 2350 467 2384 istas
488 2359 582 2383 voces
601 2351 678 2384 adu,
693 2348 828 2394 quidem
850 2361 1047 2394 conceptum
1079 2352 1131 2387 lo-

262 2399 393 2442 quentis
414 2399 453 2433 de
474 2410 507 2433 te
529 2399 710 2443 significeta
733 2399 911 2435 formatum
942 2412 1011 2436 non
1041 2404 1130 2446 posse

260 2449 465 2494 significate;
485 2450 550 2482 esse
569 2459 677 2483 tamen
698 2449 769 2486 vere
783 2450 871 2484 illius
890 2451 1129 2495 significativas,

259 2499 296 2534 δε
320 2498 360 2533 ad
391 2497 455 2532 hoc
474 2499 548 2533 esse
566 2510 656 2542 aptas
676 2523 688 2539 ,
715 2511 753 2534 ac
785 2498 901 2535 h2bere
924 2502 1126 2544 potentiam

261 2548 364 2596 Quod
375 2548 464 2583 enim
477 2547 532 2583 hic
543 2549 576 2583 &
591 2559 680 2583 nunc
691 2551 759 2583 actu
772 2551 953 2595 significare
969 2551 1129 2586 audienti-

257 2597 320 2633 bus
339 2609 405 2632 non
431 2599 553 2643 possint
568 2610 589 2633 :-.
603 2598 668 2633 hoc
693 2612 760 2634 non
777 2611 818 2635 ex
831 2601 958 2635 defectu
977 2603 1129 2644 potentiae

258 2649 300 2683 ad
322 2648 571 2692 significandum
592 2648 748 2692 expeditae
769 2663 780 2683 .-
803 2651 856 2684 sed
875 2662 919 2685 ex
930 2651 1054 2686 desestu
1068 2664 1121 2695 po·

259 2699 369 2732 tentiae
389 2696 429 2730 ad
450 2698 696 2742 significandum
723 2710 789 2732 non
826 2702 995 2743 applicatae
1016 2726 1027 2742 ,
1067 2703 1128 2737 sive

260 2755 315 2784 u
331 2746 456 2782 defectu
488 2747 717 2791 applicationis
738 2760 847 2784 ottum
860 2749 955 2793 habet
993 2776 1003 2783 .
1018 2770 1020 2774 .
1035 2753 1124 2787 Sicut

256 2798 349 2842 quod
366 2797 453 2842 ignis
467 2798 549 2832 nulli
567 2799 696 2841 corpori
718 2799 924 2834 calefastibili
944 2802 1124 2843 applicatus

257 2847 434 2883 calefacere
446 2859 519 2883 non
527 2848 642 2892 possit:
669 2848 732 2882 hoc
746 2860 812 2882 non
827 2849 863 2883 fit
877 2874 888 2889 ,
902 2852 978 2893 quia
994 2853 1125 2889 calefac-

256 2899 343 2932 tivus
355 2909 422 2932 non
434 2897 481 2932 est
494 2923 505 2939 ‚
520 2909 562 2932 ex
575 2898 701 2934 defectu
714 2899 864 2941 potentiae
877 2900 917 2933 ad
941 2900 1125 2937 calefacien-

256 2949 343 2983 dum.
367 2959 436 2981 non
461 2949 646 2991 expeditae·,
683 2949 744 2983 sed
763 2960 807 2983 ex
829 2949 953 2984 defectu
979 2955 1127 2993 potentiae

255 3008 322 3034 non
340 2998 520 3041 applicatae.
547 2999 690 3033 Praefatae
703 3010 781 3043 ergo
795 2999 859 3032 istae
883 3011 976 3034 voces
1003 3003 1076 3036 vete
1087 3003 1126 3036 fi·-

253 3048 453 3093 gnificativae
464 3049 561 3089 sunt,
585 3050 785 3092 possuntque
798 3050 974 3094 significare
994 3050 1124 3095 loquen-

253 3099 297 3132 tis
313 3109 530 3145 conceptum,
557 3100 592 3134 δε
610 3111 680 3133 tem
702 3100 719 3132 a
742 3100 897 3144 loquente
923 3112 1126 3145 conceptam,

251 3147 385 3189 quando
394 3149 435 3182 ad
450 3149 698 3195 significandum
712 3151 879 3192 applicatae
903 3152 996 3184 sunt.
1023 3152 1126 3199 Qod

253 3198 332 3232 vero
354 3198 433 3231 adi
415 3197 664 3243 significandum
686 3211 753 3233 non
773 3201 909 3243 applicat
915 3196 1127 3246 aesignificare

253 3258 323 3282 non
353 3249 470 3305 possint
490 3271 501 3287 ‚
534 3250 615 3292 quid
643 3249 717 3284 miri
746 3250 824 3290 est,
852 3262 925 3284 cum
949 3253 1126 3295 applicatio

253 3299 381 3342 agentis
403 3299 444 3332 ad
465 3300 628 3342 agendum
642 3301 678 3333 sit
703 3302 819 3334 actioni
847 3301 999 3335 conditio
1024 3305 1125 3337 neces-

255 3348 339 3381 sario
364 3349 571 3391 praerequisita
584 3348 601 3379 ,ἲ
628 3351 720 3393 ‚Quod
731 3353 803 3383 verb
824 3363 906 3383 voces
930 3351 991 3391 lstae
1011 3353 1122 3394 praefa

257 3406 300 3430 tae
320 3399 364 3430 ad
377 3398 604 3442 significandum
624 3402 852 3441 applicationem
882 3412 938 3433 non
971 3401 1123 3437 habeant
1117 3429 1127 3445 ,

257 3449 382 3482 evidens
401 3449 458 3487 est:
484 3450 560 3491 quia
584 3459 700 3483 vocum
723 3452 762 3483 ad
789 3450 1039 3494 significandum
1064 3464 1124 3498 ap-

328 3496 448 3538 Christ.
472 3501 659 3542 Lupiopera
670 3502 749 3535 Tom
762 3503 836 3533 ΧΠ.

1928 137 2018 181 135

1192 203 1328 248 plicatio
1349 203 1394 237 est
1418 203 1559 243 volitio‚
1586 216 1648 248 qua
1671 206 1784 241 volens
1806 206 1877 243 vult
1901 218 1954 253 per
1966 217 2063 242 voces

1191 256 1209 289 ὲ
1231 255 1263 288 se
1286 253 1424 297 prolatas
1450 253 1634 298 significare
1656 256 1746 290 suum
1768 269 1964 302 conceptum
1988 283 2000 299 ,
2024 269 2063 292 ac

1193 315 1258 337 rem
1279 304 1296 337 a
1320 304 1350 337 se
1379 313 1595 346 conceptam;
1620 313 1654 337 ut
1680 306 1777 338 dicam
1799 309 1884 349 infra
1907 310 1944 342 de
1957 307 2064 352 suppo·

1186 352 1288 396 fitione
1308 364 1399 397 agens
1420 367 1431 387 .-
1460 353 1552 397 atqui
1574 353 1640 388 islae
1659 356 1794 397 praefatae
1815 369 1909 392 voces
1936 360 1969 392 in
2004 360 2064 392 suo

1195 404 1378 447 proferente
1397 415 1466 438 non
1478 403 1599 439 habent
1618 402 1674 437 sibi
1697 406 2002 447 correspondentem
2017 418 2065 442 ta-

1193 454 1254 487 lem
1268 454 1484 488 volitionem:
1512 453 1591 498 ergo
1602 465 1672 488 non
1694 451 1814 488 habent
1826 455 1865 489 ad
1887 457 2065 500 significan-

1193 505 1271 538 dum
1293 504 1565 547 applicationem

1247 564 1299 599 19.
1329 556 1423 598 ,Quod
1442 563 1541 588 autem
1551 553 1611 594 ''stae
1629 554 1775 596 prefatae
1797 564 1880 587 voces
1902 566 1974 588 vere
1964 554 2066 598 figni

1186 604 1328 646 ficativae
1345 603 1406 644 fint
1422 611 1466 638 rei
1485 614 1650 645 conceptae,
1670 616 1705 637 ac
1723 613 1878 646 conceptus
1907 606 2064 648 loquentts;

1185 653 1279 695 facile
1291 653 1420 696 ostendi,
1448 653 1654 696 acconfirmari
1673 655 1782 696 potest:
1810 654 1884 697 quia
1904 665 2018 688 omnes
2032 656 2068 693 il÷

1170 3303 1173 3321 l

1196 708 1231 737 lae
1255 715 1349 738 voces
1371 706 1444 738 sunt
1469 706 1712 750 significativae,
1733 715 1804 747 quae
1825 704 1865 739 ad
1887 704 2071 749 significan-

1195 756 1273 787 dum
1295 755 1370 788 sunt
1390 755 1570 797 deputam,
1590 768 1627 789 ac
1650 755 1824 797 instatutae;
1850 755 2068 798 atquiomnes

1195 804 1256 837 illae
1265 805 1398 846 ptaefatae
1412 816 1506 839 voces
1516 818 1531 847 ;
1556 817 1583 837 v.
1597 817 1629 851 g.
1643 804 1690 839 hae
1706 830 1716 846 ,
1742 805 1825 838 homo
1835 805 1872 845 est
1891 807 2007 838 animal
2018 817 2068 838 ra·

1195 857 1305 887 ttonale
1317 878 1326 893 ‚
1339 856 1467 898 prolatae
1479 855 1520 889 ab
1531 855 1643 900 aliquo
1656 856 1840 890 dormiente
1852 880 1863 896 ‚
1887 866 1942 890 aut
1955 866 2070 889 comae-

1195 904 1262 943 do,
1287 904 1471 945 autbruto,
1498 906 1568 940 sunt
1582 906 1621 940 ad
1636 906 1885 950 significandum
1896 907 2069 949 deputatae:

1194 965 1273 997 ergo
1283 956 1355 987 sunt
1371 955 1442 989 vere
1453 956 1669 1000 significativa:
1705 956 1852 989 Probatur
1865 962 1976 989 minor:
1992 955 2069 999 quia

1196 1014 1310 1038 omnes
1320 1004 1381 1037 illae
1391 1016 1486 1038 voces
1499 1008 1570 1040 sunt
1582 1005 1621 1039 ad
1634 1005 1880 1051 significandum
1900 1005 2072 1049 deputatae,

1196 1065 1264 1098 quae
1275 1054 1439 1096 suntaptae
1450 1055 1565 1089 servite
1575 1058 1830 1098 communioni,
1855 1068 1892 1090 ac
1915 1056 2072 1090 sermoci-

1199 1104 1323 1137 nationi
1338 1103 1506 1137 humanae:
1538 1117 1565 1137 v.
1586 1117 1620 1150 g.
1646 1108 1775 1142 Omnes
1795 1107 1861 1141 istae
1875 1116 1973 1140 voces
1997 1107 2072 1139 sunt

1197 1154 1355 1196 deputatae
1374 1155 1415 1188 ad
1438 1154 1685 1198 significandum
1717 1155 1817 1190 latine
1838 1180 1849 1196 ‚
1874 1157 1996 1200 grae,
2021 1154 2073 1190 vel

1197 1204 1400 1261 germanice„
1428 1215 1499 1247 quae
1511 1206 1584 1239 sunt
1596 1215 1676 1248 aptae
1688 1207 1803 1240 servite
1824 1205 2074 1240 sermocinatio-

1199 1255 1232 1287 ni
1258 1254 1381 1294 latine,
1401 1255 1524 1299 graece,
1546 1256 1598 1288 vel
1621 1256 1807 1300 germanice
1836 1268 1843 1287 z
1863 1256 1954 1299 atqui
1978 1265 2074 1288 voces

1198 1305 1327 1346 prolatae
1350 1305 1369 1338 a
1389 1306 1629 1340 dormientibus
1652 1331 1662 1346 ,
1690 1305 1841 1340 comaedis
1862 1330 1874 1343 ‚
1900 1317 1938 1339 ac
1958 1304 2075 1342 avibus

1197 1355 1421 1396 quamtumvis
1437 1356 1508 1388 astu
1520 1355 1553 1388 ὅ(
1565 1356 1606 1390 de
1619 1357 1705 1390 fano
1729 1355 1995 1390 sermocinationi
2020 1354 2075 1388 hu-

1199 1415 1302 1437 manae
1326 1415 1394 1438 non
1416 1405 1578 1447 serviant3
1604 1408 1719 1440 servire
1740 1417 1848 1441 tamen
1869 1415 1951 1450 aptae
1980 1407 2076 1444 sunt,

1197 1464 1275 1498 ergo
1288 1465 1404 1488 omnes
1417 1455 1481 1489 islae
1505 1467 1600 1489 voces
1615 1457 1688 1490 sunt
1713 1457 1753 1491 ad
1767 1454 2078 1501 fignificandumde-

1200 1514 1318 1545 putatae
1332 1528 1341 1536 .
1367 1507 1455 1538 Patet
1469 1512 1563 1538 minor
1576 1519 1587 1539 :
1613 1507 1689 1551 quia
1705 1507 1769 1540 istae
1790 1518 1888 1541 voces
1911 1509 1985 1540 sunt
1997 1514 2078 1548 aptae

1199 1554 1354 1587 deservire
1368 1556 1634 1589 sermocinationi
1652 1555 1826 1596 humanae,
1848 1567 1903 1599 per
1924 1566 2003 1598 quas
2020 1554 2080 1588 ho-

1199 1605 1305 1636 mines
1319 1605 1401 1637 inter
1414 1604 1443 1636 se
1455 1605 1625 1649 colloqui,
1647 1617 1683 1640 ac
1700 1606 1910 1640 sermocinari
1935 1603 2076 1654 poffint3

1199 1655 1287 1696 atqui
1302 1656 1488 1695 qufitumvis
1504 1667 1558 1698 per
1573 1666 1668 1689 voces
1693 1654 2083 1691 articulatasadormieu·

1202 1703 1291 1736 tibus
1303 1727 1313 1743 ‚
1325 1705 1480 1738 comaedis
1491 1731 1501 1745 ,
1527 1716 1582 1743 aut
1594 1706 1705 1739 avibus
1718 1706 1858 1750 prolatas
1868 1703 2022 1740 homines
2033 1704 2082 1736 in-

1201 1764 1248 1786 ter
1272 1754 1305 1786 se
1327 1755 1398 1787 adu
1414 1765 1481 1788 non
1495 1756 1750 1799 colloquantur3
1776 1766 1874 1791 voces
1885 1764 1993 1788 tamen
2017 1752 2082 1786 issae

1200 1813 1279 1845 aptae
1295 1805 1388 1849 sunt,
1415 1813 1450 1837 ut
1464 1817 1516 1848 pet
1531 1806 1601 1838 illas
1614 1806 1766 1840 homines
1778 1805 1926 1848 colloqui
1949 1802 2083 1848 possint:

1199 1863 1278 1896 ergo
1291 1853 1361 1887 issae
1373 1865 1490 1895 voces,
1515 1856 1588 1889 licet
1601 1858 1671 1890 astu
1696 1867 1765 1891 non
1788 1856 1952 1893 serviant,
1971 1863 2081 1887 tamen

1200 1915 1280 1946 aptae
1305 1903 1380 1937 sunt
1403 1905 1517 1937 servire
1543 1905 1692 1939 humanae
1715 1904 1983 1939 sermocinationi
2007 1915 2015 1934 :
2043 1914 2081 1942 ⁵at-

1200 1954 1327 1993 deoque
1350 1952 1434 1985 nihil
1456 1954 1638 1997 significent
1662 1979 1673 1994 ‚
1703 1965 1809 1999 neque
1831 1955 1869 1988 ad
1895 1953 2082 1999 significan-

1199 2001 1278 2035 dum
1301 2003 1471 2045 applicatae
1491 2006 1551 2038 sint
1571 2017 1585 2047 ;
1607 2014 1718 2039 tamen
1739 2005 1919 2050 applicari,
1933 2002 2081 2048 actigui-

1200 2053 1293 2086 ficare
1312 2053 1440 2094 possunt
1455 2078 1463 2086 .

1248 2109 1306 2135 20.
1336 2102 1450 2134 Eodem
1471 2105 1557 2136 modo
1573 2102 1654 2145 solvi
1665 2105 1751 2137 debet
1772 2107 1897 2148 vulgare
1922 2115 2082 2148 argumen-

1201 2158 1263 2182 tum
1275 2175 1285 2191 ,
1312 2152 1391 2191 quod
1400 2152 1437 2185 de
1451 2154 1570 2186 vocibus
1585 2159 1785 2187 mentientium
1793 2155 1856 2196 fieri·
1865 2154 1954 2197 solet:
1983 2164 2080 2188 voces

1199 2210 1267 2234 non
1295 2199 1479 2245 significant
1494 2204 1550 2236 nisi
1572 2214 1769 2247 conceptum
1790 2205 1849 2238 sibi
1872 2205 1904 2237 in
1923 2205 2081 2246 loquente

1198 2250 1528 2293 correspondentem;
1549 2255 1636 2295 atqui
1652 2266 1747 2288 voces
1761 2254 2080 2288 mentientiumnon

1200 2299 1322 2332 habent
1336 2300 1393 2334 sibi
1408 2303 1717 2344 correspondentem
1739 2304 1770 2337 in
1785 2306 1941 2347 loquente
1963 2314 2080 2337 conce-

1199 2359 1305 2391 ptum.-
1318 2361 1396 2394 ergo
1410 2351 1583 2385 istaevoces
1597 2363 1664 2386 non
1678 2353 1750 2387 sunt
1764 2354 1986 2396 fignificativae
1999 2363 2080 2386 con-

1198 2409 1310 2441 ceptus
1322 2423 1330 2431 .
1357 2399 1440 2443 Resp.
1453 2406 1532 2434 enim
1546 2404 1673 2445 negand.
1688 2401 1940 2445 consequentiam.
1969 2402 2076 2450 Qod

1199 2459 1339 2492 namque
1353 2450 1416 2484 istae
1430 2462 1523 2486 voces
1535 2463 1730 2496 conceptum
1744 2453 1909 2496 loquentis
1921 2454 1993 2486 adiu
2004 2463 2075 2486 non

1200 2499 1382 2542 significent
1396 2512 1406 2542 3
1431 2499 1495 2535 hoc
1508 2513 1574 2535 non
1588 2514 1628 2535 ex
1641 2503 1765 2537 defestu
1781 2504 1932 2546 potentia:
1952 2501 2075 2546 signifi-

1196 2550 1309 2586 cativae
1321 2551 1361 2583 ad
1385 2550 1634 2595 significandum
1647 2563 1803 2597 promptae
1815 2577 1826 2593 ,
1845 2564 1882 2586 ac
1894 2552 2051 2594 expedita
2061 2565 2074 2594 .;

1197 2599 1249 2632 sed
1262 2611 1301 2632 ex
1319 2599 1445 2635 defectu
1462 2603 1615 2645 potentiae
1626 2604 1665 2635 ad
1676 2604 1926 2648 significandum
1943 2614 2009 2636 non
2021 2614 2077 2646 ap—

1197 2650 1322 2692 plicatae
1335 2662 1444 2685 ortum
1458 2652 1557 2686 trahit
1573 2677 1579 2683 .
1608 2652 1645 2685 In
1661 2651 1725 2686 hoc
1739 2665 1882 2697 namque
1903 2663 2072 2698 peccatum

1195 2711 1231 2732 ac
1245 2699 1368 2733 malitia
1380 2703 1537 2736 mendacii
1551 2703 1608 2736 sita
1616 2703 1662 2735 est
1676 2727 1687 2743 ,
1700 2704 1789 2746 quod
1802 2703 1932 2737 homos
1945 2702 2074 2746 legibus

1194 2749 1357 2784 societatis
1370 2764 1406 2785 ac
1418 2754 1663 2787 communionis
1681 2751 1828 2787 humanae
1841 2754 1872 2786 se
1885 2752 2070 2785 difformet:

1193 2800 1281 2842 quod
1294 2802 1428 2836 vocibus
1443 2815 1509 2837 uon
1523 2813 1632 2837 utatur
1644 2815 1685 2837 eo
1699 2804 1801 2837 modo
1817 2827 1828 2843 ‚
1850 2814 1917 2844 quo
1931 2813 1987 2845 per
2010 2801 2073 2845 pti-

1193 2860 1278 2883 mam
1293 2851 1534 2886 instituentium
1554 2854 1658 2897 legem
1682 2854 1700 2887 εὶ
1720 2854 1890 2888 communi
1916 2853 2069 2887 omnium

1194 2902 1248 2934 usu
1269 2925 1279 2940 ,
1305 2912 1342 2934 ac
1367 2903 1434 2945 jure
1460 2905 1609 2948 gentium
1636 2915 1836 2947 acceptatam
1864 2903 1913 2936 uti
1940 2913 2071 2942 tenetuae

1193 2962 1230 2989 ac
1257 2951 1376 2992 debet,
1404 2954 1491 2996 quod
1521 2964 1615 2987 voces
1641 2954 1681 2987 ad
1708 2954 1797 2987 aliud
1818 2953 2068 2996 significandum

1193 3002 1373 3043 supponat,
1400 3015 1437 3037 ac
1464 3005 1628 3047 applicet,
1654 3014 1752 3046 quam
1767 3002 1930 3046 supponi,
1957 3014 1995 3036 ac
2017 3013 2070 3046 ap·

1193 3052 1304 3093 plicari
1331 3052 1505 3087 deberent.
1534 3055 1622 3088 Cum
1644 3054 1732 3087 enim
1762 3064 1859 3089 voces
1886 3055 2069 3095 supponere

1190 3101 1321 3134 deberet
1349 3103 1390 3137 ad
1419 3104 1669 3148 significandum
1707 3104 1802 3138 istum
1843 3113 2065 3145 conceptum.

1193 3151 1341 3194 istudque
1368 3154 1410 3185 de
1436 3165 1468 3186 re
1496 3154 1674 3197 significata
1701 3153 1858 3195 judicium
1881 3177 1892 3193 ,
1917 3152 2007 3196 quod
2031 3153 2069 3189 in

1193 3201 1222 3234 se
1242 3202 1312 3235 vere
1339 3199 1461 3243 habet,-
1488 3203 1642 3246 supponit
1668 3215 1720 3238 eas
1748 3205 1788 3237 ad
1816 3202 2067 3246 decipiendum,

1190 3263 1227 3285 ac
1253 3251 1510 3296 significandum
1532 3252 1731 3295 judicium,
1757 3255 1846 3298 quod
1876 3254 1923 3291 in
1938 3254 1979 3288 se
1997 3262 2069 3288 non

1190 3301 1306 3335 habet.

1240 3361 1293 3387 21.
1323 3353 1392 3383 Dico
1416 3350 1574 3395 secundo·
1618 3364 1686 3387 non
1725 3353 1830 3387 solum
1858 3363 1968 3388 voces
1989 3354 2066 3388 sunt

1189 3401 1407 3445 significativae
1434 3403 1478 3436 rei
1506 3414 1671 3446 conceptae
1699 3428 1709 3443 ‚
1746 3405 1779 3438 ἀ
1805 3414 1987 3447 conceptus
2012 3403 2068 3436 lo·

1190 3452 1339 3497 quentis·‚
1369 3452 1532 3492 sedetiam
1554 3453 1689 3504 quidam
1702 3455 1771 3489 soni
1798 3453 1989 3494 articulati,
2015 3454 2074 3495 qui

1597 3503 1639 3537 M
1690 3515 1711 3553 3
1835 3500 1840 3506 ’
1929 3513 2026 3539 voces
