2384 3770
328 186 386 217 1‘0

296 255 336 290 ad
349 261 475 303 praefata
489 259 547 293 ista
559 258 671 293 sanai
683 258 848 308 Ambrosii
860 261 901 296 de
914 263 1030 297 Sancto
1043 260 1190 296 Eusebio

299 310 395 344 verba
407 307 488 343 recte
501 307 591 343 dicit
616 309 805 352 Cardinalis
829 311 1006 346 Batonius:
1035 312 1126 355 ,Quod
1146 317 1190 353 ip-

128 355 171 392 A·
198 353 278 394 228·
293 353 362 399 sum
383 356 654 400 praestantiffimum
691 366 768 395 vitae
790 373 884 405 genus
927 362 1055 395 santius
1082 364 1188 394 Marti·

131 420 162 442 n.
181 418 235 445 22.
299 420 354 442 nus
379 407 548 450 Turonensis
576 409 738 453 Episcopus
765 410 944 453 transvexit
984 417 1016 444 in
1044 412 1160 444 Gallias
1181 435 1192 451 ,

298 460 332 492 (tt
356 458 479 492 Sanc‘ius
509 459 682 502 Augustinus
703 466 736 493 in
748 460 910 502 Africam.;
929 460 1070 495 Constat
1095 472 1186 494 nam·

300 519 362 552 que
379 510 530 543 Sanstum
558 508 746 544 Martinum
758 511 932 553 aliquoties
960 512 1054 545 fuisse
1081 512 1113 544 in
1129 512 1190 544 lta·

299 559 359 592 lia.
385 559 465 593 Fuit
497 559 587 592 enim
617 560 649 593 in
679 560 875 603 quibusdam
910 561 1031 595 Italicis
1059 560 1188 603 Episco-

300 620 416 653 porum
442 607 617 643 Conciliis':
649 610 809 655 Magistro
832 613 891 648 suo
915 611 1032 645 Sancto
1055 611 1189 645 Hilario

301 658 508 694 pictavorum
527 660 691 703 Episcopo
724 662 765 693 de
799 661 901 695 exilio
936 661 970 693 in
996 660 1122 696 Gallias
1146 671 1190 693 re-

301 709 416 745 deunti
438 711 578 743 occurrit
601 710 701 754 usque
722 709 889 744 Romam:
913 721 950 743 ac
974 709 1110 753 longam
1147 710 1190 743 sa·

301 760 345 795 tis
364 770 511 798 moram,
539 757 641 802 idque
663 761 769 794 caussa
799 761 987 795 fluiiuantis
1003 759 1104 799 fidei,
1131 769 1190 793 tra·

302 810 353 845 xit
378 811 411 844 in
431 809 632 843 monasterio
653 809 920 850 Mediolanenfi,
946 810 1015 844 dira
1029 809 1072 843 ibi
1088 811 1192 853 pasius

303 861 346 894 ab
367 860 471 903 impio
494 859 669 894 Auxentio
688 860 890 894 Arianorum
926 859 1093 903 Episcopo
1116 882 1128 899 ,
1153 870 1191 892 ac

304 909 382 944 inde
401 906 534 943 tandem
556 909 718 944 violenter
740 912 906 944 extrusus.
932 910 1065 942 Saucius
1082 910 1192 951 itaque

304 959 497 993 Ambrosius
509 959 594 994 istud
609 959 847 993 Monaslerium
861 969 930 992 non
942 958 1043 993 erexit
1054 983 1065 999 ‚
1088 958 1140 992 sed
1156 959 1189 991 in

304 1009 523 1050 suatEcclefia
551 1009 701 1048 invenit,
727 1012 867 1042 cresium
888 1006 975 1042 haud
1002 1006 1100 1047 dubie
1122 1019 1189 1042 non

304 1059 350 1094 ita
373 1060 497 1103 pridem
515 1058 661 1093 &sancto
681 1057 843 1093 Eusebio:
869 1067 972 1100 atque
997 1059 1031 1091 in
1046 1070 1086 1094 eo
1099 1057 1191 1092 addi·

304 1108 387 1143 dicit
409 1106 574 1142 Martinus
599 1108 813 1142 monasticam
837 1107 1046 1150 disciplinam
1067 1130 1077 1146 .
1109 1118 1190 1141 tran·

305 1157 459 1202 stulitque
482 1159 633 1192 secumin
653 1158 828 1192 Ecclefiam
851 1157 1057 1191 Gallicanam
1072 1182 1079 1190 .
1103 1157 1191 1191 Mul-

305 1219 377 1243 tum
401 1219 533 1252 quoque
555 1206 641 1241 haud
662 1206 759 1243 dubie
783 1206 900 1241 didicit
939 1207 957 1240 ὲ
982 1208 1101 1241 Sancto
1123 1208 1190 1240 Hi·

306 1259 389 1293 lario
411 1258 576 1301 Episcopo
599 1257 804 1292 Piflavorum
828 1281 836 1291 .
877 1257 946 1290 Hic
969 1266 1111 1299 namque
1133 1256 1191 1288 Hi·

309 1308 430 1349 larius,
457 1309 598 1342 sastiorie
617 1307 784 1341 Saturnini
821 1305 1015 1340 Arelatenfis
1036 1306 1189 1348 Episcopi

309 1358 449 1399 Ariani,
474 1358 493 1393 ὲ
521 1357 640 1400 pseudo
660 1357 798 1400 Synodo
821 1355 1027 1399 Bytherrenli
1048 1355 1180 1399 deporta

308 1419 359 1444 tus
382 1419 415 1442 in
446 1407 617 1448 Exilium,
643 1418 751 1441 totum
790 1406 969 1451 peragravit
1013 1406 1192 1444 orientem,

307 1457 407 1502 idque
436 1469 539 1500 neque
568 1458 751 1501 inglorius,
783 1467 889 1498 neque
914 1455 1059 1490 incurius
1083 1479 1090 1487 .
1119 1454 1190 1487 Ete-

308 1509 382 1544 nim
409 1508 442 1540 in
471 1506 614 1551 Phrygia
639 1507 803 1541 suscitavit
830 1515 1017 1538 mortuum:
1046 1503 1191 1538 interfuit

307 1558 468 1593 Concilio
497 1557 687 1591 Seleucienfi
725 1567 761 1589 ac
788 1553 1191 1597 Constantinopolitano.-

307 1607 603 1651 Constansinopoli
631 1609 772 1641 Atianos
800 1605 977 1648 Episcopos
1005 1602 1192 1647 provocavit

307 1657 349 1692 ad
390 1658 553 1702 publicam
585 1656 838 1700 disputationem
860 1679 870 1695 ,
905 1654 1027 1697 semper
1063 1655 1193 1691 interim

306 1708 559 1742 communicans
584 1719 620 1743 ac
647 1704 848 1741 familiariter
874 1715 966 1740 utens
991 1705 1067 1740 solis
1078 1706 1190 1751 AEgy-

308 1759 358 1801 pti
387 1758 577 1801 Episcopis,
604 1769 686 1803 quos
712 1768 828 1791 omnes
853 1756 994 1802 insignes
1014 1756 1194 1791 fuiffeMo·

306 1808 433 1842 nachos
459 1819 537 1843 mox
564 1810 632 1842 sum
660 1807 844 1842 ostensurus
860 1832 867 1840 .
893 1807 1017 1848 Hisce,
1045 1807 1192 1851 iuquam,

309 1858 389 1891 solis
414 1859 677 1892 communicavit
703 1857 850 1892 Hilarius
876 1857 932 1891 ille
952 1882 964 1899 ,
1001 1857 1058 1899 qui
1085 1867 1194 1891 tantus

310 1908 374 1943 fuit
402 1908 473 1942 vitae
501 1909 688 1942 monastico:
713 1918 840 1946 amator
859 1932 869 1948 ‚
895 1906 1060 1943 ucetiam
1086 1905 1194 1942 adhuc

311 1958 413 1993 laicus
439 1959 564 2003 legatur
591 1960 625 1991 in
652 1958 710 1992 suo
746 1955 908 2000 conjugio
949 1958 1034 1998 quasi
1069 1957 1194 1993 Mona-

310 2008 411 2043 chum
440 2008 571 2042 vixiffe.
599 2006 807 2050 proindeque
832 2004 921 2039 haud
963 2004 1099 2038 dubium
1125 2005 1193 2045 est,

311 2059 391 2102 quin
420 2069 554 2092 omnem
582 2058 654 2091 vitae
689 2056 782 2090 istius
806 2056 968 2087 rationem
995 2054 1108 2086 sedulo
1127 2066 1196 2095 per-

310 2112 469 2143 scrutatus
492 2108 556 2147 lit,
581 2115 678 2147 atque
705 2102 913 2145 postmodum
941 2099 1107 2133 tradiderit
1120 2102 1196 2133 San-

311 2162 365 2194 ἂο
387 2157 556 2191 Martino.
585 2154 628 2187 Et
640 2164 678 2187 ex
693 2151 755 2186 hac
768 2151 876 2185 Sancti
893 2149 1061 2182 Athanasii
1075 2151 1127 2183 seu
1141 2161 1194 2192 po-

313 2210 380 2242 tius
408 2207 517 2241 Sansti
551 2202 697 2237 Antonii
736 2213 789 2244 per
837 2201 987 2234 Sannum
1017 2199 1194 2232 Eusebium

313 2257 496 2303 propagine
523 2254 746 2288 descendimus
772 2252 871 2285 etiam
898 2261 958 2283 nos
986 2248 1195 2292 Augustinia·

314 2310 351 2343 ni
379 2305 550 2342 Eremirae.
578 2304 664 2337 Eum
691 2301 796 2346 ipsum
821 2310 962 2342 namque
982 2299 1196 2338 Antonium,

315 2367 414 2403 quem
451 2357 486 2390 in
524 2353 636 2388 codice
672 2351 826 2395 scripturn
859 2350 970 2383 attulit
999 2347 1195 2382 Athanasius

315 2410 484 2446 Romam,
512 2403 651 2438 narravit
679 2400 869 2446 Augustino
897 2399 1030 2432 Nobilis
1057 2399 1103 2432 vir
1131 2398 1199 2432 Po-

315 2459 476 2496 titianus,
503 2463 703 2495 omnemque
725 2452 798 2484 vitae
832 2450 1031 2483 Antonianae
1057 2449 1196 2482 formam

315 2508 453 2553 propriis
479 2503 582 2538 oculis
609 2502 751 2535 lustravit
780 2498 985 2544 Augustinus
1010 2500 1046 2532 in
1075 2498 1197 2532 Italicis

319 2557 426 2594 Sanffi
456 2553 586 2589 Eusebii
612 2550 966 2593 Monasteriis,‘atque
987 2549 1095 2582 secum
1116 2559 1199 2582 tran—

320 2607 434 2647 ssulit,
462 2605 519 2639 ubi
541 2604 605 2638 huc
617 2604 716 2646 usque
740 2612 799 2635 nec
822 2600 886 2633 visa
899 2610 959 2632 nec
982 2609 1060 2632 nota
1085 2600 1199 2638 fuerat,

323 2659 365 2693 ad
388 2655 541 2691 Ecclefias
561 2653 743 2687 Africanas.
772 2651 826 2685 Sic
849 2649 955 2693 palam
973 2649 1107 2682 testatur
1131 2649 1199 2692 ipse

324 2710 359 2743 in
385 2705 480 2740 variis
506 2705 587 2739 locis
601 2729 608 2735 .
635 2702 751 2737 Scribit
765 2701 852 2734 enim
874 2700 908 2732 in
928 2698 1017 2732 libris
1038 2698 1200 2732 Retrasta·

324 2760 475 2794 tionum.
504 2759 542 2788 Ut
569 2755 606 2787 de
627 2762 708 2795 opere
723 2750 930 2784 Monachorum
955 2749 1067 2781 librum
1082 2747 1198 2791 conscri-

325 2810 444 2847 berem,
471 2806 524 2838 illa
550 2816 594 2837 me
620 2803 761 2842 neceffitas
787 2800 927 2841 compulit
951 2822 962 2839 ,
983 2800 1062 2840 quod
1082 2810 1147 2832 cum
1170 2811 1201 2830 a·

323 2859 389 2902 pud
408 2855 620 2898 Carthaginem
651 2851 824 2891 monasteria
844 2850 895 2892 effe
929 2848 1073 2891 caepiffent
1096 2872 1109 2889 ,
1141 2850 1197 2882 erc.

330 2910 372 2943 Et
398 2908 431 2940 in
457 2906 542 2939 libro
569 2903 611 2937 de
637 2913 734 2946 opere
769 2898 1015 2934 Monachorum
1035 2924 1042 2931 .
1075 2903 1100 2930 Ο
1119 2896 1202 2940 servi

331 2961 410 2996 Dei,
431 2956 534 2989 milites
557 2952 688 2993 Christi,
707 2957 787 2984 itane
797 2949 978 2990 diffimulatis
1002 2949 1102 2981 callidi
1115 2948 1201 2989 hostis

329 3007 452 3050 infidias
466 3029 476 3044 ,
503 3009 554 3046 qui
573 3003 680 3036 bonam
694 3001 817 3043 famam
842 2999 994 3038 vestram,
1013 3005 1077 3030 tam
1098 2997 1204 3030 bonum

331 3055 443 3095 Christi
465 3055 579 3087 odorem
592 3077 602 3093 ,
623 3057 698 3086 omni
717 3051 799 3084 modo
821 3055 939 3091 cupiens
954 3046 1104 3090 obscurare
1120 3056 1204 3090 puto-

332 3109 412 3141 ribm
431 3106 497 3149 suis
515 3128 525 3144 ‚
553 3113 615 3136 tam
639 3103 742 3134 multos
769 3100 930 3142 hypocritas
949 3097 1004 3140 sub
1024 3097 1128 3130 babitu
1145 3100 1215 3130 Mos

336 3158 494 3192 nachorum
515 3151 714 3196 usquequaque
735 3147 867 3193 disperfit
879 3162 890 3181 .-
910 3151 987 3181 Cum
1007 3153 1121 3181 interea
1146 3146 1206 3181 ubi·

338 3218 456 3249 cumque
479 3212 511 3239 in
526 3202 624 3246 fabiis
640 3199 704 3244 suis
728 3202 816 3233 malls
837 3195 1137 3241 deprebenfifuermt
1152 3196 1206 3240 sub

335 3258 464 3300 generali
492 3258 606 3288 nomine
640 3250 847 3283 Monachorum
878 3248 1006 3287 vestrum
1033 3247 1208 3289 propofitum

341 3305 604 3348 blasphemarunt,
628 3311 692 3335 tam
715 3300 838 3338 bonum,
860 3308 922 3330 tam
945 3297 1105 3338 5anfflum,
1131 3300 1210 3339 quod

342 3362 376 3389 in
401 3354 509 3392 Christi
531 3359 644 3386 nomine
663 3356 796 3392 cupimus
808 3373 818 3388 ,
829 3346 899 3388 ficut
913 3355 968 3388 per
988 3350 1064 3381 alias
1088 3356 1185 3381 terras
1201 3371 1210 3386 ,

339 3405 376 3447 fic
394 3414 446 3446 per
465 3411 559 3435 totam
585 3402 716 3443 Africam
736 3399 903 3441 pullulare.
927 3397 969 3429 Et
991 3407 1158 3439 exponens
1169 3398 1209 3429 10>

342 3466 420 3490 cum
451 3450 600 3496 Apostoli
614 3475 623 3491 ,
652 3450 800 3491 Profanas
813 3458 914 3481 vocum
929 3451 1076 3479 novitates
1095 3449 1213 3486 devita,

343 3507 385 3541 sic
407 3502 491 3539 dixit
510 3499 551 3537 ad
573 3501 747 3545 populum.
772 3502 844 3533 Non
854 3503 899 3531 ait
917 3497 1073 3533 verborum
1096 3503 1214 3532 novita-

762 172 866 218 Dzz
917 174 1196 220 omnmo
1246 172 1648 220 EREMITARUM

1249 268 1314 302 tes,
1337 259 1399 304 sed
1421 261 1511 295 addit
1532 259 1700 303 profanas:
1726 261 1806 293 Sicut
1830 258 1910 295 enim
1925 261 1959 295 ό·
1982 260 2128 296 ᾰσᾶνὶηιέ

1248 313 1416 355 Religionis
1444 321 1632 355 congruentes
1658 309 1809 345 verborum
1835 316 1985 345 novitates
2006 335 2018 352 ,
2052 311 2131 353 ficut-

1250 360 1348 404 ipsum
1372 373 1476 395 nomen
1491 361 1746 402 Christianorum,
1774 361 1896 403 quando
1906 361 1968 394 dici
1991 368 2124 404 caeperit,

1247 410 1392 454 scriptum
1417 412 1474 452 est.
1500 416 1536 444 In
1565 411 1719 444 Antiochia
1742 417 1820 443 enim
1842 409 1905 451 post
1919 409 2126 452 adscenfionem

1253 464 1374 495 Domini
1397 463 1528 504 primum
1552 463 1703 504 appellati
1725 460 1797 503 sunt
1820 458 1960 502 Discipuli
1986 460 2130 501 christia-

1253 516 1304 549 ni,
1328 511 1399 552 ficut
1424 514 1529 556 legitur
1556 517 1588 544 in
1615 511 1731 544 ambus
1758 510 1970 553 Apostolorum.
1996 511 2040 540 Et
2062 514 2127 544 Xe·

1253 560 1392 593 nodochio
1427 564 1461 596 (5
1486 561 1660 600 monasteria
1681 561 1780 603 postea
1802 558 1874 602 sunt
1900 560 2055 602 appellata
2079 571 2126 593 no·

1253 616 1301 644 vis
1330 611 1498 644 nominibus
1512 636 1523 652 ,
1549 623 1597 644 res
1624 621 1724 645 tamen
1750 608 1825 652 ipsae
1851 611 1886 643 Θ
1911 618 1982 642 ante
2008 614 2128 642 nomina

1247 659 1304 703 sua
1329 670 1436 701 erant,
1463 663 1497 695 ὀ·
1523 663 1673 704 religtonis
1698 667 1829 694 veritate
1851 658 2017 700 firmantur
2030 683 2041 699 ‚
2066 670 2127 701 qua

1253 717 1341 743 etiam
1369 719 1469 743 contra
1495 710 1636 753 improbos
1675 709 1881 752 defenduntur
1902 732 1910 740 .
1949 709 2127 743 Praesertim

1253 760 1399 793 adversus
1426 761 1565 795 Martini
1589 759 1724 795 Lutheri
1759 771 1797 794 ac
1830 758 1966 802 Ioannis
1994 757 2129 792 Calvini

1255 810 1428 854 magistros
1448 821 1486 844 ac
1498 813 1702 854 praecursores
1714 809 1916 844 turbulentos
1926 807 2129 847 Donatista,

1255 860 1310 901 qui
1334 858 1575 895 monachorum
1604 861 1637 894 in
1661 859 1769 894 Africa
1789 859 2007 893 institutorem
2020 869 2057 892 ae
2071 857 2130 891 Pa-

1255 908 1428 943 triarcham
1441 911 1661 954 Augustinum
1685 910 1806 952 ubique
1821 907 2035 944 traducebant
2046 918 2130 942 tam-

1255 970 1352 1003 quam
1364 960 1568 994 inventorem
1580 971 1741 994 novorum
1753 959 1999 994 Daemoniorum
2013 983 2020 990 .
2034 958 2129 992 Hinc

1255 1010 1344 1042 enim
1365 1008 1447 1044 dicit
1472 1010 1674 1055 Augustinus
1694 1009 1841 1044 adversus
1863 1007 2063 1042 Petilianum
2074 1018 2130 1041 eo-

1255 1070 1326 1093 rum
1348 1057 1546 1103 Episcopum
1569 1059 1775 1094 Cirthensem
1789 1083 1798 1092 .
1824 1063 1968 1100 Deinceps
1989 1062 2128 1100 perrexit

1258 1120 1306 1142 ore
1334 1111 1473 1143 maledico
1497 1116 1530 1143 in
1560 1115 1814 1152 vituperationem
1841 1108 2075 1148 monasteriorum
2094 1117 2130 1140 ac
2152 1114 2193 1149 L,
2206 1123 2234 1163 3,
2247 1126 2275 1150 ς,

1254 1159 1456 1194 monachorum
1469 1183 1480 1198 ,
1501 1171 1629 1203 arguens
1653 1165 1748 1193 etiam
1769 1170 1816 1192 me
1838 1182 1849 1197 ,
1869 1160 1952 1200 quod
1969 1157 2020 1191 boc
2030 1168 2129 1201 genus
2148 1174 2206 1210 40,

1253 1215 1330 1243 vitae
1352 1212 1373 1241 ᾰ
1391 1220 1436 1241 me
1441 1209 1540 1249 fuerit
1551 1208 1732 1247 institutum.
1756 1208 1852 1249 ,Quod
1864 1217 1959 1250 genus
1980 1213 2055 1239 vitae
2066 1217 2127 1238 ons-

1257 1263 1323 1290 m‘no
1351 1260 1438 1299 quale
1459 1255 1519 1297 fit,
1537 1255 1632 1298 nescit
1653 1280 1664 1297 ,
1681 1257 1733 1289 vel
1747 1263 1847 1298 potius
1869 1263 1929 1288 toto
1943 1255 2009 1288 orbe
2030 1254 2132 1294 notiffi-

1252 1320 1331 1340 mum
1356 1319 1390 1340 ne
1406 1312 1463 1339 cire
1470 1304 1503 1348 se
1517 1306 1606 1349 fingit
1618 1331 1626 1338 .
1655 1306 1696 1338 Et
1709 1307 1741 1339 in
1753 1307 1889 1340 trastatu
1906 1305 1948 1339 ad
1961 1304 2128 1349 populum.

1253 1359 1385 1401 ,Quando
1405 1367 1458 1389 vos
1486 1356 1563 1389 rec‘le
1597 1360 1756 1389 Haereticis
1789 1357 1826 1389 de
1855 1354 2129 1389 circumcellionibus
2150 1365 2275 1401 psalm.

1254 1406 1397 1450 insultare
1415 1411 1564 1447 caeperitis
1586 1428 1598 1444 ‚
1618 1406 1679 1438 iilis
1699 1405 1785 1439 vobis
1806 1404 1952 1447 insultant
1976 1406 2013 1439 de
2032 1415 2132 1438 mono-
2154 1425 2231 1466 132·

1253 1457 1335 1490 chis.
1364 1460 1466 1488 Dicere
1487 1453 1697 1497 consueverunt
1718 1480 1729 1496 ,
1762 1457 1838 1498 quid
1849 1454 1905 1495 fibi
1923 1455 1992 1489 vult
2031 1463 2134 1488 nornen

1254 1506 1470 1540 monachorum?
1481 1506 1570 1549 ,Quid
1578 1517 1646 1549 ergo
1655 1507 1757 1538 dicunt
1767 1506 1824 1546 iili,
1834 1509 1886 1547 qui
1899 1505 1981 1538 nobis
1994 1505 2031 1538 de
2041 1509 2136 1538 nomi·

1260 1569 1296 1591 ne
1311 1555 1515 1590 monachorum
1525 1553 1691 1598 insultant?
1713 1558 1826 1589 Dicunt
1836 1578 1846 1595 ,
1858 1554 2015 1597 ostendite,
2028 1554 2078 1587 ubi
2095 1553 2130 1593 fit

1251 1606 1396 1651 firiptum
1426 1617 1532 1639 nomen
1550 1605 1757 1638 monachorum
1779 1631 1787 1638 .
1819 1608 1857 1637 Hi
1875 1611 1969 1638 etiam
1987 1603 2132 1647 insultare

1256 1658 1337 1692 nobis
1359 1657 1490 1697 audent,
1514 1661 1588 1698 quia
1600 1655 1745 1697 fratres,
1771 1666 1835 1690 cum
1859 1656 1964 1689 vident
1986 1653 2135 1695 homines,

1256 1711 1314 1742 Deo
1331 1713 1447 1752 gratias
1473 1708 1592 1741 dicunt.
1612 1707 1703 1750 ,Quid
1726 1705 1763 1747 est
1777 1731 1787 1746 ,
1808 1711 1948 1749 inquiunt
1965 1729 1977 1745 ‚
1997 1706 2136 1749 Deogra·

1255 1765 1333 1793 rias.
1350 1762 1438 1792 Itane
1456 1755 1569 1801 surdus
1580 1768 1611 1790 es
1627 1781 1638 1797 ‚
1662 1766 1695 1791 ut
1721 1755 1831 1801 nescias
1843 1757 1918 1798 quid
1928 1754 1968 1797 fit
1993 1758 2056 1789 Deo
2061 1765 2137 1798 gra-

1257 1809 1345 1843 tias?
1364 1811 1429 1852 ,Qui
1447 1809 1519 1841 dicit
1544 1810 1603 1841 Deo
1623 1813 1744 1850 gratias
1768 1832 1780 1848 ,
1807 1812 1930 1850 gratias
1956 1810 2021 1849 agit
2046 1806 2111 1837 Deo
2124 1827 2136 1836 .

1257 1861 1332 1894 Vide
1344 1883 1352 1899 ,
1370 1858 1401 1899 fi
1414 1868 1472 1892 non
1482 1857 1677 1899 debetfrater
1696 1857 1759 1890 'Deo
1775 1862 1893 1900 gratias
1904 1866 2012 1900 agere,
2038 1863 2135 1896 quana.

1257 1911 1294 1943 do
1306 1911 1387 1942 vidit
1402 1906 1534 1953 fratrem
1540 1906 1644 1951 suum.
1669 1911 1756 1940 Num
1766 1913 1910 1953 enimnon
1922 1905 1960 1947 est
1972 1905 2050 1938 locus
2056 1914 2137 1948 gra·

1255 1961 1407 1993 iulationis
1422 1984 1432 1999 ,
1450 1960 1568 2001 quando
1582 1956 1616 2001 se
1630 1963 1761 1991 invicem
1774 1959 1883 1992 vident
1895 1981 1907 1997 ‚
1927 1961 1982 1998 ‘qui
1992 1953 2136 1987 babitaret

1255 2015 1288 2042 in
1315 2007 1444 2046 cbristo.
1469 2009 1511 2040 Et
1534 2009 1641 2040 statim
1662 2007 1747 2040 infra
1768 2031 1776 2039 .
1815 2010 1923 2048 ‚Quare
1948 2004 2052 2045 appeti
2101 2013 2138 2035 us

1256 2056 1434 2096 monachos,
1457 2066 1523 2089 cum
1548 2059 1633 2088 dicat
1649 2053 1806 2097 psalmus,
1826 2056 1902 2087 Ecce
1919 2063 2012 2095 quam
2028 2050 2063 2084 bo
2108 2061 2140 2083 m

1255 2107 1289 2137 er
1321 2114 1412 2144 quam
1435 2104 1603 2142 jucundum
1631 2102 1769 2133 habitare
1798 2102 1919 2141 fratres
1951 2107 1984 2132 in
2015 2099 2138 2132 unum?

1256 2158 1359 2189 Mona.
1390 2155 1469 2184 enim
1488 2161 1563 2183 unus
1585 2151 1696 2182 dicitur
1711 2173 1718 2181 .
1763 2153 1809 2184 Et
1842 2160 1899 2182 non
1922 2159 1999 2181 unus
2019 2159 2136 2190 quomo-

1235 2206 1239 2223 !
1255 2202 1432 2244 ducumque,
1455 2212 1526 2233 nam
1547 2201 1580 2233 (ι’
1602 2205 1634 2233 in
1653 2199 1741 2233 turba
1750 2198 1788 2239 est
1808 2210 1885 2232 unus
1896 2223 1907 2239 ,
1924 2198 1984 2242 sed
2001 2208 2138 2232 unacum

1256 2254 1356 2284 multis
1383 2261 1458 2284 unus
1479 2251 1539 2283 dici
1557 2248 1669 2291 potest,
1701 2258 1804 2289 Mn&
1827 2260 1885 2282 non
1904 2247 2014 2291 potest,
2034 2249 2070 2281 id
2087 2248 2137 2289 est,

1235 2298 1240 2359 Ι
1253 2299 1352 2344 solus.
1379 2308 1483 2339 Μῶμε.
1504 2306 1584 2334 enim
1603 2309 1678 2333 unus
1695 2298 1776 2342 solus
1800 2298 1856 2340 est.
1880 2301 1945 2342 ,Qui
1967 2308 2032 2342 ergo
2043 2296 2078 2337 fic
2087 2302 2137 2331 vi·

1257 2360 1334 2384 vunt
1355 2355 1387 2383 in
1407 2361 1499 2383 unum
1512 2374 1523 2389 ,
1542 2357 1574 2381 ut
1604 2360 1695 2382 unum
1712 2348 1857 2381 hominem
1869 2348 1996 2389 faciant
2010 2371 2021 2387 ,
2049 2356 2083 2380 ut
2096 2345 2138 2389 fit

1257 2402 1318 2434 illis
1342 2402 1412 2434 vere*
1419 2398 1642 2442 quodscriptum
1653 2397 1690 2438 est
1701 2423 1712 2439 ,
1734 2404 1840 2431 Anima
1858 2408 1919 2430 una
1931 2399 2023 2431 &cor
2032 2407 2137 2437 unum,

1257 2451 1351 2484 multa
1374 2458 1516 2491 corpora,
1532 2447 1590 2491 sed
1611 2460 1668 2481 non
1686 2449 1789 2481 multae
1809 2448 1938 2487 animia,
1965 2448 2060 2480 multa
2071 2457 2137 2479 cor·-

1253 2510 1350 2543 pora,
1372 2496 1426 2543 [ed
1444 2510 1501 2531 non
1522 2499 1617 2532 multa
1640 2500 1728 2530 corda
1743 2510 1754 2530 .·
1774 2497 1852 2531 νιθέ
1880 2498 1991 2530 duitor
2016 2502 2138 2534 Μέμφι,

1258 2553 1293 2584 id
1316 2549 1374 2590 est,
1390 2561 1467 2582 unos
1486 2547 1581 2590 solus.
1600 2551 1710 2581 Merito
1731 2545 1882 2591 insultant
1903 2551 2016 2580 nomini
2035 2550 2139 2578 unita·

1259 2607 1300 2633 tis
1312 2624 1323 2640 ,
1343 2598 1433 2642 quise
1453 2599 1492 2632 ab
1502 2604 1619 2631 unitate
1627 2598 1852 2640 pra-ciderunt:
1874 2598 1983 2630 Merito
2005 2595 2066 2629 illis
2078 2592 2139 2637 dis-

1256 2652 1348 2693 plicet
1365 2661 1470 2683 nomen
1483 2647 1693 2681 Monachorum
1704 2672 1715 2689 ‚
1736 2652 1806 2689 quia
1823 2648 1868 2681 illi
1888 2648 1990 2680 nolunt
2002 2644 2139 2679 habitare

1260 2707 1292 2733 in
1312 2710 1404 2733 unum
1426 2709 1491 2731 cum
1504 2698 1659 2739 fratribus
1680 2723 1691 2739 ,
1720 2696 1778 2740 sed
1789 2695 1944 2740 sequentes
1967 2699 2139 2736 Donatum,

1261 2749 1410 2789 Christum
1423 2747 1593 2792 diviserunt
1603 2774 1611 2782 .
1635 2747 1748 2782 Viden
1761 2772 1772 2789 ‚
1793 2758 1892 2791 quam
1904 2745 1959 2780 fibi
1970 2746 2051 2781 bene
2061 2755 2141 2779 con-

1263 2811 1344 2834 nexa
1367 2800 1428 2833 lint
1446 2798 1568 2833 haerelis
1590 2809 1628 2833 ac
1652 2798 1766 2832 odium
1778 2797 2035 2832 monachorum.
2057 2795 2141 2840 Qae

1263 2848 1393 2894 quidem
1414 2851 1528 2895 omnia
1549 2849 1656 2893 palhm
1676 2847 1857 2882 ostendunt
1878 2847 1998 2881 Africae
2020 2856 2141 2880 mona-

1263 2899 1364 2940 chos,
1385 2900 1447 2933 effe
1464 2899 1646 2943 Augustini
1670 2907 1823 2941 partum,
1847 2898 1906 2940 qui
1932 2896 2023 2942 quod
2044 2896 2142 2930 sciret

1264 2960 1332 2984 rem
1356 2960 1476 2984 novam
1501 2948 1565 2983 effe
1583 2973 1595 2988 ,
1629 2957 1701 2983 eam
1723 2945 1912 2983 inchoatam
1935 2946 2044 2982 noluit
2074 2945 2142 2981 fine

1265 3000 1362 3035 venia
1387 3000 1644 3043 Episcoporum.

1314 3049 1449 3084 Clarum
1482 3051 1592 3093 iraque
1622 3047 1667 3081 est
1696 3056 1772 3084 ante
1794 3046 1975 3091 Augustini
1995 3053 2141 3089 tempora

1266 3100 1372 3133 nullos
1399 3101 1433 3133 in
1461 3098 1574 3133 Africa
1606 3099 1701 3133 fuisse
1731 3097 1921 3131 Monachos
1941 3120 1953 3139 ,
1987 3095 2142 3139 nullaque

1264 3148 1469 3184 Monasteria
1496 3162 1508 3182 .-
1545 3148 1642 3182 Adeo
1677 3157 1712 3182 ut
1739 3145 1827 3181 -Afri
1857 3158 1972 3181 vocem
2006 3144 2144 3184 Monaste·

1265 3206 1341 3233 rium
1375 3211 1416 3233 eo
1450 3200 1552 3243 usque
1583 3197 1766 3243 ignorarint
1787 3220 1800 3237 ,
1840 3194 2013 3239 quomodo
2043 3197 2145 3239 usque

1267 3250 1306 3284 ad
1333 3249 1567 3292 Apostolorum
1600 3246 1859 3290 praedicationem
1883 3246 2048 3292 ignoravit
2075 3246 2146 3279 An-

1268 3298 1391 3333 tiochia
1431 3310 1545 3333 vocem
1579 3297 1768 3338 Christianus
1799 3321 1807 3329 .
1853 3296 1907 3332 Ad
1941 3306 2067 3332 tantam
2101 3305 2147 3328 ta·

1269 3361 1344 3383 men
1376 3349 1481 3383 lucem
1515 3349 1698 3382 Pennottus
1727 3346 1835 3381 adhuc
1865 3347 1961 3391 lippit
1984 3371 1995 3387 ,
2025 3345 2068 3380 fic
2100 3345 2148 3378 di·

1270 3410 1347 3433 cens
1372 3423 1379 3431 .
1421 3400 1514 3442 ,Quod
1544 3397 1680 3431 obiiciunt
1714 3408 1751 3430 ex
1784 3397 1937 3441 Augustini
1971 3395 2045 3429 libro
2083 3406 2147 3429 con·
2167 3400 2207 3435 L.
2223 3411 2292 3437 Lc-

1271 3459 1318 3482 tra
1358 3449 1473 3481 litteras
1511 3449 1657 3481 Petiliam·
1690 3471 1701 3487 ‚
1746 3447 1857 3480 nullam
1890 3447 1992 3489 adfert
2026 3446 2146 3487 diffi‘cul-
2166 3467 2180 3502 3
2202 3447 2232 3487 8,
2247 3462 2276 3484 n,
2292 3463 2323 3487 2·

1272 3508 1367 3534 tatem
1386 3522 1398 3542 ‚
1436 3503 1509 3543 quia
1536 3498 1579 3533 ibi
1598 3496 1774 3542 Augustinus
1806 3498 1843 3530 de
1871 3496 1922 3532 boc
1951 3495 2031 3532 nibil
2064 3497 2148 3537 affir-

2043 3554 2107 3581 mat
2117 3572 2131 3590 ,
