2384 3770
393 130 488 179 114
775 107 1145 159 Dlsu‘urs

356 208 425 254 ,git
447 202 612 248 personam
627 197 813 245 publicam,
838 200 909 246 agit
931 199 1111 239 vicarium,
1131 210 1167 234 ac
1180 199 1221 233 le-

355 265 467 304 gatum
483 250 605 286 Christi
619 250 756 285 Domini
767 250 807 286 ad
820 261 926 285 totam
940 250 1113 285 Ecclesiam
1127 263 1137 283 e
1163 261 1221 283 un·
1248 264 1256 274 -

355 307 396 340 de
409 302 511 338 verbis
521 302 582 336 suis
594 301 642 336 uti
661 300 758 336 debet
781 301 814 334 in
826 312 863 335 ea
873 300 1112 345 significatione
1127 311 1163 334 ac
1174 300 1220 334 in-

355 354 529 389 stitutione
541 376 552 393 ,
579 362 647 395 quae
659 351 676 384 ὲ
689 361 758 386 tota
773 350 911 385 Ecclesia
922 350 1146 395 intelligam-3
1175 360 1222 384 at-

354 404 411 449 qui
439 403 610 437 verborum
633 400 828 446 significatio
850 412 887 434 ac
899 397 1085 441 institutio,
1114 400 1183 444 qu'ae
1204 399 1222 433 ὲ

353 463 426 488 tota
445 451 585 487 Ecclefia
606 451 751 495 intelligi
762 451 875 494 possit,
903 450 1024 484 nonest
1037 461 1075 484 ea
1087 474 1098 490 ,
1123 460 1220 493 quam

353 505 422 548 ipse
444 514 502 547 pro
515 501 610 536 libitu
634 502 693 536 suo
706 501 803 545 fingit
815 524 826 540 ,
853 501 885 534 ὅ(
897 499 1085 542 adinvenit;
1110 500 1162 533 sed
1177 499 1222 532 est

353 565 390 588 ee
408 563 505 598 quam
527 550 622 586 verba
642 552 676 585 in
697 551 865 585 communi
878 550 1037 584 acusitato
1051 549 1222 583 totius·Ec-

351 604 452 638 clesiae
473 604 528 637 usu
548 613 585 635 ac
611 601 703 635 sensu
725 599 846 634 habent
858 611 872 641 ς
899 611 978 644 ergo
1000 599 1099 633 etiam
1116 600 1223 634 Sacra-

351 663 541 688 mentorum
565 650 715 684 Minister
737 649 843 684 verbis
862 650 895 682 in
917 648 980 682 hoc
1008 649 1222 683 communi&

351 704 471 737 usitato
494 702 582 735 sensu
606 699 700 734 debet
722 700 785 734 uti.
815 699 862 733 At
876 698 953 732 vero
969 695 1083 741 privati
1095 708 1223 733 contra—

351 753 467 787 hentes
482 752 579 795 (quod
590 756 683 784 etiam
694 751 730 783 de
743 748 985 783 contrahentibus
997 753 1222 782 matrimonium

352 803 503 847 intelligo:
531 813 601 833 nam
620 799 753 838 Christus
774 803 919 832 Dominus
932 797 1112 831 contrabium
1126 797 1222 840 huno,

352 864 439 896 quem
449 853 548 894 adesse
556 850 735 893 sacramenti
760 851 897 882 elevavit
912 872 922 888 ,
948 854 981 881 in
994 848 1071 881 nullo
1077 849 1171 890 ptam?
1180 852 1223 882 al-

351 907 488 941 teravit,
509 899 569 943 sed
591 905 624 932 in
648 901 780 932 natur-all
795 897 848 940 suo
864 897 945 938 statu
966 905 1059 931 totum
1081 898 1223 940 reliquit,

351 953 521 992 nullamque
542 952 737 983 conditionem
761 970 770 986 ,
807 956 859 980 aut
875 946 1093 990 solemnitatem
1112 947 1223 990 requiſs-

353 1006 424 1040 vit‚
452 1011 520 1045 quae
543 1011 599 1032 non
619 998 820 1041 requirebatur
840 1009 878 1031 ex
882 1000 954 1039 jure
966 1007 1083 1031 naturae
1096 999 1107 1039 )
1120 1008 1223 1043 agunt

350 1049 488 1084 nomine
498 1050 629 1092 proprio
639 1073 650 1088 ‚
678 1059 745 1081 non
759 1057 925 1092 tamquam
936 1047 1035 1092 legati
1052 1072 1062 1088 ,
1076 1048 1130 1082 sed
1143 1058 1223 1083 tam·

350 1110 448 1143 quam
462 1099 669 1143 principales.-
697 1098 785 1132 unde
797 1107 924 1132 tantum
937 1098 1108 1141 requiritur
1130 1098 1163 1131 in
1181 1098 1221 1131 il-

350 1149 390 1183 lis
403 1173 413 1189 ,
441 1158 477 1182 ut
501 1148 605 1182 verbis
627 1158 664 1182 ac
678 1148 776 1192 signis
789 1147 852 1181 suis
864 1147 1041 1181 utantur-in
1053 1158 1090 1181 ca
1103 1145 1224 1191 signifi-

349 1198 501 1240 catione,
527 1197 561 1232 in
573 1209 634 1243 qua
647 1199 669 1233 a
687 1199 752 1231 sese
763 1207 879 1231 mutuo
894 1197 1143 1241 intelligantur3
1171 1207 1223 1231 at-

350 1249 407 1292 qui
429 1249 558 1292 possunt
576 1260 615 1282 ex
639 1258 755 1281 mutuo
777 1248 867 1290 pasto
892 1258 929 1281 ac
951 1247 1108 1280 consensu
1120 1245 1225 1280 verbis

349 1298 413 1332 suis
435 1309 598 1342 apponere
621 1298 890 1341 significationem
911 1296 1091 1339 quamlibet
1110 1307 1119 1338 ς
1145 1306 1223 1340 ergo

351 1348 407 1392 ipsi
421 1348 503 1382 inter
529 1350 559 1382 se
580 1349 710 1391 possunt
723 1358 776 1390 per
790 1346 969 1391 quamlibet
982 1356 1097 1380 vocem
1109 1346 1222 1391 signifi-

349 1408 420 1432 care
432 1397 613 1441 quamlibet
639 1408 704 1431 rem
718 1421 729 1438 ,
760 1408 797 1430 ae
819 1407 912 1430 voees
933 1396 1016 1430 inter
1027 1398 1058 1431 se
1068 1397 1201 1431 alterare
1213 1419 1224 1437 ,

350 1458 476 1483 mutare
485 1469 497 1489 ‚
521 1459 558 1482 nc
570 1447 691 1482 variare
706 1470 717 1486 ,
737 1456 833 1490 prout
846 1446 1008 1480 voluerint
1018 1470 1026 1482 .

571 1544 904 1580 DUBIUM
956 1544 1000 1578 V.

354 1649 402 1681 An
417 1645 532 1690 fignum
542 1645 739 1679 arbitrarium
749 1668 759 1684 ,
785 1652 820 1677 ut
832 1643 898 1678 ablu
907 1643 1046 1688 fignificet
1059 1669 1070 1686 ,
1094 1649 1225 1689 requirat

487 1702 680 1744 cognitionem
698 1693 761 1737 suae
782 1693 968 1737 impofinonis
985 1699 1019 1728 in
1041 1705 1093 1736 eo,

678 1751 724 1780 cui
740 1743 882 1791 fignificat
892 1745 905 1779 ?

528 1842 658 1878 Uaestio
685 1843 753 1878 haec
775 1844 816 1879 de
836 1843 912 1879 solis
935 1843 1034 1889 signis
1054 1842 1228 1879 arbitrariis

539 1894 731 1936 proponitur
741 1903 756 1935 ‚⁴
778 1892 874 1927 habet
886 1904 996 1927 tamen
1008 1894 1104 1927 etiam
1116 1895 1227 1928 locum

542 1943 575 1976 in
586 1941 759 1987 fignisillis
770 1942 971 1976 naturalibus
986 1966 996 1982 ,
1022 1953 1091 1985 quae
1107 1943 1229 1987 fignifi-

357 2003 435 2030 cant
454 1993 648 2037 cognitione
672 1993 715 2026 sui
738 1991 926 2026 mediante:
953 1991 1061 2033 qualia
1085 1992 1159 2026 sunt
1185 1993 1229 2025 fu·

359 2056 433 2080 mus
459 2043 596 2087 respectu
619 2041 728 2086 ignis,
754 2043 832 2075 risus
851 2041 992 2075 &fletus
1005 2041 1230 2084 respectulaeti-

360 2095 413 2129 tiae
432 2104 468 2127 ac
490 2092 627 2126 tristitiae
642 2115 652 2131 ,
677 2092 797 2134 pictura
821 2092 895 2123 viva
916 2091 1054 2132 respestu
1068 2091 1114 2123 sui
1127 2098 1230 2132 proto·

362 2144 461 2187 typi,
488 2143 522 2175 ὅ(
545 2140 675 2173 similia.
702 2139 810 2172 Posset
835 2149 913 2182 ergo
937 2138 1115 2181 quaestioin
1127 2138 1233 2172 termi-

365 2194 415 2226 nis
437 2188 669 2225 universalibus
688 2200 725 2222 ac
746 2186 974 2221 communibus
997 2187 1135 2231 proponi
1163 2188 1231 2221 sic:

366 2254 407 2276 an
431 2241 520 2285 signa
544 2237 803 2272 instrumentalia
825 2235 988 2271 mediante
1010 2237 1231 2282 suicognitio-

366 2303 408 2325 ne
421 2288 656 2334 significantia,
682 2296 719 2320 ut
744 2285 867 2329 aliquid
879 2287 949 2320 auu
961 2287 1163 2330 significent,
1191 2298 1232 2320 re-

358 1854 411 1895 33·

366 2341 496 2383 quirant
512 2337 740 2382 cognitionem
762 2337 822 2370 suae
840 2336 1058 2369 connexionis
1080 2347 1156 2370 cum
1177 2337 1235 2370 suo

312 2384 315 2387 ³
367 2388 571 2435 significato,
598 2387 632 2420 in
655 2386 736 2427 illo,
762 2385 1030 2430 cuisignisicant?
1058 2385 1235 2420 Namsicut

367 2438 533 2475 connexio
550 2436 630 2482 signi
655 2436 810 2470 naturalis
833 2446 908 2470 cum
930 2437 988 2470 suo
1000 2435 1181 2480 significato
1191 2435 1235 2470 est

367 2500 480 2525 eorum
502 2486 657 2521 naturalis
676 2485 843 2529 proportio
861 2510 871 2525 ,
907 2495 956 2518 ac·
971 2485 1132 2520 habitudo
1154 2498 1163 2530 ;
1190 2485 1236 2519 ita

369 2542 467 2574 etiarn
488 2536 654 2571 connexio
678 2535 759 2579 signi
784 2535 943 2568 arbitrarii
967 2546 1041 2569 cum
1053 2536 1110 2569 suo
1121 2535 1239 2579 signifi-

370 2600 446 2624 cato
461 2588 505 2620 est
529 2587 615 2621 illius
636 2585 675 2619 ad
688 2584 752 2619 hoc
765 2584 979 2629 significatum
991 2584 1237 2629 significandum

371 2636 566 2682 deputatio,
591 2647 629 2670 ac
651 2634 836 2678 impositio:
862 2634 1009 2679 adeoque
1031 2634 1096 2668 haec
1107 2634 1239 2678 quaestio

373 2685 529 2733 generalis
566 2683 812 2729 comprehendit
850 2684 909 2718 sub
945 2686 976 2719 se
1004 2684 1097 2719 illam
1117 2684 1240 2728 specia—

376 2740 440 2772 lem
452 2761 461 2770 .

426 2798 478 2835 34.
507 2784 593 2829 Resp.
617 2785 749 2818 breviter
770 2787 802 2818 ὦ·
829 2785 915 2817 dico.-
940 2783 1040 2819 omne
1064 2785 1189 2829 signum
1209 2783 1241 2816 si·

374 2839 533 2883 gnificans
555 2836 747 2879 cognitione
763 2835 811 2867 sui
834 2834 994 2869 mediante
1017 2860 1027 2875 ,
1056 2844 1091 2869 ut
1113 2835 1183 2868 actu
1207 2833 1244 2866 si-

375 2889 509 2934 gnificet
537 2910 548 2926 ,
584 2884 716 2929 requirit
746 2884 901 2918 astualem
933 2884 1160 2929 cognitionem
1184 2884 1244 2917 suae

377 2935 597 2970 connexionis
618 2946 692 2969 cum
714 2935 771 2968 suo
793 2934 994 2977 significato,
1020 2935 1052 2967 in
1069 2945 1110 2968 eo
1131 2933 1184 2967 cui
1209 2933 1244 2965 si-

375 2987 534 3031 gnificat.-
560 2986 707 3026 adeoque
728 2985 813 3027 figna
836 2983 999 3017 arbitraria
1023 2995 1090 3017 non
1115 2983 1244 3026 possunt

377 3038 448 3070 actu
470 3035 643 3078 significare
666 3059 676 3074 ,
706 3035 761 3067 nisi
782 3032 845 3066 illis
872 3032 929 3074 qui
948 3033 1070 3068 habent
1088 3033 1245 3067 actualem

376 3085 605 3129 cognitionem
629 3086 688 3117 suae
710 3083 944 3125 impositionis.
971 3083 1121 3117 Probatur
1153 3092 1181 3118 ι.
1204 3093 1245 3114 ex

377 3134 542 3178 Apostolo
558 3145 583 3171 1·
609 3135 651 3165 ad
659 3133 850 3176 Corintb.14.
860 3131 889 3173 fi
895 3131 1019 3176 nesciero
1033 3138 1178 3166 virtutem
1191 3143 1247 3165 vo-

379 3191 418 3217 cis
435 3207 445 3222 ‚
470 3196 516 3217 ero
528 3187 572 3224 el,
598 3188 641 3216 cui
663 3185 762 3224 loquor
777 3208 787 3224 ,
812 3182 956 3216 barbarus
970 3207 981 3223 ,
1009 3184 1248 3224 &quiloquitur

381 3233 450 3265 mihi·
461 3233 607 3266 barbarus
622 3257 632 3273 ,
654 3232 709 3266 ubi
721 3243 773 3275 per
786 3235 939 3267 vittutem
954 3233 1043 3267 vocis
1055 3231 1250 3276 intelligitur

382 3282 637 3326 virtusexpedita
649 3282 688 3316 ad
700 3282 952 3327 significandum
981 3306 992 3322 ,
1018 3293 1115 3326 quam
1126 3293 1194 3315 vox
1208 3281 1250 3314 ab

382 3330 587 3372 impositione
600 3332 697 3366 habet
707 3357 714 3365 .
744 3329 834 3365 Idem
843 3331 940 3365 docet
953 3332 1065 3376 August.
1076 3332 1126 3366 lib.
1138 3333 1174 3365 de
1188 3342 1252 3363 ma-

378 3379 443 3426 gist-
456 3382 694 3420 cap-1-dicens:
719 3391 783 3415 cum
807 3380 879 3414 mibi
898 3380 1014 3425 signum
1038 3383 1145 3419 datur,
1168 3379 1267 3421 fimes

1208 111 1310 163 111.

1381 112 1491 159 Du
1528 126 1564 158 n.
1637 113 1728 161 IV.

1281 198 1359 234 nibil
1364 199 1454 241 potest
1464 210 1473 231 ι
1495 197 1649 241 idemque
1659 200 1834 236 confirmat
1842 201 2036 247 experientia
2049 216 2057 236 ε
2070 208 2147 241 nam

1280 250 1395 285 eadem
1422 261 1489 285 vox
1508 249 1609 284 latina
1632 249 1756 292 prolata
1777 249 1884 290 mihi,
1906 252 2040 288 simul&
2051 254 2150 289 alicui

1282 300 1423 341 rustico,
1449 298 1721 345 mihisignificat,
1747 299 1866 335 rustico
1877 298 2150 348 nihilsignisicat;

1282 350 1485 395 quiascilicet
1506 361 1571 395 ego
1593 350 1743 384 virtutem
1754 361 1791 384 ac
1802 350 2040 393 impositionem
2059 353 2150 388 vocis

1285 402 1384 441 novi,
1413 399 1469 433 ille
1491 400 1637 444 ignorat.
1669 401 1753 434 Item
1765 400 1844 434 dum
1858 400 2151 447 nobisquisloqui·

1285 461 1338 483 tur
1357 448 1534 490 idiomate,
1561 449 1650 494 quod
1673 450 1773 493 usque
1794 449 1966 484 adeobene
1978 460 2046 485 non
2056 453 2152 487 calse-

1285 510 1378 539 mus,
1403 500 1424 532 si
1447 510 1565 533 mutuae
1593 500 1856 534 sermocinationi
1870 499 2002 534 verbum
2014 500 2150 545 ‘aliquod

1285 549 1538 583 intermisceatur
1558 573 1569 590 ,
1596 548 1686 591 cujus
1710 550 1862 585 virtutem
1887 550 1920 583 ἀ
1946 550 2152 594 significatio·

1283 609 1359 634 nem
1379 598 1557 641 nescimu53
1585 597 1741 633 haeremus
1760 611 1797 634 ac
1815 600 2014 634 intellec‘ium
2027 601 2151 643 suspeu-

1283 649 1413 687 dimus,
1439 648 1546 682 donec
1566 647 1604 681 in
1629 649 1788 683 astualem
1808 650 2152 694 cognitionemimpo-

1283 699 1409 733 sitionis
1448 709 1485 731 ae
1516 697 1643 731 virtutis
1674 696 1764 732 istius
1797 699 1889 733 verbi
1912 700 2149 734 devenerimus:

1284 755 1361 793 ergo
1384 746 1590 781 manifestum
1612 747 1658 780 est
1680 747 1769 792 signa
1796 748 1959 784 arbitraria
1982 761 2049 783 non
2063 750 2150 793 posse

1284 801 1354 833 astu
1381 797 1581 841 significare,
1608 796 1666 830 nisi
1687 797 1773 838 illis,
1802 798 1887 842 apud
1899 809 1981 843 quos
1991 800 2150 834 astualem

1284 851 1345 884 suae
1356 847 1574 891 impositionis
1586 847 1813 891 cognitionem
1828 843 2003 891 reperiunt.
2059 847 2071 867 ‘¹'

1335 907 1387 944 35.
1418 901 1460 930 Et
1482 903 1559 929 ratio
1579 896 1767 939 apriorlest:
1798 899 1872 941 quia
1884 898 1934 938 is,
1956 898 2149 944 cuifignum

1284 947 1526 982 instrumentale
1560 947 1725 982 mediante
1745 948 1937 992 cognitione
1959 949 2006 982 sui
2032 948 2151 993 fignifi-

1283 1009 1360 1032 cans
1370 1023 1380 1039 ‚
1405 997 1564 1042 significat
1578 1021 1588 1036 ,
1615 996 1714 1031 debet
1726 998 1853 1032 novisse
1866 997 2093 1032 habitudinem
2110 1009 2149 1031 ac

1283 1048 1528 1082 connexionem
1547 1046 1627 1090 signi
1646 1058 1722 1080 cum
1739 1049 1809 1081 *suo
1829 1047 2034 1092 significum
2060 1048 2149 1090 atqui

1284 1108 1384 1132 omne
1408 1098 1532 1140 signum
1555 1095 1756 1130 arbitrarium
1767 1098 1812 1130 est
1826 1098 2153 1142 signuminstrumen·

1284 1147 1347 1180 tale
1359 1146 1543 1190 significans
1554 1145 1748 1189 cognitione
1762 1146 1807 1179 sui
1820 1147 1984 1181 mediante
2002 1171 2011 1185 ,
2036 1151 2158 1180 uum&

1285 1196 1420 1237 m'festum
1431 1195 1487 1235 est:
1515 1197 1656 1239 ergois,
1681 1196 1733 1228 cui
1756 1195 1940 1239 significat,
1968 1196 2090 1230 novisse
2101 1195 2155 1229 de*-

1287 1247 1341 1280 bet
1363 1246 1606 1280 connexionem
1626 1255 1663 1278 ac
1690 1245 1915 1286 habitudinem
1926 1245 2081 1288 ejuscum
2095 1245 2153 1279 suo

1286 1296 1489 1340 significato:
1518 1294 1605 1338 atqui
1625 1294 1790 1329 connexio
1801 1295 1869 1338 ejus
1879 1307 1954 1329 cum
1968 1297 2025 1328 suo
2035 1294 2155 1340 fignifi-

1286 1357 1359 1380 cato
1371 1346 1414 1379 est
1435 1345 1522 1378 illius
1537 1344 1700 1386 impositio
1714 1369 1725 1385 ,
1750 1345 1837 1379 acad
1850 1343 1916 1379 hoc
1933 1345 2167 1389 significatum>

1286 1395 1535 1440 significandum
1557 1394 1745 1438 deputatio:
1770 1405 1851 1439 ergo
1876 1396 2001 1438 signum
2023 1393 2154 1428 arbita*

1288 1447 1392 1483 rium,
1422 1455 1458 1478 ut
1480 1444 1659 1488 significet,
1686 1445 1819 1485 requirit
1840 1444 2067 1489 cognitionem
2091 1443 2154 1478 suae

1288 1494 1500 1538 impolitionis
1524 1495 1557 1526 in
1576 1504 1617 1527 eo
1637 1495 1697 1527 'cui
1721 1494 1880 1538 significat
1902 1518 1909 1525 .
1947 1491 2156 1536 Subsumptun

1285 1553 1388 1587 patet:
1415 1544 1492 1588 quia
1516 1543 1605 1587 signa
1629 1543 1792 1578 arbitraria
1806 1567 1816 1583 ‚
1834 1549 1880 1576 uei
1896 1542 1990 1586 supra
2001 1544 2088 1581 dlxi,
2113 1552 2155 1576 ex

1289 1596 1320 1629 se
1341 1605 1416 1628 ante
1435 1592 1676 1637 impositionem
1699 1593 1741 1628 ad
1768 1593 1944 1636 quamlibet
1956 1604 2023 1626 rem
2037 1592 2157 1637 signifi-

1288 1644 1426 1679 candam
1445 1642 1541 1689 plane
1564 1642 1781 1677 indifferentia
1801 1644 1896 1682 sunt,
1920 1643 1952 1676 δε
1974 1651 2050 1675 cum
2063 1641 2157 1677 nulla.

1289 1706 1321 1729 re
1342 1695 1442 1728 ullam
1465 1692 1632 1736 specialem
1654 1693 1923 1732 connexionem,
1951 1703 2005 1726 aut
2029 1689 2161 1726 habitu»

1289 1746 1400 1779 dinem
1423 1742 1543 1777 habent
1559 1755 1568 1785 3
1594 1753 1672 1787 ergo
1691 1742 1774 1776 illud
1787 1742 1831 1776 est
1843 1751 2038 1777 eorumcum
2053 1742 2110 1775 suo
2121 1740 2159 1774 si·

1289 1794 1446 1840 gnificato
1470 1792 1636 1827 connexio
1650 1816 1662 1832 ,
1691 1803 1745 1836 per
1766 1792 1856 1836 quod
1880 1802 1956 1825 cum
1967 1792 2026 1825 suo
2038 1790 2159 1836 signifi-

1290 1855 1363 1880 cato
1383 1844 1621 1877 connec‘iuntur
1644 1841 1679 1876 in
1701 1842 1828 1876 ratione
1851 1840 2057 1886 significativi
2080 1840 2158 1874 &si-

1292 1893 1486 1938 gnificabilis
1500 1905 1513 1935 ;
1539 1892 1627 1936 atqui
1641 1893 1878 1925 connectuntur
1890 1890 1954 1925 hoc
1967 1890 2070 1924 modo
2082 1900 2159 1924 eum

1291 1944 1350 1976 suo
1363 1943 1543 1986 significato
1557 1952 1612 1983 per
1632 1941 1871 1984 impositionem
1884 1965 1894 1980 ,
1919 1945 1964 1972 uta
1973 1937 2063 1982 [upra
2072 1938 2162 1979 osten-

1290 1991 1357 2034 sum
1376 1991 1413 2032 est
1426 2003 1439 2032 ,-
1466 2001 1544 2034 ergo
1557 1990 1720 2033 impositio
1733 1989 1778 2024 est
1790 2001 1900 2024 eorum
1913 1999 1989 2023 cum
2000 1988 2056 2022 suo
2069 1986 2162 2033 signi*

1295 2044 1392 2075 ficato
1404 2039 1562 2074 habitudo
1573 2051 1611 2074 ac
1633 2040 1820 2074 connexio.
1849 2041 1947 2080 MaJ'or
1961 2040 2032 2072 vero
2051 2042 2162 2080 princt-

1291 2091 1372 2132 palis
1378 2088 1522 2130 probatur
1534 2101 1541 2120 :
1568 2089 1644 2130 quia
1657 2090 1683 2121 is
1694 2090 1745 2122 cui
1760 2090 1887 2132 signum
1900 2100 1909 2130 3
1936 2091 1972 2120 de
1983 2098 2038 2129 quo
2047 2087 2164 2132 bit-agi»

1295 2150 1383 2176 mus,
1410 2137 1585 2182 significat,
1611 2136 1706 2170 debet
1735 2148 1776 2171 ex
1797 2138 1889 2181 signo
1909 2136 2108 2180 cognoscere
2125 2137 2163 2169 fi-

1295 2187 1486 2232 gnificatum
1502 2199 1513 2218 .·
1539 2186 1572 2217 id
1590 2186 1648 2226 est,
1674 2184 1768 2221 debet
1792 2197 1836 2220 ex
1859 2185 2054 2230 cognitione
2077 2184 2166 2230 signi

1295 2237 1412 2272 deduci
1435 2248 1471 2269 ac
1486 2235 1660 2280 impelliad
1670 2236 1896 2280 cognitionem
1908 2234 2097 2279 significati;
2121 2235 2165 2268 si·-

1296 2297 1349 2321 cut
1361 2286 1558 2331 syllogizans
1577 2296 1617 2318 ex
1628 2286 1822 2329 cognitione
1833 2309 1845 2324 ,
1863 2285 1896 2319 δε
1906 2285 2167 2326 ειϊεηίυμιηῑεςο-

1297 2335 1401 2369 dentis
1428 2333 1620 2374 deducitur,
1647 2345 1685 2367 ac
1698 2334 1876 2378 impellitur
1887 2333 1926 2367 ad
1938 2331 2167 2377 cognitionem

1300 2386 1332 2419 &
1344 2383 1499 2419 assensum
1510 2384 1692 2427 consequen
1699 2384 1739 2418 tis
1752 2398 1763 2418 :
1782 2385 1907 2428 signum
1919 2383 2037 2426 quippe
2047 2382 2087 2416 de
2098 2394 2167 2427 quo

1299 2434 1352 2470 hic
1364 2436 1489 2479 agimus
1503 2457 1513 2474 ,
1541 2434 1589 2467 est>
1601 2434 1728 2478 signum
1739 2434 1930 2478 cognitione
1943 2434 1990 2466 sui
2004 2432 2168 2466 mediante

1299 2485 1500 2530 significans.
1530 2483 1631 2526 Atqui
1657 2492 1692 2516 ut
1714 2483 1912 2528 syllogizans
1924 2482 1965 2516 ab
1976 2481 2096 2515 asse‘nsu
2114 2493 2169 2515 an·

1305 2534 1488 2570 tecedentis
1515 2533 1691 2566 deducatur
1711 2544 1749 2565 ac
1768 2532 1952 2575 impellatur
1963 2530 2168 2565 adaffensum

1301 2583 1530 2627 consequentis
1557 2604 1568 2621 ,
1603 2582 1775 2623 requiritur
1814 2582 1848 2615 in
1885 2581 1946 2614 illo
1971 2581 2107 2624 speciale
2131 2592 2169 2615 ac

1304 2634 1429 2668 adiuale
1452 2632 1608 2675 judicium
1629 2631 1670 2666 de
1682 2631 2104 2677 bonitate-consequentiae,
2128 2641 2166 2664 ac

1303 2683 1448 2729 legitima
1468 2683 1680 2715 connexione
1701 2681 1931 2724 consequentis
1953 2689 2028 2713 cum
2043 2691 2169 2723 antece·

1302 2733 1419 2775 dente3
1446 2733 1483 2765 de
1508 2743 1564 2774 quo
1582 2731 1640 2763 nbi·
1661 2732 1761 2764 dicam
1771 2736 1802 2765 in
1813 2731 1899 2764 libris
1907 2736 2064 2772 priorum3
2091 2741 2170 2774 ergo

1303 2782 1445 2817 similiter
1459 2792 1495 2814 ut
1515 2783 1587 2823 quis
1614 2792 1653 2814 ex
1678 2782 1873 2826 cognitione
1894 2779 1975 2824 figni
1991 2779 2172 2814 deducatur

1307 2884 1336 2916 le
1359 2883 1516 2926 judicium
1549 2880 1590 2914 de
1614 2881 1823 2914 connexione
1849 2879 1931 2923 signi
1954 2890 2030 2912 cum
2057 2880 2115 2914 suo
2139 2879 2175 2928 fi:

1307 2934 1492 2978 gnificato:
1518 2929 1661 2973 adeoque
1681 2932 1732 2970 is,
1758 2930 1811 2964 cui
1835 2931 1962 2973 signum
1985 2929 2179 2975 instrumentu-

1308 2983 1393 3023 tale,
1421 2983 1521 3024 dequo
1542 2979 1588 3012 bie
1609 2986 1721 3023 agimus
1736 3004 1747 3020 ,
1774 2980 1951 3023 significat,
1980 2979 2105 3012 noviss'e
2117 2978 2176 3012 de·

1307 3033 1362 3066 bet
1379 3031 1620 3066 connexionem
1640 3040 1677 3064 ac
1698 3029 1925 3063 habitudinem
1949 3027 2121 3076 fignicum
2135 3027 2175 3061 si·-

1299 3082 1483 3127 'gnificatm

1360 3132 1412 3179 36.
1440 3130 1699 3170 objiciesprimo:
1727 3127 1972 3172 hujusjudicii‚
1991 3127 2055 3161 sive
2066 3127 2179 3172 cogni·

1311 3181 1411 3215 tionis
1433 3180 1562 3214 annalis
1585 3178 1675 3211 nulla
1686 3180 1730 3213 est
1743 3179 1961 3221 experientia,
1988 3178 2181 3221 nullumque

1310 3230 1506 3275 vestigium3
1534 3239 1587 3272 per
1605 3228 1834 3271 experientiam
1862 3240 2000 3273 namque
2023 3227 2182 3261 habemus

1310 3291 1372 3314 nos
1393 3281 1433 3315 de
1454 3288 1571 3314 vocum
1594 3277 1798 3320 impositione
1828 3279 1907 3322 saepe
1930 3277 2012 3312 nihil
2033 3277 2182 3322 cogitare

1314 3328 1394 3364 dum
1418 3330 1513 3364 nobis
1535 3338 1631 3362 voces
1655 3328 1726 3361 actu
1740 3328 1941 3372 significant:
1968 3338 2048 3372 ergo
2060 3338 2180 3369 voces,

1316 3380 1443 3423 aliaque
1466 3380 1552 3423 signa
1573 3376 1739 3411 arbitraria
1763 3390 1831 3413 non
1845 3379 2013 3420 requirunt
2024 3377 2183 3411 actualem

382 3426 555 3473 nescientem
565 3435 702 3474 invenit,
726 3433 807 3474 qu'us
825 3436 865 3467 rei
881 3430 1062 3476 fitfigmcm,
1087 3433 1244 3468 docerem
1262 3421 1269 3461 i
1316 3431 1375 3465 suae
1394 3424 1613 3475 impositionis
1625 3427 1874 3473 cognitionem,
1899 3428 1934 3463 in
1945 3438 1988 3464 eo
1999 3428 2052 3463 eui
2065 3426 2184 3473 figam-¹

2038 3486 2113 3513 cant
2122 3499 2132 3508 -

1305 2834 1339 2867 in
1362 2831 1591 2875 cognitionem
1614 2831 1806 2875 significati,
1832 2828 1951 2864 habere
1961 2828 2058 2864 debet
2069 2830 2174 2864 acina·
