2384 3770
384 167 487 224 ’308
911 166 957 211 ”S
1008 173 1051 210 'E
1094 172 1149 210 ’ἐ
1207 172 1244 209 *τ

360 244 365 247 ”
404 258 454 291 14.
480 248 702 292 Dicosicundbz
730 251 888 285 Ova'non
913 249 1020 284 solnm
1045 250 1225 285 informan-

349 300 401 330 tur
412 299 453 330 ab
463 299 571 342 aliqua
585 301 716 340 anima,
738 300 793 334 ubi
809 296 996 344 incaeperint
1019 299 1167 335 incubari
1192 300 1225 333 &

350 347 571 390 conformari,
608 351 660 384 {ed
677 360 850 394 antequam
871 351 889 384 a
911 350 1052 395 gallina,
1080 360 1135 384 aut
1159 351 1225 384 alio

352 396 486 433 animali
497 400 631 443 oviparo
641 401 847 441 emittantur3
861 397 1047 433 animantur
1058 401 1092 434 δε
1105 400 1145 434 ab
1158 400 1224 433 ani-

348 458 402 482 ma
426 447 645 487 informantur
666 451 750 485 intra
777 459 960 484 maternum
982 458 1127 483 uterum.
1169 450 1223 483 Est

348 507 463 532 contra
474 498 642 535 Thomam
656 498 793 534 Fienum
807 501 874 532 Lde
883 501 917 532 vl
931 499 1057 540 format.
1084 504 1187 533 Fartus
1213 524 1224 541 ,

350 557 379 594 q.
395 558 425 593 ς.
440 549 489 584 ad.
501 559 534 596 4.
545 562 709 594 argument.
722 552 738 582 ἐ
750 555 864 582 ratione
883 547 1085 591 desumptum.
1116 549 1226 582 Proba-

349 606 420 630 tur:
447 600 533 646 Qia
545 602 650 635 cauffa
661 599 758 633 debet
771 598 945 641 praecedere
955 600 1046 633 suum
1059 599 1221 633 effectum:

348 648 461 690 utqui,
488 651 597 693 utjam
611 649 704 689 dixi,
731 649 839 682 anima
850 648 1067 683 ovoinfidens
1078 649 1122 682 est
1134 651 1223 683 caus·

346 698 682 733 sa-conformationis:
707 709 786 742 ergo
797 699 907 733 anima
928 698 1009 734 inest
1023 709 1108 738 ovo,
1135 707 1222 733 ante-

335 755 445 791 quam
468 748 640 783 inchoetur
665 749 721 784 ovi
747 750 985 786 conformatio,
1013 747 1145 784 Deinde
1165 773 1176 790 ‚
1201 749 1222 782 fi

335 793 446 831 ‘ovum
465 801 602 842 accipiat
615 798 757 832 animam
771 807 860 832 extra
873 809 1056 834 maternum
1070 809 1197 833 uterum
1211 823 1221 839 ‚

345 857 426 892 peto
436 860 582 893 quanam
597 848 634 880 fit
649 851 753 882 caussa
765 849 949 893 principalis
970 848 1055 884 hanc
1077 849 1220 883 animam

345 898 555 943 producens?
581 897 654 932 Nec
666 899 754 932 enirn
767 899 870 942 potest
890 901 953 935 effe
975 900 1089 939 Deus,
1116 910 1222 941 neque

335 950 417 988 ·sol,
445 959 548 992 neque
559 948 676 991 aliquis
701 948 851 994 Angelus
866 974 877 991 ‚
904 960 1009 994 neque
1027 949 1150 995 gallina
1173 949 1221 983 in-

344 997 469 1034 cubans
481 1024 491 1039 ,
518 1009 625 1042 neque
635 998 726 1032 calor
738 1000 823 1032 furni
837 1023 849 1040 ‚
873 1010 927 1034 aut
940 1000 1041 1034 fimeti
1054 1026 1064 1040 ,
1093 999 1220 1034 utidixi

343 1050 437 1092 supra
450 1054 483 1082 in
492 1047 657 1090 conclufione
673 1060 700 1085 1.
727 1049 872 1092 Superest
888 1061 987 1095 ergo,
1013 1061 1049 1084 ut
1060 1060 1160 1084 ovum
1173 1061 1223 1083 ac-

336 1101 444 1142 ¹cipiat
454 1099 598 1133 animam
612 1100 695 1133 intra
709 1096 888 1134 maternum
897 1111 1023 1134 uterum
1036 1123 1047 1141 ‚
1072 1100 1151 1134 ficut
1173 1110 1221 1133 ac-

345 1150 474 1192 cipiunt
483 1149 596 1183 omnia
607 1148 669 1183 alia
682 1149 872 1191 animalium
884 1151 1007 1185 semina
1020 1175 1027 1183 .
1055 1149 1222 1190 Praeterea,

345 1200 405 1234 nili
418 1209 517 1233 ovum
529 1200 666 1242 accipiat
678 1199 823 1234 animam
835 1200 853 1234 a
875 1210 979 1235 matre
1004 1201 1088 1234 intra
1108 1209 1221 1233 mater-

343 1260 426 1283 num
464 1258 613 1290 uterum,
639 1260 718 1283 tunc
743 1261 808 1284 una
829 1250 952 1294 gallina
974 1262 1042 1285 non
1054 1258 1220 1295 generaret

343 1301 466 1334 aliam:
490 1300 573 1335 illud
593 1301 681 1333 enim
693 1301 809 1334 foetum
833 1310 988 1344 generat,
1014 1299 1103 1345 quod
1125 1300 1220 1334 foetui

343 1351 489 1383 animam
503 1350 681 1393 imprimit,
708 1361 747 1384 ac
759 1352 1000 1385 communicat.
1028 1348 1135 1393 Atqui
1156 1347 1221 1389 hoc

344 1399 518 1438 absurdum
529 1401 572 1435 est
587 1414 599 1433 .-
624 1400 817 1444 erg0&id‚
842 1401 931 1435 unde
940 1400 1098 1444 sequitur.

442 1499 710 1535 SECTIO
760 1497 1122 1536 SECUNDA.

309 1624 312 1629 ‚
369 1605 576 1643 Proponuntur
601 1600 636 1634 6·
657 1598 817 1643 solvuntur
842 1600 986 1645 quaedam
1009 1608 1193 1644 argumetum.
1219 1585 1223 1595 Σ

346 1712 398 1747 15.
429 1699 758 1783 OBiu-iesprimb:
785 1698 818 1734 Si
831 1706 931 1735 ovum
944 1699 980 1731 sit
1001 1697 1184 1732 animatum
1211 1720 1228 1738 a

376 1752 378 1754 '
547 1750 567 1782 fi
581 1749 690 1782 anima
701 1750 755 1782 ovi
767 1760 867 1783 ovum
878 1749 1064 1782 conformet
1074 1759 1112 1782 ac
1132 1757 1221 1791 orga-

342 1801 430 1837 nizet
442 1823 452 1839 ‚
476 1810 556 1843 ergo
570 1800 668 1834 etiam
681 1799 818 1833 stercora
829 1799 934 1833 fimeti
948 1823 958 1838 ‚
984 1809 1023 1831 ex
1037 1798 1156 1841 quibus
1167 1793 1219 1840 g'e-

344 1861 498 1886 nerantur
511 1849 673 1882 vermes&
685 1849 852 1889 scarabaei,
878 1849 958 1882 item
981 1848 1133 1881 aestivales
1157 1846 1220 1889 plu-

344 1903 405 1934 viae
419 1926 429 1940 ,
455 1899 621 1942 exquibus
631 1908 827 1943 generantur
837 1908 939 1937 ranae,
954 1898 987 1931 ec
998 1898 1030 1930 id
1041 1897 1145 1940 genus
1158 1896 1221 1928 alia

344 1952 483 1996 plurima
498 1960 593 1983 erunt
614 1949 777 1991 animam
817 1956 994 1990 eorumque
1016 1944 1124 1980 anima
1159 1945 1221 1978 erit

346 2000 438 2036 istius
458 1999 712 2044 organizationis
733 1999 766 2032 δε
791 1996 1067 2032 conformationis
1092 1995 1187 2029 causa
1213 2007 1220 2026 z

346 2051 453 2095 Atqui
474 2050 542 2084 haec
562 2049 682 2084 omnia.
703 2047 909 2082 incredibilia
937 2048 1033 2086 sunt,
1059 2045 1221 2089 paradoxa

347 2104 446 2141 sunt,
472 2100 607 2133 absurda
621 2100 712 2132 sunt:
742 2108 820 2141 ergo
841 2098 940 2130 etiarn
964 2095 1026 2129 tale
1041 2097 1084 2127 est
1106 2105 1220 2128 eorum

348 2150 562 2187 antecedens.
589 2147 754 2190 Respondeo
765 2147 897 2187 negando
917 2149 1078 2176 minorem:
1110 2142 1154 2174 Et
1173 2144 1222 2175 di-

348 2212 391 2235 co
405 2197 553 2233 materias
567 2197 636 2230 illas
648 2206 724 2229 ante
735 2194 927 2228 inchoatum
951 2191 1223 2225 conformationis

350 2238 436 2293 opus
446 2247 509 2282 esse
522 2245 595 2280 vere
604 2245 778 2279 animatas.
806 2254 833 2275 v.
841 2254 871 2285 g.
881 2241 957 2274 dico
969 2240 1087 2274 stercus
1098 2241 1200 2273 fimeti
1213 2264 1224 2279 ‚

353 2299 442 2344 quod
462 2297 686 2330 conformatur
707 2293 742 2325 in
765 2290 979 2330 scarabaeum,
1017 2289 1095 2323 irem
1120 2292 1225 2323 mate-

354 2348 436 2383 riam
448 2347 559 2380 aestivae
571 2343 686 2387 pluviae
704 2353 778 2376 curn
798 2352 893 2375 arena
917 2339 1040 2374 viscosa
1062 2340 1227 2383 permixta}

354 2399 618 2433 &fermentatae‚
645 2404 714 2436 quae
733 2393 956 2425 conformatur
974 2390 1228 2434 &organizatur

354 2450 393 2484 in
404 2457 516 2482 ranam
527 2468 539 2485 ,
563 2441 841 2478 anteinchoatum
854 2441 1126 2474 conformationis
1146 2450 1228 2482 opus

355 2499 419 2534 esse
431 2495 503 2532 vere
512 2494 689 2529 animatam
700 2517 707 2524 .
737 2492 779 2525 Et
793 2489 868 2524 huic
879 2489 967 2523 disto
981 2490 1026 2522 ita
1047 2489 1159 2522 firmus
1179 2490 1228 2522 in-

356 2549 452 2588 fisto,
477 2554 515 2580 ut
526 2545 618 2579 nullo
631 2541 729 2576 ferme
751 2541 866 2574 anxier
885 2541 1036 2582 scrupulo
1055 2563 1062 2571 .
1087 2542 1132 2571 Et
1154 2543 1231 2571 ratio

357 2611 404 2632 me
414 2606 533 2632 movet-a
543 2593 580 2633 est
588 2594 691 2626 eadem
701 2605 708 2624 ε
736 2591 823 2636 Qia
835 2590 893 2623 issa
907 2589 997 2622 istius
1007 2588 1145 2622 materiae
1153 2600 1231 2622 con-

357 2646 516 2682 formatio
528 2644 573 2677 est
586 2642 657 2677 vere
667 2640 776 2675 vitalis
796 2640 944 2683 operatio
956 2664 967 2680 ‚
991 2639 1138 2682 adeoque
1162 2639 1230 2672 fieri

358 2698 453 2733 debet
464 2696 484 2729 a
495 2693 657 2737 principio
667 2693 743 2726 vivo
757 2716 764 2723 .
792 2691 874 2723 Item
897 2689 952 2723 ista
963 2688 1182 2723 conformatio
1191 2690 1233 2722 ab

358 2746 473 2782 eodem
500 2744 562 2778 illo
588 2742 750 2786 principio
769 2738 940 2773 inchoatur
956 2762 966 2778 ‚
1000 2740 1018 2773 a
1038 2749 1104 2783 quo
1125 2738 1232 2782 postea

357 2795 541 2839 completur
562 2795 596 2827 &
616 2793 885 2832 consummatur;
922 2788 1012 2833 atqui
1035 2788 1230 2833 principium

357 2848 470 2880 vivum
482 2844 577 2878 istam
590 2842 679 2881 istius
691 2841 827 2875 materiae
847 2840 1144 2873 conformationem
1167 2849 1229 2881 po-

358 2898 424 2930 stea
438 2894 622 2937 complens,
644 2891 811 2935 perficiens
827 2890 860 2924 ὃς
870 2890 1097 2923 consummans
1108 2888 1152 2921 est
1165 2888 1231 2920 ani-

359 2958 414 2981 ma
424 2946 518 2978 istam
531 2943 700 2977 materiam
712 2941 907 2974 informans:
936 2937 1015 2982 ergo
1030 2938 1084 2971 illa
1098 2938 1163 2980 ipsa
1171 2937 1232 2970 fuit

358 2993 657 3032 conformationem
679 2990 772 3025 istam
786 2988 946 3024 inchoans
959 3011 970 3027 ,
1005 2986 1149 3030 adeoque
1168 2997 1230 3020 ma·

358 3046 443 3080 teria
453 3044 510 3079 issa
521 3043 584 3079 fuit
594 3043 737 3077 animata
748 3064 759 3081 ‚
779 3048 952 3082 antequam
963 3036 1071 3072 vitalis
1081 3037 1148 3080 ejus
1158 3047 1232 3070 con-

360 3095 517 3131 formatio
527 3093 625 3127 fuerit
641 3090 794 3126 inchoata
804 3114 812 3122 .

414 3147 465 3182 16·
491 3141 620 3178 Deinde
631 3166 642 3182 ,
665 3152 701 3176 ut
714 3139 822 3181 inquit
832 3138 970 3172 eximius
981 3136 1132 3182 magister
1143 3147 1233 3171 meus

361 3196 409 3228 vir
420 3206 492 3229 toto
512 3193 650 3237 Belgio,
677 3188 1024 3236 totoqueClariffimus
1045 3188 1141 3221 Latio
1161 3187 1232 3219 Mi-

361 3243 454 3277 chael
474 3243 661 3277 Paludanus
687 3251 758 3275 x.2.
781 3240 859 3281 disp.
879 3248 927 3272 12.
948 3247 1025 3281 part.
1039 3249 1072 3284 5.
1092 3241 1230 3279 Corporis

363 3293 482 3326 bamam·
492 3319 503 3334 ‚
527 3305 565 3327 ac
575 3292 674 3327 etiam
684 3289 915 3332 cujuscumque
924 3288 1054 3322 alterius
1072 3287 1212 3321 viventis
1221 3310 1233 3329 ‚

362 3348 544 3384 organizatio
556 3342 593 3382 est
604 3353 652 3375 res
660 3338 935 3383 prorsusstupenda
948 3362 958 3377 ‚
984 3343 1063 3369 inter
1082 3346 1233 3370 creaturas

354 3393 526 3432 ’,προναία
538 3394 619 3433 longe
625 3393 803 3433 primarium
813 3388 1087 3429 omnipotentiffimae
1105 3398 1210 3420 manus
1218 3410 1230 3427 ,
1242 3412 1245 3432 ‚

353 3441 401 3474 ’ὑ
411 3442 530 3484 artificis
539 3446 663 3472 omnium
669 3440 815 3482 sapientae
827 3446 898 3480 opur
909 3462 920 3478 ,
946 3447 1049 3470 natum
1060 3434 1105 3477 (fi
1111 3442 1179 3479 quir
1199 3437 1234 3480 id
1241 3454 1244 3479 ,ι

351 3489 504 3536 'figlllqnm
509 3497 669 3537 penetrare
687 3490 793 3533 poffit)
812 3489 895 3532 long&
918 3487 1046 3531 amplias
1069 3491 1247 3525 intuentem

1305 171 1330 210 ¹1
1400 178 1432 209 o
1497 184 1499 195 =
1570 166 1618 211 1.÷

1284 256 1372 282 extra
1380 249 1412 293 se
1423 258 1528 292 rapere
1540 254 1570 283 in
1582 253 1639 283 Del
1648 249 1877 285 admirationem
1887 271 1897 289 ‚
1910 247 2013 292 'Quam
2027 255 2149 284 immen-

1281 297 1319 342 sa
1328 301 1473 333 coelorum
1485 312 1547 334 cum
1557 300 1688 334 omnibus
1696 299 1760 343 suls
1772 300 1888 334 orbibus
1912 296 1946 334 <it
1958 301 2049 340 stellis
2059 328 2070 345 ,
2095 315 2152 336 mo·

1285 350 1367 382 tibus
1379 351 1578 389 &influentia
1584 349 1721 392 fabrica.
1748 350 1834 401 Qia
1848 361 1883 384 ut
1905 351 1986 385 reste
2006 352 2151 387 Andreas

1287 399 1479 437 Laurentius
1498 401 1550 432 lib.
1575 412 1604 436 1.
1626 400 1753 440 historia·
1774 399 1892 434 anatho.
1903 409 1965 442 cap.
1987 401 2019 444 6.
2033 404 2152 446 mirum

1287 449 1353 490 est,
1379 450 1648 493 quotincorpore
1659 451 1816 496 organico
1838 452 1898 485 lint
1916 452 2004 492 offa,
2030 454 2155 494 cartila-

1287 499 1401 544 gines,
1427 499 1540 540 nervi,
1566 511 1668 541 venae,
1693 499 1834 540 arteriae,
1855 500 2158 547 membranaeflun.

1287 551 1380 582 &urae
1394 573 1405 588 ‚
1430 549 1601 590 mensurae,
1640 552 1863 593 proportiones
1878 577 1888 592 ,
1924 561 2055 592 motus,
2091 552 2154 593 &c

1286 599 1327 632 de
1349 598 1465 642 quibus
1486 599 1559 633 vide
1580 598 1739 643 infignern
1756 601 1892 636 Ordinis
1914 602 2014 636 nostri
2041 601 2157 649 Magi-

1287 648 1386 682 strum
1400 649 1597 693 Gregorium
1608 649 1800 688 Dainefflib.
1816 661 1842 688 1.
1858 653 1895 685 de
1913 654 2024 696 triplici
2045 653 2156 685 munda

1286 707 1349 740 cap.
1365 708 1417 734 10-
1435 698 1539 742 Atqui
1553 698 1619 733 haec
1631 701 1744 733 omnia
1754 701 1925 737 attribuere
1935 702 2088 738 astivitati
2099 702 2156 735 ali·

1286 749 1375 791 cujus
1393 749 1491 782 causae
1501 750 1675 783 mortuae&
1688 750 1859 789 inanimae,
1886 752 1995 785 nescio
2008 753 2080 795 quis
2091 753 2157 796 pos-

1285 799 1343 832 fit?
1370 798 1552 848 Qomodo
1573 801 1662 834 enim
1684 800 1776 834 causa
1814 801 1960 838 inanima
1996 799 2156 841 valeat'in

1284 859 1365 892 opus
1378 847 1441 883 hoc
1453 849 1625 884 divinum?
1651 850 1739 894 Ergo
1753 850 1892 884 omnino
1903 850 2077 888 dicendum
2089 850 2135 890 est
2146 876 2158 892 ,

1283 899 1371 946 qu'od
1384 898 1447 934 hoc
1459 900 1494 934 fit
1508 911 1591 943 opus
1604 900 1736 943 alicujus
1752 901 1893 934 viventis
1903 904 2044 947 anirnae;
2070 902 2157 936 ideo-

1284 960 1346 993 que
1358 950 1447 991 quod
1468 960 1544 986 ante
1563 948 1750 984 inchoatam
1775 953 1916 986 materiae
1941 953 2158 996 organizatio-

1283 1009 1357 1032 nem
1369 999 1432 1043 jam
1445 1001 1580 1042 perfeeta
1593 1001 1628 1033 fit
1639 1001 1779 1036 materiae
1790 1001 1969 1035 animatio:
1997 1001 2083 1045 quod
2103 1001 2158 1036 in-

1285 1048 1433 1083 trodusta
1444 1049 1480 1082 fit
1491 1050 1622 1090 anima,
1651 1062 1720 1094 quae
1740 1050 1974 1088 nobiliffimum
1993 1049 2058 1085 hoc
2076 1062 2158 1095 opus

1283 1098 1418 1133 inchoet
1430 1123 1441 1139 ,
1466 1099 1639 1134 continuet
1651 1101 1898 1134 acconsummet
1914 1126 1921 1133 .
1941 1101 2074 1135 Etenim
2089 1125 2100 1141 ,
2120 1111 2157 1135 ut

1279 1147 1347 1191 [2¹61.
1371 1161 1400 1185 1.
1424 1160 1464 1182 ex
1487 1150 1618 1184 Galeno
1639 1149 1809 1194 dicebam,
1831 1149 1910 1184 iliud
1942 1150 2158 1198 organizatio-

1286 1197 1528 1240 neminchoat‚
1554 1201 1728 1235 continuat
1748 1202 1789 1234 ac'
1803 1201 2009 1235 consummat
2028 1225 2038 1242 ,
2063 1200 2156 1245 quod

1285 1248 1492 1292 postmodum
1508 1259 1609 1292 partes
1626 1251 1830 1294 organizatas
1856 1251 2039 1295 gubernat3
2066 1251 2157 1295 atqui

1287 1298 1341 1339 id,
1367 1298 1454 1343 quod
1469 1309 1573 1342 partes
1594 1301 1797 1345 organizatas
1817 1302 1997 1344 gubernat,
2025 1300 2068 1336 est
2091 1299 2157 1334 ani-

1287 1360 1361 1382 ma:
1386 1360 1465 1394 ergo
1479 1349 1642 1391 etiamid,
1669 1351 1756 1394 quod
1768 1347 1871 1394 partes
1892 1350 2082 1395 organizat,
2105 1351 2159 1386 de·

1286 1399 1339 1432 bet
1351 1401 1413 1433 elie
1424 1400 1534 1433 anima
1545 1425 1553 1432 .
1580 1401 1614 1435 Si
1626 1400 1677 1433 cui
1693 1395 1759 1434 haec
1773 1399 1979 1444 philosophia
2001 1412 2069 1434 non
2093 1399 2161 1443 pla-

1284 1458 1374 1489 ceat,
1399 1460 1460 1483 oro
1483 1450 1602 1494 illum,
1629 1460 1665 1490 ut
1685 1449 1769 1491 mihi
1801 1450 1969 1491 meliorem
1993 1450 2161 1498 suggerere

1287 1510 1353 1533 non
1365 1500 1473 1542 pigeat
1486 1525 1493 1532 .
2133 1533 2135 1535 .
2216 1498 2218 1500 ¹

1337 1559 1389 1596 17.
1415 1550 1476 1581 Sed
1495 1550 1598 1591 ‘dicem
1626 1548 1733 1583 Unde
1751 1548 1818 1583 haec
1841 1550 1973 1584 materia
1992 1547 2160 1593 acquifivlt

1284 1599 1429 1632 animam
1440 1599 1457 1629 ἕ
1486 1598 1590 1632 Unde
1602 1597 1720 1632 stercus
1732 1599 1835 1639 fimeti
1847 1600 1988 1636 animam
2001 1598 2160 1639 scarabei,

1286 1647 1372 1682 unde
1382 1647 1506 1681 v'tscosa
1518 1658 1613 1682 arena
1624 1657 1678 1691 per
1689 1649 1840 1683 vifeosam
1851 1649 1991 1686 aestivam
2013 1649 2158 1694 pluviam
2166 1664 2172 1700 χ

1287 1698 1417 1731 actuata
1430 1696 1464 1731 ἀ
1483 1697 1674 1737 fermentata
1699 1698 1864 1742 acquifivit
1877 1710 1960 1734 ranae
1980 1699 2123 1733 animam
2150 1698 2170 1733 is

1288 1747 1359 1780 Neo
1373 1746 1462 1780 enim
1479 1748 1611 1790 praesens
1622 1746 1676 1782 hic
1686 1747 1732 1782 est
1754 1748 1889 1792 aliquod
1911 1748 2020 1783 vivens
2034 1774 2044 1791 ,
2069 1748 2161 1793 quod

1288 1795 1364 1829 huic
1382 1797 1521 1830 materiae
1538 1798 1680 1840 potuerit
1701 1797 1872 1831 infundere
1891 1808 1947 1833 aut
1972 1800 2159 1848 ingenerare

1286 1847 1446 1880 animam.
1475 1845 1543 1880 Hic
1564 1849 1686 1889 pauso,
1714 1846 1769 1881 hic
1790 1847 1914 1884 haereo.
1951 1847 2083 1881 Etenim
2107 1847 2158 1880 boc

1285 1903 1381 1937 opus,
1407 1895 1544 1928 biclabor
1554 1896 1611 1935 est.
1640 1896 1777 1935 Mallem
1790 1895 1843 1931 hic
1855 1896 1968 1932 audire
1990 1908 2088 1942 quam
2112 1896 2159 1933 lo·

1285 1945 1364 1988 qui,
1388 1946 1518 1978 mallem
1536 1946 1697 1986 scribere,
1723 1957 1818 1987 quam
1841 1946 1980 1983 distare.
2020 1947 2064 1979 Et
2082 1946 2158 1980 sane

1285 1993 1364 2039 quid
1378 1994 1412 2027 ni
1424 1993 1556 2028 haeream
1566 1995 1583 2027 ,ἓ
1609 1995 1721 2029 Haeret
1732 1993 1786 2029 hic
1796 1996 1885 2029 enim
1898 1995 1998 2034 etiam
2009 1995 2159 2032 Libertus

1287 2044 1494 2078 Fromondus
1514 2043 1731 2088 Philotbphus
1753 2045 1838 2088 apud
1860 2042 2083 2087 Levanienses
2104 2057 2160 2079 no-

1288 2094 1368 2127 stros
1393 2093 1518 2127 dudum
1540 2095 1693 2129 emeritus
1714 2094 1748 2131 δε
1770 2095 1945 2138 jubilatus,
1984 2096 2040 2140 qui
2061 2095 2112 2129 lib.
2126 2105 2161 2141 ς.

1285 2142 1417 2174 metbeor.
1428 2153 1453 2173 c.
1464 2142 1497 2179 6.
1512 2152 1613 2187 art.4.
1626 2144 1741 2180 maluit
1755 2142 1841 2177 hanc
1851 2155 1919 2182 rem
1940 2144 2008 2177 alto
2030 2144 2161 2178 filentio

1287 2200 1444 2233 premere,
1474 2201 1571 2233 quam
1582 2191 1758 2237 quidquam
1770 2192 1887 2225 temere
1896 2192 2022 2228 dicere.
2050 2195 2162 2227 Haeret

1276 2239 1340 2273 hic
1349 2240 1448 2272 etiam
1469 2239 1685 2274 nlu’stiffimus
1706 2241 1942 2284 Archi-praesul
1964 2243 2069 2287 Hugo
2090 2243 2162 2277 Ca-

1289 2287 1387 2322 vellus
1398 2287 1474 2330 disp.
1489 2299 1517 2324 1.
1529 2287 1754 2331 deanImasell.
1773 2299 1823 2336 15.
1838 2291 1908 2343 Qui
1932 2299 2044 2329 tamen
2064 2292 2097 2326 se
2117 2301 2163 2335 re-

1289 2338 1387 2376 solvit
1397 2362 1409 2378 ‚
1433 2337 1576 2387 dicitque
1587 2336 1667 2373 huic
1678 2340 1819 2377 materiae
1829 2340 1971 2383 imprimi
1989 2353 2026 2375 ac
2044 2340 2162 2376 don-ri

1290 2388 1434 2422 animam
1446 2388 1600 2422 secuturae
1608 2388 1866 2433 organizationis
1875 2391 2001 2426 causam
2014 2391 2046 2425 dr
2058 2390 2164 2431 domi-

1291 2449 1366 2472 nam
1380 2437 1506 2480 abipso
1525 2436 1662 2472 authore
1673 2448 1811 2479 naturae,
1837 2439 1879 2473 ab
1904 2440 1972 2482 ipso
1994 2441 2071 2475 Deo
2083 2465 2091 2474 .
2118 2436 2163 2477 Ee

1291 2488 1499 2530 adstipulatur
1510 2488 1606 2522 nobis
1617 2488 1670 2522 (ΣΙ.
1683 2490 1725 2522 D.
1738 2488 1904 2532 Plempius
1913 2487 1964 2528 [ib.
1977 2502 2009 2527 2·
2020 2492 2057 2524 de
2064 2490 2160 2531 fund

1287 2536 1357 2581 senff.
1384 2548 1411 2572 1.
1436 2549 1458 2570 c.
1480 2550 1513 2583 3.
1534 2540 1568 2571 ό*
1589 2536 1621 2572 6.
1638 2538 1768 2572 Coelum
1790 2539 1924 2572 enimid
1940 2550 2006 2573 non
2020 2539 2134 2582 potest‘
2152 2552 2160 2571 :

1292 2588 1381 2635 Qia
1395 2598 1429 2620 ut
1445 2589 1523 2620 reete
1533 2588 1564 2620 S.
1577 2587 1666 2631 Aug.
1678 2587 1726 2619 lib.
1738 2588 1774 2620 de
1784 2587 1901 2620 duabus
1922 2589 2080 2623 animabus
2089 2614 2100 2630 ,
2123 2590 2159 2622 Θ

1291 2638 1310 2670 ι
1324 2636 1345 2673 '1
1355 2648 1381 2672 1.
1391 2638 1427 2668 de
1439 2640 1533 2669 civit.
1546 2644 1610 2678 cap.
1625 2640 1678 2674 16.
1695 2635 1818 2670 Anima
1829 2638 1943 2671 muscae
1953 2638 1997 2671 est
2008 2639 2094 2673 coelo
2105 2649 2163 2677 no·-

1295 2686 1390 2720 bilior
1400 2709 1410 2724 ,
1438 2697 1475 2719 ac
1487 2685 1659 2719 entitative
1668 2686 1868 2720 eminentior
1878 2710 1886 2719 .
1913 2685 2075 2732 Adeoque
2084 2679 2162 2724 &lh

1294 2737 1360 2770 haec
1374 2736 1557 2779 hetrociyta
1571 2735 1667 2779 hujus
1681 2736 1819 2770 materiae
1839 2736 1997 2772 animatio
2017 2750 2086 2772 non
2105 2735 2163 2772 fia't

1292 2786 1332 2820 ab
1343 2786 1451 2829 aliqua
1462 2788 1566 2820 caufla
1585 2785 1713 2830 propria
1736 2786 1770 2820 &
1788 2786 1992 2829 particulari,
2018 2789 2086 2826 fieri
2107 2788 2163 2829 de-

1292 2837 1344 2870 bet
1359 2837 1400 2870 ab
1409 2835 1515 2879 aliqua
1525 2837 1631 2870 cauffa
1642 2836 1856 2870 communi&
1877 2835 2063 2872 universali:
2090 2847 2163 2881 quae

1292 2886 1369 2930 quia
1381 2897 1448 2919 non
1461 2885 1635 2929 potest-effe
1645 2886 1788 2928 coelunu
1813 2884 1953 2920 restatur
1965 2886 2002 2919 fit
2022 2887 2089 2931 ipse
2110 2885 2165 2921 be-

1293 2936 1436 2970 nedictus
1444 2936 1519 2969 coeli
1531 2936 1623 2970 Deus
1633 2960 1640 2968 .
1668 2932 1860 2978 Nequehoc
1873 2937 1991 2971 mirum
2005 2937 2049 2971 est
2060 2949 2068 2970 z
2081 2938 2160 2981 quia

1294 2984 1361 3020 haec
1373 2985 1469 3029 hujus
1482 2985 1620 3019 materiae
1638 2984 1800 3019 'animatio
1817 2996 1884 3019 non
1904 2984 2122 3021 &ordinaria
2147 3011 2161 3029 ‚

1291 3036 1343 3070 sed
1361 3035 1616 3070 extraordinaria
1635 3035 1671 3069 δε
1691 3034 1871 3076 hetroclyta
1884 3040 1907 3079 ς]
1920 3036 2066 3079 adeoque
2086 3034 2158 3070 non

1291 3087 1435 3134 sequitur
1443 3084 1626 3123 ordinarias
1634 3084 1801 3119 ordinarilae
1811 3084 2054 3129 propagationis
2065 3095 2159 3130 regu·

1291 3136 1337 3170 las
1348 3137 1380 3171 &
1391 3136 1529 3170 caussas:
1559 3135 1613 3168 sed
1625 3135 1662 3168 fit
1673 3134 1714 3168 ab
1735 3133 1843 3180 aliqua
1865 3135 1970 3168 caussa
1985 3134 2162 3176 extraordi-

1291 3187 1378 3219 naria
1390 3210 1400 3227 ‚
1426 3184 1547 3228 abipso
1559 3185 1716 3218 nimirum
1726 3185 1817 3218 Duo.
1847 3184 1916 3229 Qi
1929 3185 2004 3228 quia
2015 3185 2067 3219 isti
2085 3195 2163 3229 pro·

1283 3233 1473 3280 *pagationis
1508 3235 1565 3268 viae
1579 3233 1810 3279 dignatusmon
1833 3232 1894 3267 filit
1907 3235 1943 3267 in
1960 3245 2036 3275 ortu
2055 3234 2160 3269 saeculi

1291 3283 1506 3328 providerede
1517 3284 1680 3319 ordinaria
1703 3281 1873 3328 principali
1899 3285 2005 3318 cauffa
2016 3293 2121 3321 creata
2140 3286 2161 3326 ⁴,

1290 3332 1366 3370 ideo
1375 3346 1446 3383 ⁸non
1456 3333 1652 3379 dedignatur
1662 3332 1711 3381 im
1722 3342 1776 3375 per
1786 3332 1889 3367 saeculi
1898 3335 2025 3368 cursum
2050 3333 2161 3378 provi·

1289 3384 1364 3419 dere
1376 3384 1418 3419 de
1425 3382 1680 3419 extraordinarie
1691 3381 1846 3425 potentiae
1866 3384 1933 3417 suae
1947 3383 2122 3418 affistentia
2142 3397 2160 3422 ¹,

1290 3434 1434 3469 Fortasse
1446 3433 1544 3476 ideo,=
1568 3442 1606 3468 ut
1615 3431 1801 3466 hominibus
1821 3430 1945 3476 atheis,
1967 3434 2002 3468 ἀ
2020 3433 2060 3467 de
2082 3443 2178 3477 quo->

1287 3483 1415 3523 ·tidiana
1427 3484 1491 3520 Dei
1504 3481 1706 3533 providentia
1719 3481 1941 3523 diffidentibus
1962 3483 2097 3527 aliquod
2114 3483 2166 3517 fit«

2026 3543 2117 3572 mum
