2384 3770
648 94 1216 160 PanAi13.-Qon.A
1243 106 1272 136 D
1307 91 1445 137 Due.
1482 95 1605 146 Sco.

223 183 393 233 principali
404 180 583 228 fignificato
609 181 701 216 vocis
728 184 828 214 Deus:
857 178 933 223 quia
955 175 1090 212 eandem

222 237 390 274 Deitatem
417 233 437 267 a.
463 242 544 266 voce
569 234 652 266 Deus
686 229 905 275 principaliter
938 226 1095 270 fignifica-

219 298 292 323 tam
318 283 528 330 participant,
555 293 593 317 ac
618 283 653 316 in
679 281 711 314 se
735 279 855 314 habent
881 276 997 310 codem
1026 287 1092 309 mo-

224 337 294 372 do.-
318 345 361 369 eo
390 333 563 374 nimirum,
592 342 658 375 quo
668 329 827 373 suppofita
854 325 971 360 habere
992 326 1096 360 solent

216 389 376 420 'naturam
403 383 449 417 sui
475 381 722 419 constitutivam
739 401 747 410 .
773 375 881 412 Unde
906 376 1006 410 etiam
1027 386 1095 410 non

226 432 410 480 incongrue
436 444 502 479 ego
527 432 634 467 dicere
659 428 767 463 soleo:
795 426 886 470 quod
912 426 1003 469 plura
1031 426 1097 470 pla-

226 484 269 520 ne
294 482 471 520 convenire
495 483 531 516 in
557 478 735 524 fignificato
762 476 933 521 principali
962 476 1097 519 alicujus

227 535 320 571 vocis
345 532 431 568 nihil
455 532 494 565 fit
513 529 602 564 aliud
616 552 628 569 ,
653 537 751 571 quam
762 527 872 570 aliqua
900 527 990 571 plura
1001 527 1098 571 figni-

226 584 316 620 ficari
344 594 398 628 per
421 579 557 616 eandem
583 589 700 613 vocem
724 602 735 618 ‚
762 588 833 622 quae
857 577 898 611 de
924 576 1096 620 principali

227 634 387 680 fignificet
411 630 556 672 aliquam
582 628 720 663 eandem
747 629 884 662 formam
906 627 973 661 istis
1000 626 1096 670 pluri·

227 684 291 719 bue
313 691 548 720 communem,
574 677 616 713 ab
626 678 736 722 eisque
761 678 985 722 participatam
999 676 1096 711 &ha-

226 733 333 769 bitam
341 730 458 766 eodem
470 728 614 778 habendi
625 754 636 770 ,
659 730 692 763 ἀ
705 727 919 772 participandi
932 727 1051 761 modo.

281 793 335 831 13.
363 780 453 816 Dico
468 805 478 820 ‚
496 781 589 822 plura
608 787 642 812 m
653 778 816 822 significato
830 779 992 820 principali
1010 778 1100 810 alicu-

223 836 278 876 jus
303 836 380 867 vocis
391 832 485 873 plana
496 835 653 864 convenire
663 829 701 868 est
721 828 868 868 illaeplura
888 827 996 860 habere
1019 831 1051 859 in
1066 823 1099 868 se

227 885 308 917 idem
318 878 448 925 ejusdem
460 885 538 913 vocis
543 877 740 923 fignificatum
748 879 917 920 principale
927 878 1024 910 eodem
1043 886 1099 908 mo·

159 960 163 965 .
228 933 284 967 Aa:
316 932 430 972 Idem,
453 930 588 973 inquam
602 953 612 969 ,
634 938 701 961 non
716 928 838 970 semper
860 937 1019 968 numero;
1047 923 1099 958 sed

227 979 429 1026 quandoque
440 990 598 1020 numero,
626 977 825 1021 quandoque
851 986 1100 1021 genere,quan·

230 1031 340 1076 doque
358 1030 463 1074 specie
475 1027 578 1064 idem.
609 1029 794 1072 ,Quodpater
813 1027 1004 1061 induffione:
1027 1035 1100 1059 nam

231 1081 324 1117 Pater
337 1106 347 1121 ,
369 1081 494 1121 Filius,
519 1090 557 1113 ac
568 1078 704 1122 Spiritus
715 1079 848 1112 Sanctus
868 1077 962 1121 plane
983 1086 1098 1110 conve·

230 1132 360 1166 niente:
375 1131 410 1164 in
426 1129 608 1174 significato
622 1128 793 1171 principali
821 1128 910 1162 vocis
922 1129 1000 1160 Deus
1012 1150 1022 1165 ,
1051 1126 1103 1159 ha-

231 1180 311 1216 bem
335 1182 367 1215 in
383 1181 414 1215 se
427 1180 713 1215 Deitaternavoce
724 1181 805 1211 Deus
829 1177 1047 1221 principaliter
1070 1176 1106 1208 fi·

231 1231 424 1276 gnificatam
439 1253 450 1269 ,
471 1229 608 1263 eandem
623 1239 781 1270 numero;
807 1228 921 1261 Petrus
940 1227 973 1261 ὅ(
987 1225 1105 1259 Paulus

230 1280 329 1324 plane
341 1276 574 1312 convenientes
587 1277 618 1310 in
631 1277 811 1321 fignificato
826 1277 999 1320 principali
1012 1276 1103 1309 vocis

231 1329 317 1363 bom
335 1352 346 1369 ,
373 1325 496 1361 habent
517 1327 551 1361 in
576 1327 605 1360 se
624 1324 859 1361 humanitatem
882 1327 897 1361 a
922 1338 1002 1360 voce
1023 1324 1105 1358 homo

231 1371 456 1423 principaliter
477 1377 715 1421 significatam,
735 1377 882 1411 eamdem
906 1377 971 1410 sola
993 1375 1103 1418 specie.

232 1429 354 1463 Homo
377 1428 418 1461 ἃ·
432 1426 563 1460 brutum
580 1427 673 1470 plane
685 1428 917 1460 convenientes
930 1428 964 1459 in
985 1426 1104 1470 fignifi-

234 1490 314 1513 cato
327 1477 498 1522 principali
514 1478 604 1510 vocis
615 1478 750 1516 animal,
780 1474 901 1509 habent
925 1475 958 1508 in
982 1476 1015 1508 se
1036 1475 1104 1509 ani·

233 1528 414 1562 malitatem
424 1526 561 1561 eandem
571 1526 640 1560 solo
652 1537 789 1571 genere.
819 1526 909 1570 Ergo
930 1536 1005 1560 cum
1028 1525 1106 1558 dici-

235 1589 330 1617 mus,
356 1577 444 1620 plura
457 1577 491 1611 in
503 1576 616 1619 aliquo
627 1576 812 1622 significato
837 1574 930 1620 plane
952 1575 1105 1609 conveni-

235 1640 272 1663 re
286 1653 298 1670 ,
318 1628 379 1662 effe
390 1626 424 1660 in
436 1628 466 1660 se
478 1625 596 1660 habere
609 1627 694 1661 idem
718 1626 938 1670 fignificatum
951 1649 962 1665 ‚
988 1625 1106 1659 intelli-

240 1678 277 1723 gi
287 1678 352 1712 hoc
366 1676 464 1711 debet
474 1687 541 1711 tam
556 1676 595 1710 de
613 1680 747 1711 entitate
758 1677 907 1720 generica
929 1687 966 1709 ac
989 1675 1106 1718 specifi—

235 1740 300 1771 ca,
325 1738 422 1771 quam
445 1726 486 1762 de
501 1728 676 1762 numerica.
701 1729 776 1760 Vide
786 1737 854 1769 quae
864 1727 961 1760 dicam
975 1723 1103 1769 duluseq.

289 1788 342 1823 14.
364 1776 468 1812 Tunc
479 1777 558 1812 vero
568 1789 616 1813 res
631 1778 738 1822 plures
761 1789 815 1821 per
835 1778 970 1811 eandem
993 1787 1106 1810 vocem

234 1827 424 1873 fignificatae
445 1829 478 1862 in
505 1827 596 1862 istius
620 1829 709 1863 vocis
734 1828 902 1871 principali
926 1827 1109 1872 significato

235 1878 333 1922 plane
356 1877 633 1919 disconveniunt,
661 1877 795 1923 quando
819 1890 885 1912 non
904 1876 1109 1912 conveniunt

235 1926 274 1960 in
294 1926 477 1971 fignificato
503 1928 678 1971 principali
713 1927 852 1961 habito:
883 1927 946 1959 ssve
979 1925 1110 1969 quando

235 1975 274 2009 in
311 1977 346 2011 se
367 1987 435 2010 non
461 1975 582 2010 habent
603 1977 689 2009 idem
716 1976 858 2017 ejusdem
882 1976 972 2007 vocis
996 1975 1111 2016 princi-

237 2023 315 2069 pale
334 2025 549 2071 fignificatum
563 2036 577 2066 ‚·
603 2023 656 2059 sed
668 2023 789 2059 habent
808 2024 949 2068 ejusdem
962 2024 1053 2056 vocis
1065 2021 1111 2056 di·
1138 2055 1143 2058 t

237 2075 326 2107 versa
346 2083 385 2107 ac
406 2072 564 2114 disparata
586 2073 766 2115 significata
790 2073 980 2115 principalia
994 2096 1003 2103 .
1022 2072 1110 2104 Sicut

237 2122 329 2156 enim
354 2122 427 2155 sunt
447 2122 558 2155 multat
569 2131 665 2155 voces
688 2119 843 2154 habentes
867 2122 1002 2153 unicum
1016 2120 1111 2164 figni—

238 2171 376 2206 ficatum
400 2170 602 2215 principale;
629 2171 671 2204 fic
685 2171 782 2205 etiam
806 2172 880 2205 sunt
899 2169 1044 2214 quaedam
1059 2169 1110 2202 ha·

238 2221 355 2255 beutes
378 2222 472 2265 plura
489 2219 612 2254 diversa
632 2231 670 2254 ac
694 2219 852 2263 disparata
877 2220 1054 2264 fignificata
1076 2230 1109 2252 ae·

240 2270 306 2313 que
329 2270 521 2313 principalia
543 2282 550 2301 ε
579 2270 611 2303 &
636 2280 714 2302 tunc
736 2279 784 2303 res
805 2269 966 2310 disparata
989 2267 1054 2301 haec
1078 2269 1110 2300 fi·

241 2318 399 2364 gnificata
419 2319 651 2363 participantes
669 2330 708 2352 ac
730 2319 764 2351 in
785 2318 816 2352 se
847 2317 1002 2352 habentes
1023 2339 1033 2355 ‚
1068 2315 1110 2349 di-

241 2379 362 2404 cuntur
383 2369 419 2403 in
441 2367 529 2402 istius
549 2368 638 2403 vocis
660 2367 831 2413 principali
854 2366 1034 2412 fignificato
1048 2366 1111 2410 pla-

241 2417 286 2454 ιιὲ
304 2419 555 2458 dilconvenire‚
580 2430 611 2452 v.
623 2429 654 2464 g.
669 2417 774 2452 homo
787 2417 822 2452 in
834 2418 942 2451 Gallia
956 2426 1049 2451 natus
1065 2416 1112 2454 ,δε

240 2467 349 2512 gallus
367 2468 567 2513 gallinaceus
589 2466 683 2511 plane
707 2467 960 2502 disconveniunt
973 2467 1007 2500 in
1018 2465 1112 2510 figni-

241 2518 343 2553 ficato
369 2517 541 2562 principali
566 2519 658 2552 vocis
671 2519 775 2562 gallus
797 2532 808 2551 .·
834 2517 911 2561 quia
933 2514 1055 2550 habent
1077 2516 1110 2548 in

240 2568 276 2603 se
299 2578 368 2603 non
389 2566 475 2603 idem
499 2580 510 2611 ;
550 2567 602 2603 sed
624 2567 748 2602 diversa
774 2567 866 2601 istius
885 2566 978 2600 vocis
997 2566 1112 2610 fignifi-

239 2627 316 2652 cata
339 2617 548 2661 principalia.
575 2617 656 2652 Vox
677 2616 797 2661 quippe
818 2618 877 2651 ista
900 2616 1061 2661 fignificat
1072 2615 1112 2650 de

241 2666 413 2711 principali
433 2667 502 2700 duo
524 2666 619 2709 plane
636 2665 813 2710 disparata:
839 2666 961 2701 scilicet
982 2665 1112 2701 brutali·

240 2725 343 2750 tatem
367 2714 583 2760 gallinaceam
605 2740 616 2757 ,
638 2716 672 2750 dt
693 2716 904 2750 nativitatem
927 2717 963 2750 in
980 2715 1111 2750 Gallia.

241 2764 472 2800 Brutalitatem
493 2764 591 2800 habet
611 2765 728 2800 Gallus
744 2765 970 2807 Gallinaceus·,
998 2764 1113 2799 nativi·

240 2825 344 2850 tatem
368 2816 401 2849 in
428 2815 538 2850 Gallia
562 2814 659 2850 habet
678 2814 782 2851 homo
810 2815 845 2850 in
868 2815 980 2848 Gallia
1000 2825 1110 2850 natus.

239 2864 343 2900 Unde
374 2865 426 2900 isti
460 2865 530 2901 duo
556 2866 637 2909 galli
659 2866 791 2910 quidem
812 2864 1033 2910 significantur
1059 2875 1112 2909 per

239 2915 378 2950 eandem
400 2926 517 2951 vocem
534 2916 652 2960 gallus:
682 2915 782 2950 sedin
794 2914 911 2950 eodem
933 2914 1020 2948 illius
1032 2915 1110 2958 prin·

237 2964 336 3008 cipali
369 2965 552 3011 significato
580 2976 649 3000 non
672 2966 876 3001 conveniunt
898 2989 910 3006 ‚
933 2976 1001 2999 non
1026 2975 1111 2999 cotn-

236 3015 412 3050 municant
426 3041 438 3058 ,
459 3026 527 3051 non
544 3016 738 3059 participant
751 3041 759 3049 .
788 3015 895 3051 Unde
917 3015 1017 3048 etiam
1042 3025 1111 3048 non

237 3065 421 3110 incongrue
436 3077 502 3112 ego
524 3064 629 3102 dicere
651 3066 739 3103 soleo
760 3079 768 3099 :
790 3065 879 3110 quod
903 3064 996 3109 plura
1018 3063 1112 3109 plane

238 3113 466 3150 disconvenire
495 3117 530 3151 in
560 3116 742 3162 significato
774 3115 945 3159 principali
975 3113 1111 3158 alicujus

238 3164 330 3199 vocis
352 3189 363 3206 ,
390 3165 476 3200 nihil
495 3168 533 3202 sit
564 3167 659 3201 aliud
684 3190 695 3207 ‚
727 3176 825 3210 quam
876 3166 967 3208 plura
1017 3165 1109 3210 (igni-

235 3213 325 3248 ficari
362 3226 416 3258 per
450 3217 586 3251 eandem
612 3228 727 3252 vocem
750 3240 761 3256 ,
783 3226 852 3260 quae
875 3215 917 3249 de
939 3215 1109 3259 principali

237 3275 308 3298 non
340 3264 497 3309 fignificet
528 3266 672 3310 aliquam
704 3268 842 3300 formam
869 3264 934 3299 istis
965 3264 1109 3309 pluribus

237 3324 474 3357 communem;
502 3316 553 3350 sed
577 3327 645 3359 quae
666 3327 707 3351 ex
729 3327 822 3359 aequo
849 3315 1009 3360 fignificet
1030 3313 1108 3349 duas

238 3374 296 3399 aut
319 3364 424 3407 plures
455 3366 599 3405 formas,
633 3377 747 3402 omnes
770 3364 857 3410 aeque
889 3365 1110 3409 principaliter

235 3413 303 3449 fine
323 3413 539 3458 dependentia
561 3417 658 3451 unius
690 3417 732 3451 ab
757 3417 820 3450 alia
842 3439 852 3456 ,
884 3426 1022 3461 quarum
1046 3426 1110 3451 una

332 3463 435 3506 chrm.
463 3469 541 3509 Lupi
552 3470 649 3510 Opera
670 3469 834 3502 Tem-XII.

1900 108 1992 155 179

1155 172 1308 209 habeatur
1330 173 1371 207 ab
1397 172 1483 214 hoc;
1509 173 1573 207 alia
1600 173 1674 209 vero
1700 172 1857 211 habeatur
1882 174 1923 210 ab
1944 176 2026 210 illo:

1154 225 1231 259 ficut
1244 224 1305 267 jam
1317 222 1443 257 ostendi
1457 222 1522 256 fieri
1551 222 1666 268 inoista
1679 227 1802 266 praefata
1816 235 1897 261 voce
1903 226 2005 270 gallus
2019 250 2029 258 .

1208 286 1262 321 15.
1291 273 1393 306 Tunc
1419 281 1525 307 autem
1554 282 1601 306 res
1627 272 1731 314 plures
1744 286 1796 316 per
1820 278 1959 311 eandem
1976 287 2029 310 vo·

1156 336 1228 359 cem
1254 324 1439 368 significatae
1465 322 1498 356 in
1524 319 1614 356 istius
1642 322 1731 355 vocis
1757 325 2031 372 principalifigni·

1157 375 1253 409 ficato
1275 373 1391 417 partim
1419 372 1624 408 conveniunt
1646 395 1656 412 ,
1694 373 1810 415 partim
1830 375 2031 410 disconveni-

1158 434 1240 464 unt,
1267 424 1399 466 quando
1426 423 1629 457 conveniunt
1655 422 1689 454 in
1719 422 1887 467 principali
1913 426 2031 471 fignifi-

1158 485 1231 508 cato
1261 472 1374 507 habito
1394 486 1408 515 ;
1442 474 1495 508 sed
1516 472 1770 508 disconveniunt
1793 473 1827 506 in
1851 475 1951 508 modo
1976 473 2031 510 ha-

1159 524 1258 558 bendi
1286 523 1384 556 illud.
1412 523 1515 570 Qiod
1538 522 1623 557 nihil
1645 521 1689 555 est
1711 522 1822 561 aliud,
1854 533 1952 565 quam
1964 525 2033 566 plu-

1159 585 1207 608 res
1233 585 1282 607 res
1309 585 1364 616 per
1390 575 1528 608 eandem
1543 582 1657 608 vocem
1677 572 1872 616 significatas
1892 571 1979 606 idem
1995 575 2032 606 is-

1160 624 1223 658 tius
1249 626 1336 657 vocis
1362 624 1541 667 principale
1563 622 1781 667 fignificatum
1806 622 1839 655 in
1863 623 1892 656 se
1917 620 2034 656 habere

1160 675 1285 708 diverso
1312 673 1451 707 habendi
1480 674 1581 707 modo
1603 698 1609 704 .
1638 673 1712 706 Sive
1734 697 1744 713 ‚
1771 681 1807 706 ut
1833 683 1898 717 ego
1936 671 2036 706 etiarn

1160 724 1266 757 dicere
1294 724 1406 765 soleo,
1435 723 1481 757 est
1510 725 1598 767 plura
1614 723 1788 767 significati
1818 733 1872 766 per
1898 723 2034 756 eandem

1162 785 1275 807 vocem
1289 798 1299 813 ,
1326 785 1395 817 quae
1409 774 1448 807 de
1466 774 1634 816 principali
1648 773 1805 818 significet
1825 772 1960 807 eandem
1974 774 2039 806 for-

1163 836 1249 858 mam
1274 824 1341 857 istis
1359 824 1503 865 pluribus
1528 834 1738 858 communem
1752 848 1763 864 ,
1786 823 1827 856 ab
1847 823 1956 866 eisque
1969 834 2035 864 par·

1164 875 1330 916 ticipatam
1353 875 1386 907 &
1408 873 1551 908 habitam
1572 898 1582 913 ,
1616 874 1743 907 diverso
1769 872 1981 916 participandi
2003 873 2035 906 ὅ(

1163 922 1303 957 habendi
1324 923 1426 957 modo
1442 948 1452 964 ,
1470 935 1496 957 v.
1508 936 1540 968 g.
1554 924 1676 958 animal
1690 947 1700 963 ,
1718 924 1880 958 medicina
1894 948 1904 963 ,
1926 924 1959 957 ἀ
1975 923 2037 956 uri-

1164 985 1207 1007 na
1226 974 1449 1017 fignificantur
1476 984 1528 1016 per
1550 974 1688 1008 eandem
1716 985 1829 1008 vocem
1847 972 1955 1016 sanum
1969 997 1979 1012 ‚
2001 974 2035 1006 in

1164 1023 1295 1067 ejusque
1318 1023 1487 1066 principali
1498 1024 1679 1068 significato
1692 1024 1807 1067 partim
1819 1025 2037 1063 conveniunt,

1167 1077 1282 1117 partim
1294 1073 1569 1107 disconveniunt:
1597 1075 1673 1119 quia
1688 1074 1891 1107 conveniunt
1904 1075 1936 1107 in
1951 1073 2036 1116 prin-

1166 1124 1262 1166 cipali
1283 1123 1462 1167 significato
1490 1122 1605 1158 habito
1626 1149 1637 1163 ‚
1662 1123 1695 1156 &
1718 1124 1972 1158 disconveniunt
1999 1124 2037 1157 in

1167 1173 1268 1209 modo
1288 1172 1430 1207 habendi
1453 1173 1554 1207 illud.
1583 1173 1721 1208 Habent
1732 1174 1820 1207 enim
1844 1173 2036 1207 idemistius

1167 1224 1256 1258 vocis
1284 1224 1463 1267 principale
1499 1223 1717 1268 significatum
1753 1223 1879 1256 diverso
1914 1221 2015 1256 modo
2027 1235 2037 1261 2>

1167 1285 1243 1308 nam
1271 1285 1335 1307 vox
1348 1272 1460 1314 sanum
1482 1274 1703 1318 principaliter
1725 1274 1896 1308 sanitatem
1922 1272 2040 1317 fignifi-

1167 1334 1239 1365 cat,
1262 1335 1331 1366 quae
1345 1323 1389 1358 est
1411 1323 1525 1358 eadem
1550 1324 1584 1357 in
1611 1324 1765 1364 animali,
1795 1323 1958 1358 medicina
1973 1344 1984 1361 ‚
2005 1322 2040 1356 δε

1168 1376 1279 1409 urina.
1307 1374 1445 1408 Diverso
1467 1385 1577 1409 tamen
1603 1374 1730 1409 modo.-
1748 1384 1824 1408 nam
1848 1374 1881 1407 in
1906 1372 2041 1406 animali

1167 1423 1212 1459 est
1238 1435 1406 1466 tamquam
1430 1425 1535 1458 forma
1559 1423 1594 1458 in
1616 1423 1758 1467 subjecto
1783 1448 1795 1464 ,
1817 1424 1853 1458 in
1875 1423 2042 1458 medicina

1168 1485 1333 1517 tamquam
1348 1474 1478 1508 effecius
1501 1474 1535 1507 in
1557 1475 1685 1515 cauffa,
1714 1474 1747 1508 in
1770 1474 1864 1509 urina
1875 1484 2043 1517 tamquam

1167 1525 1383 1568 significatum
1405 1524 1440 1558 in
1461 1524 1519 1557 suo
1539 1524 1649 1569 figno.
1679 1524 1778 1563 Vide,
1798 1535 1868 1567 quae
1887 1525 2046 1559 dicamin-

1161 1574 1218 1617 fra
1241 1576 1280 1608 dc
1296 1584 1366 1608 voce
1391 1573 1536 1616 analoga.

1270 1643 1950 1709 DUBIUMiIL

1222 1775 1312 1818 ,Quid
1320 1771 1360 1816 fit
1385 1785 1447 1809 vox
1460 1780 1587 1810 univoca
1602 1797 1614 1816 ‚
1636 1775 1714 1818 quid
1726 1776 1793 1818 ejus
1813 1780 1970 1809 univocam
1985 1776 1999 1807 ἓ

1177 1875 1230 1911 16.
1382 1873 1458 1918 Esp.
1476 1876 1510 1910 ῤ’
1534 1875 1596 1908 ἄιτα
1621 1876 1740 1915 primia
1750 1882 1814 1906 vox
1836 1874 1979 1909 univoca
2003 1873 2051 1911 est

1399 1935 1465 1958 vox
1490 1923 1676 1967 significans
1699 1923 1787 1966 plura
1827 1923 1861 1956 in
1885 1924 1944 1957 suo
1967 1926 2053 1967 prin·

1173 1973 1270 2014 cipali
1298 1972 1483 2015 significato
1506 1971 1602 2016 plane
1622 1971 1857 2007 convenientia
1871 1997 1880 2005 .
1909 1973 1963 2008 Ut
1978 1984 2046 2008 voa:

1174 2022 1256 2054 bomo
1276 2023 1416 2063 respeCiu
1438 2022 1525 2055 Petri
1549 2023 1580 2056 ἀ
1605 2020 1724 2062 Pauli,
1752 2023 1892 2065 respectu
1915 2021 1990 2057 Itali
2016 2025 2051 2058 δε

1174 2070 1350 2110 Germani,
1377 2070 1455 2104 Vox
1476 2072 1595 2103 animal
1612 2071 1748 2113 respectu
1773 2071 1963 2106 hominis&
1979 2074 2052 2108 bru·

1175 2119 1200 2151 ti
1218 2142 1230 2158 ,
1251 2129 1316 2152 vox
1337 2119 1439 2158 albedo
1465 2120 1604 2161 respectu
1631 2118 1725 2161 hujus
1749 2121 1781 2153 ἃ
1804 2121 1896 2155 istius
1929 2123 2051 2158 albedi-

1176 2167 1225 2202 nis
1243 2192 1254 2208 ,
1285 2176 1349 2209 voit
1371 2168 1471 2201 album
1494 2169 1631 2211 respestu
1655 2168 1803 2203 hominis
1825 2193 1835 2210 ‚
1872 2172 1999 2213 parietis
2016 2174 2050 2207 ὅ(

1175 2218 1293 2260 cycni,
1313 2218 1374 2253 &ta
1401 2219 1528 2252 Omnes
1552 2218 1672 2262 quippe
1684 2215 1732 2252 hae
1753 2229 1847 2253 voces
1867 2221 2050 2265 significant

1176 2268 1267 2309 plura
1290 2268 1324 2299 in
1351 2268 1410 2300 suo
1429 2268 1583 2310 primario
1613 2268 1794 2311 significato
1816 2269 1913 2312 plane
1932 2283 2051 2307 conve·

1178 2316 1300 2349 nitentia
1320 2340 1326 2347 .
1356 2316 1435 2350 Vox
1454 2317 1544 2349 enim
1567 2315 1649 2348 bomo
1672 2316 1832 2360 fignificat
1859 2318 1992 2356 Petrum
2014 2323 2049 2359 δι

1177 2365 1318 2399 Paulum
1345 2366 1378 2398 in
1401 2365 1603 2399 humanitate
1622 2366 1639 2399 a
1659 2367 1689 2399 ie
1715 2366 1933 2409 principaliter
1953 2371 2048 2415 figni-

1176 2416 1272 2449 ficata
1296 2415 1391 2458 plane
1414 2415 1668 2449 convenientes.
1698 2415 1775 2450 Vox
1798 2419 1915 2451 animal
1933 2418 2048 2454 homi·

1177 2476 1248 2498 nem
1268 2465 1301 2498 &
1324 2465 1453 2499 brutum
1482 2465 1576 2508 plane
1588 2465 1821 2500 convenientes
1841 2467 1874 2500 in
1896 2470 2046 2505 animali·

1177 2525 1262 2555 tate,
1295 2525 1360 2548 vox
1372 2515 1472 2548 album
1498 2516 1604 2549 nivem
1629 2516 1663 2549 ἀ
1685 2516 1839 2559 parietem
1855 2518 1956 2560 ‚plane
1967 2532 2046 2557 con-

1175 2566 1342 2599 venientes
1368 2566 1402 2599 in
1424 2564 1573 2599 albedine
1590 2565 1768 2610 significat.
1799 2567 1911 2608 Nam,
1935 2579 1969 2602 ur
1990 2571 2044 2607 du-

1174 2615 1220 2648 bio
1242 2626 1273 2650 2.
1291 2616 1359 2648 dlxi
1373 2640 1384 2655 ‚
1416 2616 1504 2659 plura
1519 2616 1630 2659 aliqua
1652 2615 1685 2649 in
1708 2617 1845 2660 alicujus
1858 2622 1946 2653 vocis
1958 2622 2045 2663 prin-

1174 2664 1272 2708 cipali
1285 2665 1466 2710 significato
1481 2665 1575 2708 plane
1584 2666 1761 2701 convenire
1772 2668 1816 2701 est
1830 2669 1937 2712 aliqua
1952 2670 2043 2712 plura

1173 2714 1343 2758 fignificari
1354 2715 1394 2749 ab
1404 2715 1517 2749 eadem
1532 2726 1624 2755 voce,
1635 2726 1702 2759 quae
1713 2714 1754 2750 de
1765 2717 1934 2760 principali
1947 2720 2046 2764 figni-

1174 2766 1248 2799 ficat
1260 2765 1398 2799 eandem
1410 2766 1550 2809 formam
1561 2765 1708 2808 pluribus
1719 2766 1787 2801 istis
1807 2778 2019 2804 communem
2030 2793 2042 2811 ,

1173 2814 1213 2848 ab
1234 2814 1342 2859 eisque
1362 2816 1584 2858 participatam
1605 2815 1723 2850 eodem
1746 2815 1886 2851 habendi
1900 2829 1937 2852 ac
1948 2820 2044 2862 parti-

1172 2865 1303 2907 cipandi
1317 2865 1431 2899 modo:
1442 2864 1530 2909 atqui
1540 2876 1603 2899 vox
1616 2866 1717 2899 album
1729 2867 1890 2912 fignificat
1903 2868 1944 2902 de
1957 2870 2042 2912 prin-

1173 2914 1268 2958 cipali
1287 2914 1472 2949 albedinem
1486 2914 1658 2950 homini&
1671 2917 1783 2960 parieti
1806 2929 2017 2954 communem
2029 2943 2043 2960 ,

1172 2963 1287 2998 eodem
1312 2962 1414 3000 modo
1425 2965 1519 2999 abeis
1533 2964 1718 3001 habitam&
1732 2969 1977 3012 participatam:
2004 2970 2043 3003 il·

1173 3015 1205 3048 lo
1227 3015 1404 3055 nimirum,
1430 3027 1498 3059 quo
1520 3015 1624 3049 forma
1646 3017 1856 3052 accidentalis
1877 3016 1987 3053 haberi
2008 3019 2042 3053 δε

1172 3065 1354 3109 participari
1370 3065 1449 3100 solet
1465 3065 1559 3100 asnis
1570 3063 1732 3109 subjeffis.
1762 3066 1841 3102 Vox
1859 3070 1976 3102 animal
2001 3067 2043 3104 de

1173 3114 1343 3158 principali
1357 3116 1516 3159 fignificat
1533 3116 1770 3150 animalitatem
1783 3118 1913 3154 homini
1924 3119 1958 3153 ἀ
1970 3119 2045 3153 bru-

1172 3175 1210 3200 to
1231 3176 1440 3199 communem
1465 3188 1477 3204 ‚
1508 3164 1550 3198 ab
1572 3165 1679 3209 eisque
1695 3165 1809 3202 eodem
1832 3169 1934 3204 modo
1956 3167 2046 3210 habi7

1172 3226 1239 3249 ram
1260 3227 1267 3246 ε
1309 3213 1448 3248 habetur
1475 3215 1563 3247 enim
1586 3215 1628 3250 ab
1651 3226 1791 3259 utroque
1811 3219 2045 3259 essentialiter,

1172 3276 1214 3299 eo
1228 3296 1231 3298 .
1246 3264 1350 3297 modo
1384 3274 1450 3307 quo
1484 3275 1599 3298 natura
1621 3268 1773 3309 generica
1796 3269 1877 3302 solet
1897 3268 2005 3303 haberi
2026 3268 2045 3302 ὲ

1172 3314 1235 3347 suis
1261 3312 1448 3356 speciebus,
1473 3314 1532 3348 ἃς.
1555 3316 1684 3350 Omnes
1704 3328 1784 3362 ergo
1806 3317 1869 3352 istae
1891 3330 1987 3353 voces
2008 3319 2047 3352 fi-

1172 3363 1332 3409 gnificant
1346 3362 1437 3406 plura
1459 3363 1496 3397 in
1512 3365 1570 3398 suo
1594 3367 1723 3399 formali
1745 3368 1927 3412 significato
1947 3367 2045 3411 plane

1156 3413 1566 3462 ⁸»convenientiwadeoque
1578 3416 1651 3450 sunt
1665 3427 1761 3452 voces
1773 3418 2047 3457 univocaeDebet,

1618 3466 1684 3514 Q
1702 3478 1724 3504 2
1951 3469 1997 3500 in·
