2384 3770
368 167 502 226 '3352
953 166 1015 211 (Ξῖ
1056 178 1095 208 a
1163 165 1200 208 1³⁴

330 260 339 263 v
354 257 355 260 ¹
371 258 404 291 4.
431 245 586 283 Thomas
596 244 718 282 Plenus
727 246 751 279 1?
760 254 792 282 ι.
803 248 841 281 de
854 247 984 289 format.
998 247 1120 297 fatus,
1148 258 1196 290 qu.

323 298 452 346 J‘toncl.
466 307 485 335 -ι
494 307 521 344 3.
530 295 846 346 praesertimsol5234.
862 300 894 331 (τ
907 307 987 347 235.
1010 294 1093 332 dicit
1106 293 1201 331 astio-

322 347 399 380 i‘iern
410 348 631 391 generativam
643 347 727 386 nihil
740 347 802 385 e'fle
813 346 899 384 aliud
912 372 923 388 ‚
948 359 1045 390 quam
1059 349 1200 391 sperma·-

322 396 561 441 tificationem,
588 398 643 436 seu
656 397 1000 442 spermatis&lerninis
1022 398 1201 441 produdlio·

322 456 420 481 nem:
449 446 613 496 Adeoque
624 445 705 482 dicit
717 458 861 490 parentes
872 447 942 480 vere
963 458 1137 493 generare,
1163 460 1200 483 ac

320 496 385 530 effe
396 496 543 546 phyficas
552 498 773 542 generationis
786 498 847 536 sua:
867 497 1004 536 caussas,
1030 498 1107 547 qula
1130 499 1200 533 vere

320 545 599 592 spermatificant,
623 557 760 590 vereque
781 548 888 580 semen
902 558 939 581 ac
960 548 1084 591 sperma
1106 549 1199 583 suurn

319 598 466 631 eauflant
478 621 486 629 .
512 598 559 631 At
571 596 707 636 verofhl.
722 605 800 645 242.
814 601 845 628 in
855 595 943 639 solut.
955 601 1039 630 tem‘i
1059 609 1164 641 argum
1192 624 1199 632 .

318 645 492 692 distinguit
512 645 674 689 duplicem
696 644 840 686 hominis
858 645 1128 691 generationem,
1153 649 1199 682 vi-

318 696 437 731 delicet
448 695 696 741 generationem
708 696 950 731 substantialem
961 697 995 731 de
1015 699 1197 742 generatio-

318 754 395 780 nem
414 745 651 780 accidentalem
681 757 690 779 z
729 746 986 781 Generationem
1011 747 1199 782 substantia-

316 795 384 830 lem
397 806 492 840 negat
504 795 573 829 fieri
593 796 611 829 ὲ
640 795 843 840 parentibu33
871 797 985 831 tribuit
1007 798 1073 831 illis
1095 799 1197 833 solam

314 845 560 889 generationem
581 837 842 881 accidentalem:
881 847 1042 894 Adeoque
1058 847 1139 883 dicit
1161 849 1196 888 il-

314 896 366 929 los
377 894 510 937 quidem
523 906 676 939 generare
694 897 942 932 accidentaliter
951 921 964 939 ,
990 909 1195 943 nequaquam

312 954 424 980 tamen
449 944 721 994 substantialiter.
750 946 935 994 Quomodo
957 948 1036 983 vero
1068 947 1116 982 hae
1126 947 1196 983 duae

311 993 538 1042 generationes
555 996 680 1039 praecise
697 996 961 1042 distinguantur,
989 998 1110 1032 Fienus
1127 999 1193 1033 nul-

309 1045 372 1080 libi
383 1045 527 1094 expresse
543 1045 626 1079 dicit
637 1070 645 1079 .
671 1045 745 1090 Hec
754 1058 864 1082 autem
876 1048 943 1082 duo
954 1047 1022 1091 ejus
1031 1049 1118 1083 dista
1130 1060 1195 1094 ego

309 1106 381 1129 non
394 1093 478 1129 bene
499 1094 699 1131 concordare
712 1094 825 1132 raleoz
853 1098 944 1133 Nam
966 1097 1196 1143 generare’ho-

308 1146 436 1181 minem
450 1145 713 1188 accidentaliter,
738 1147 935 1191 &generare
958 1147 1130 1184 hominem
1145 1160 1207 1184 ve·-

309 1194 366 1234 re,
393 1206 595 1240 nequaquam
607 1195 666 1230 fibi
677 1197 794 1232 mutuo
805 1196 964 1233 cohaeret:
990 1199 1024 1233 Si
1035 1198 1117 1244 ergo
1138 1198 1195 1234 ho·
1225 1202 1227 1204 ’

310 1256 371 1280 mo
381 1243 552 1282 hominem
567 1256 698 1294 generet
710 1248 922 1283 solummodo
932 1248 1189 1293 accidentaliter,
1203 1250 1206 1252 ’

309 1296 483 1338 quomodo
495 1296 590 1331 illum
602 1295 673 1331 vere
687 1308 838 1342 generare
852 1298 956 1342 potest
969 1299 986 1331 ἓ
1013 1299 1074 1333 Me
1086 1298 1193 1333 hercle

310 1343 346 1379 id
359 1356 423 1390 ego
441 1357 511 1380 non
523 1347 631 1382 video.
645 1351 733 1381 Patet
743 1358 841 1382 aurem
854 1358 953 1383 anter.
963 1348 1051 1401 Quia
1060 1359 1191 1393 genera-

309 1406 347 1430 re
358 1394 529 1431 hominem
545 1397 616 1432 vere
626 1398 671 1431 est
687 1397 757 1432 vere
767 1399 855 1433 illius
867 1399 1079 1434 substantiam
1092 1400 1124 1434 δε
1135 1410 1188 1434 en·

269 1466 275 1468 -
311 1448 442 1480 ritatem
456 1457 621 1491 generare:
635 1446 692 1481 Est
702 1459 858 1497 generare
870 1450 960 1483 illam
975 1460 1056 1489 rem,
1067 1461 1138 1494 quae
1147 1459 1198 1484 ve·

311 1494 346 1530 re
356 1496 471 1539 aparte
483 1498 527 1531 rei
547 1497 591 1531 est
607 1496 727 1533 homo.
757 1499 888 1534 Etenim
903 1498 982 1545 quid
995 1500 1081 1534 foret
1092 1498 1199 1534 aliud?

312 1546 363 1580 At
377 1547 453 1581 vero
464 1546 636 1582 hominem
647 1559 802 1592 generare
811 1548 1058 1584 accidentaliter
1080 1549 1126 1583 est
1147 1560 1200 1594 ge-

311 1607 426 1631 nerare
446 1595 618 1630 hominem
641 1596 820 1631 secundum
845 1600 900 1632 sua
927 1599 1128 1640 accidentia;
1154 1598 1200 1631 est

313 1657 469 1691 generare
480 1644 626 1679 hominis
635 1645 836 1678 accidentia!
868 1646 925 1678 Est
935 1657 1091 1690 generare
1105 1646 1212 1685 illud,¹

313 1695 404 1739 quod
418 1695 491 1727 sunt
502 1693 686 1728 accidentia
702 1692 864 1729 hominis.
894 1695 970 1739 Ego
982 1695 1057 1729 stne
1071 1706 1140 1729 non
1151 1694 1197 1728 vi-

312 1741 380 1779 deo
393 1769 403 1784 ‚
429 1743 509 1787 quid
522 1743 562 1777 sit
582 1742 692 1778 aliud.
720 1743 826 1786 Atqui
849 1756 1003 1790 generare
1026 1744 1198 1779 hominem

315 1793 497 1830 secundum
512 1793 579 1827 sola
593 1792 774 1829 accidentia
786 1818 798 1834 ,
823 1795 1020 1840 &generare
1039 1794 1133 1828 illum
1156 1795 1204 1828 se·

316 1844 466 1880 eundum
478 1844 566 1877 suam
579 1843 791 1878 substantiam
809 1855 878 1878 non
892 1845 975 1879 bene
999 1843 1163 1878 cohaerent
1194 1857 1202 1876 ε

317 1892 496 1929 Cohaerent
509 1895 599 1928 enim
611 1894 800 1927 nullatenus
811 1916 823 1934 ,
849 1894 898 1928 uti
913 1894 1122 1927 manifestum
1135 1893 1180 1927 est
1194 1917 1202 1926 .

317 1945 414 1989 Ergo
425 1945 524 1979 etiam
536 1954 689 1991 generare
703 1942 874 1978 hominem
887 1943 1098 1978 solummodo
1124 1941 1204 1977 acci·

319 1995 518 2035 dentaliter,
543 1995 576 2029 δε
599 2004 751 2040 generare
766 1992 938 2029 hominem
962 1993 1061 2034 vere,
1090 2005 1205 2037 nequa-

319 2056 420 2090 quam
436 2046 521 2079 inter
530 2045 564 2079 se
574 2044 779 2079 conveniunt
790 2054 847 2079 aut
859 2043 1020 2078 cohaerent
1038 2067 1045 2076 .
1072 2044 1105 2077 Si
1127 2043 1208 2088 ergo

319 2093 428 2130 homo
450 2094 622 2129 hominem
644 2103 778 2139 generat
798 2095 904 2129 solum
926 2093 1170 2129 accidentaliter
1197 2117 1208 2132 ‚

322 2145 495 2187 quomodo
507 2145 579 2179 vere
589 2145 750 2189 generat?
777 2143 993 2182 Dicoiterum
1007 2165 1019 2182 ‚
1044 2153 1114 2179 non
1137 2142 1208 2185 pos-

323 2194 397 2229 sum
408 2194 476 2228 haec
485 2192 686 2227 concordare
694 2216 703 2224 .

375 2251 410 2290 ς.
441 2243 485 2276 Et
498 2241 582 2276 certe
605 2239 870 2283 spermatificatio
890 2239 990 2273 nimis
1010 2237 1210 2273 diffentanee

326 2293 448 2328 dieitur
457 2292 520 2326 effe
534 2289 680 2325 hominis
691 2289 860 2334 generatio
872 2313 883 2329 ,
909 2288 946 2323 δέ
967 2287 1211 2333 spermatificare

327 2342 423 2378 valde
446 2340 532 2375 male
555 2339 675 2374 dicitur
697 2340 761 2373 effe
783 2350 954 2384 generare:
984 2338 1146 2383 Adeoque
1170 2350 1211 2371 ex

327 2404 393 2433 eo,
420 2391 509 2434 quod
533 2391 605 2435 quis
628 2390 881 2433 spermatificat,
915 2389 1009 2423 valde
1032 2387 1214 2433 incongrue

328 2442 452 2478 dicitur
470 2466 482 2482 ,
508 2440 598 2485 quod
615 2450 767 2483 generat:
799 2438 843 2473 Et
867 2451 923 2482 per
939 2438 1142 2483 consequens
1155 2464 1166 2479 ,
1192 2439 1212 2470 fi

327 2493 484 2528 homines
499 2492 584 2526 cirea
597 2491 670 2524 suos
681 2490 771 2523 &tus
793 2488 1004 2524 solummodo
1027 2488 1214 2533 spermatifi-

331 2552 467 2583 carent,
494 2549 699 2585 nequaquam
714 2539 788 2573 sane
809 2539 885 2573 illos
907 2548 1119 2584 generarent;
1149 2538 1217 2580 qui-

333 2606 398 2636 que
411 2593 485 2626 illos
497 2592 623 2625 ratione
634 2590 950 2633 spermatificationis
960 2600 1111 2634 generare
1124 2588 1218 2627 dicit,

332 2641 420 2678 male
431 2643 596 2684 loquitur,
626 2650 663 2674 ac
676 2639 793 2674 falsum
805 2639 888 2674 dicit
899 2664 906 2672 .
934 2644 1025 2673 Ratio
1036 2639 1167 2672 breviter
1180 2637 1217 2678 est

332 2696 440 2728 clara.-
466 2692 556 2738 Qia
573 2689 743 2735 generatio
763 2689 910 2724 hominis
932 2690 995 2724 effe
1019 2689 1116 2724 debet
1131 2690 1217 2723 ac'tio

334 2754 396 2788 pro
407 2742 548 2777 termino
560 2741 617 2774 suo
628 2741 759 2775 formali
774 2739 931 2784 produsto
943 2738 1064 2774 babens
1075 2739 1218 2782 aliquam

330 2793 474 2828 formam
487 2790 615 2825 homini
629 2790 785 2833 producto
796 2790 998 2824 effentialem
1010 2804 1021 2823 .-
1050 2789 1152 2833 Atqui
1167 2799 1217 2832 pa-

335 2850 467 2877 'rentum
488 2841 754 2886 spermatificatio
777 2851 835 2881 pro
846 2841 986 2874 termino
1005 2840 1064 2874 suo
1088 2839 1216 2877 formali

334 2893 494 2938 producto
514 2902 715 2935 nequaquam
738 2889 837 2924 habet
854 2890 998 2934 aliquam
1007 2891 1149 2924 formam
1162 2887 1220 2922 ho-

337 2943 421 2977 mini
446 2942 603 2985 producto
626 2939 845 2975 essentialem:
875 2940 967 2985 Ergo
989 2940 1092 2973 astiva
1110 2948 1219 2982 paren-

334 3002 410 3027 tum
425 2990 688 3036 spermatiflcatio
707 3001 911 3034 nequaquam
923 2991 987 3024 effe
1007 2988 1108 3033 potest
1132 2989 1220 3032 pasfi-

338 3054 381 3078 va
391 3043 452 3076 filii
467 3041 636 3088 generatio
647 3065 655 3073 .
681 3041 822 3085 Oportet
836 3039 890 3074 hic
904 3040 1037 3083 probare
1049 3038 1221 3081 majorem,

342 3104 382 3127 ac
398 3093 498 3127 etiam
520 3092 682 3126 minorem
695 3115 702 3123 .
728 3092 833 3123 Pam«)
857 3096 1017 3123 minorem:
1046 3090 1138 3141 Qia
1158 3089 1220 3123 for-

343 3153 425 3183 mat,
449 3142 501 3176 vel
513 3152 615 3185 partes
625 3166 636 3182 ,
655 3141 807 3184 autquasi
821 3151 924 3184 partes
936 3139 1064 3174 homini
1077 3140 1221 3174 cuicum-

346 3203 408 3235 que
430 3192 609 3227 effentiales
630 3191 704 3224 sunt
727 3191 860 3224 materia
876 3214 887 3231 ,
913 3190 1045 3230 anima,
1079 3190 1112 3223 &
1140 3188 1222 3223 unio

347 3243 465 3276 animan
485 3253 562 3275 cum
582 3241 734 3275 materia:
763 3240 922 3284 Adeoque
938 3250 974 3274 ut
998 3240 1222 3283 spermatifica-

348 3291 399 3325 tio
412 3302 469 3333 pro
482 3291 624 3326 termino
636 3290 765 3325 formali
777 3290 934 3332 produao
945 3289 1075 3323 haberet
1094 3289 1216 3333 aliquid

348 3337 672 3382 homimem-otialis,
693 3340 808 3374 habere
823 3340 955 3375 deberet
970 3340 1021 3374 vel
1042 3339 1101 3373 filii
1125 3350 1223 3373 mate-

350 3389 431 3425 riam
441 3411 453 3428 ,
476 3391 526 3422 vel
537 3391 597 3424 filii
607 3392 751 3425 animam
763 3390 815 3423 vel
829 3390 891 3424 filii
904 3391 1066 3424 unionem
1079 3415 1087 3422 .
1118 3389 1222 3433 Atqui

348 3438 477 3476 nullum
495 3437 612 3473 horum
630 3439 729 3474 habet
742 3466 750 3473 .
778 3440 898 3484 Neque
918 3440 1008 3474 enim
1029 3438 1128 3474 habet
1152 3440 1224 3474 ani·

347 3498 460 3532 mam,
482 3496 539 3526 aut
564 3490 748 3524 materiam:
777 3490 868 3539 Qia
894 3498 962 3525 tam
987 3490 1097 3525 anima
1122 3498 1245 3534 quam}

1256 157 1585 212 ur'II.

1282 246 1451 286 materian
1479 248 1556 282 Deo
1565 248 1729 291 aereaturg
1763 247 1911 292 adeoque
1931 249 2156 293 aparentibus

1283 296 1605 345 spermatificanyibus
1616 309 1669 342 per
1676 298 2014 341 spermatificationem
2041 299 2158 344 nequa·

1283 357 1380 393 quam
1401 348 1609 396 producitur.
1637 348 1756 391 Neque
1781 348 1880 382 etiam
1914 347 2031 383 habere
2052 349 2157 392 potest

1283 397 1442 432 unionem
1455 398 1508 430 ani
1545 408 1570 430 ae
1582 410 1658 435 cum
1670 398 1821 433 materia:
1849 398 1940 446 Qia
1954 398 1988 432 in
2000 400 2157 443 spermate

1283 446 1373 481 nulla
1391 447 1436 480 est
1449 447 1559 482 anima
1569 471 1580 489 ,
1606 448 1751 494 adeoque
1771 450 1875 492 neque
1888 448 1986 483 ullius
1999 449 2080 483 unio
2091 450 2159 483 ani-

1283 506 1359 530 ωε.
1387 497 1520 531 Deinde
1540 497 1800 541 spermatificatio
1820 497 1865 532 est
1884 498 2057 542 productio
2078 500 2160 543 spet-

1283 547 1399 591 matis;
1426 547 1574 593 adeoque
1585 547 1653 591 ejus
1662 547 1815 582 terminus
1824 550 1972 583 formalis
1986 548 2159 593 productus

1282 597 1326 631 est
1339 597 1444 632 forma
1458 598 1646 641 spermatica
1657 623 1668 639 ,
1679 607 1735 632 aut
1746 597 1855 640 potius
1864 599 1944 633 unio
1957 601 2067 634 format
2077 601 2160 643 sper-

1282 647 1426 681 maticae:
1455 648 1654 683 Nonautem
1665 647 2064 684 uniorationalisanimae.
2092 650 2159 684 Ne-

1282 709 1346 742 que
1358 698 1424 732 scio
1434 708 1633 742 quemquam
1644 721 1656 738 ‚
1682 696 1790 740 quide
1803 696 1890 732 hisce
1904 700 1982 733 meis
1992 699 2087 735 distis
2099 711 2159 735 un-

1282 758 1380 794 quam
1401 747 1598 786 dubitaverit
1611 770 1620 780 .
1647 746 1738 793 Ergo
1758 755 1928 791 parentum
1955 750 2058 784 aina
2079 751 2159 794 sper-

1284 797 1478 833 matificatio
1502 810 1708 842 nequaquam
1736 797 1836 832 habet
1854 810 1915 842 pro
1935 799 2076 834 termino
2099 801 2159 834 suo

1283 849 1414 883 formali
1427 848 1586 893 producto
1600 848 1700 882 ullam
1711 848 1851 882 formam
1864 848 1935 883 filio
1949 848 2103 893 producto
2115 850 2162 883 es-

1282 894 1452 933 sentialem
1463 912 1476 934 .-
1500 898 1663 946 Adeoquo
1675 909 1881 946 nequaquam
1893 899 1958 934 esse
1970 900 2072 944 potest
2095 899 2160 944 pas·

1283 950 1347 983 siva
1361 948 1420 982 filii
1432 950 1600 993 generatio
1615 973 1623 984 .

1332 1004 1364 1038 6.
1397 999 1556 1033 Probemus
1572 1004 1662 1032 enam
1683 1004 1849 1043 argument}
1869 1001 2047 1043 principalis
2072 1002 2163 1042 maJ'o-

1282 1061 1343 1084 rem
1358 1062 1365 1082 :
1422 1050 1472 1082 uia
1483 1050 1594 1083 omnis
1605 1048 1689 1083 astio
1698 1074 1709 1090 ,
1725 1060 1796 1092 quae
1806 1049 1940 1094 aliquod
1952 1061 2058 1085 totum
2071 1061 2163 1084 com-

1285 1098 1431 1144 positum
1439 1099 1536 1134 habet
1547 1109 1605 1142 pro
1621 1100 1678 1133 suo
1689 1099 1831 1132 termino
1853 1099 2022 1143 adaequato
2033 1101 2066 1134 ἀ
2079 1111 2163 1134 tota-

1283 1151 1330 1191 li,
1355 1150 1500 1193 aliquam
1521 1149 1610 1183 istius
1644 1149 1745 1184 totius
1768 1150 1940 1193 compositi
1963 1149 2163 1184 essentialem

1283 1200 1407 1244 partem'
1425 1198 1540 1233 habere
1559 1198 1656 1234 debet
1678 1210 1737 1243 pro
1761 1200 1820 1233 suo
1840 1196 1985 1234 termino
2002 1201 2163 1244 producto

1281 1248 1431 1284 formali:
1460 1250 1564 1294 Atqui
1578 1249 1748 1295 generatio
1768 1247 1914 1284 hominis
1934 1250 1980 1284 est
2004 1250 2088 1284 astio
2103 1260 2164 1294 pro

1283 1301 1341 1335 suo
1355 1300 1495 1334 termino
1511 1300 1605 1337 totali
1625 1300 1658 1334 δε
1669 1300 1839 1343 adaequato
1851 1298 1971 1334 habens
1983 1310 2092 1334 totum
2106 1298 2166 1334 ho·

1283 1351 1428 1385 minem:
1454 1351 1646 1399 Qisenim
1657 1348 1698 1383 de
1709 1348 1774 1383 hoc
1795 1350 1966 1394 ambigat?
1980 1350 2083 1394 *Ergo
2104 1361 2165 1393 pro

1283 1401 1341 1434 suo
1358 1400 1501 1435 ter-mino
1511 1400 1642 1435 formali
1665 1399 1821 1444 producito
1848 1399 1964 1435 habere
1987 1399 2084 1434 debet
2103 1398 2166 1433 aii-

1281 1462 1380 1495 quam
1397 1461 1518 1494 partem
1533 1475 1544 1491 ,
1570 1461 1628 1485 aut
1639 1449 1783 1494 aliquam
1803 1451 1944 1485 formam
1969 1448 2100 1485 homini
2121 1448 2167 1486 os-

1283 1499 1450 1537 sentialem
1465 1521 1474 1530 .
1502 1500 1651 1533 Probatur
1663 1502 1780 1541 major:
1808 1501 1898 1547 Qia
1923 1500 2080 1534 terminus
2100 1498 2167 1533 for-

1283 1550 1376 1585 malis
1403 1547 1575 1592 productus
1595 1546 1692 1583 debet
1711 1551 1776 1581 effe
1800 1551 1906 1582 forma
1923 1562 1980 1592 per
2001 1547 2166 1583 actionem

1284 1597 1432 1645 proxime
1452 1596 1609 1639 produsta
1623 1619 1635 1636 ,
1660 1596 1787 1630 tatione
1806 1597 1897 1640 cujus
1921 1599 2045 1632 dicitur
2061 1598 2167 1633 etiam

1284 1644 1420 1690 produci
1444 1655 1554 1680 totum
1577 1645 1811 1689 compositum.
1842 1645 1880 1679 Id
1899 1646 1962 1686 est,
1989 1647 2086 1682 debet
2103 1648 2167 1681 effe

1283 1697 1423 1736 forma,
1449 1706 1504 1740 per
1523 1695 1617 1739 cujus
1650 1694 1899 1738 productionem
1923 1696 2044 1732 dicitur
2066 1697 2168 1732 etiam

1285 1746 1419 1791 produci
1431 1754 1540 1780 totum
1553 1745 1790 1789 compofitum:
1819 1746 1887 1781 Uti
1911 1757 2030 1782 notum
2048 1746 2095 1781 est
2117 1757 2170 1781 ca·

1284 1796 1386 1840 pienti
1402 1796 1559 1830 terminos
1574 1820 1582 1828 .
1612 1795 1716 1837 Atqui
1738 1805 1847 1830 totum
1872 1797 2089 1840 compositum
2113 1807 2170 1832 ne·

1285 1848 1355 1890 quit
1369 1846 1436 1879 dici
1449 1845 1585 1890 produci
1598 1856 1653 1888 per
1677 1845 1924 1889 productionem
1945 1845 2083 1889 alicujus
2103 1845 2169 1880 for·

1285 1908 1346 1930 mae
1356 1895 1413 1929 fibi
1427 1894 1662 1936 accidentalis,
1688 1893 1742 1928 sed
1752 1894 1960 1929 solummodo
1975 1906 2030 1939 per
2049 1895 2169 1939 produ-

1286 1947 1431 1980 ctionem
1442 1944 1579 1988 alicujus
1590 1946 1701 1979 formae
1711 1943 1768 1977 fibi
1780 1945 1953 1980 essentialis
1964 1958 1972 1978 :
2004 1943 2093 1989 Ergd
2101 1954 2165 1979 ter·

1287 1997 1399 2030 minus
1412 1994 1559 2030 formalis
1569 2006 1623 2038 per
1633 1995 1796 2028 astionem
1823 1994 1968 2040 aliquam
1994 1995 2169 2038 productus

1286 2048 1348 2081 effe
1360 2045 1456 2080 debet
1468 2047 1573 2079 forma
1597 2045 1740 2079 termino
1750 2044 1840 2079 istius
1853 2045 1990 2079 actionis
2000 2044 2173 2089 adaquato

1287 2094 1633 2130 &totalieffentialisz
1662 2094 1826 2137 Adeoque
1836 2094 1947 2130 omnis
1968 2095 2075 2135 actio,
2099 2105 2171 2139 quz

1288 2145 1421 2187 aliquod
1433 2143 1654 2177 totum2habet
1669 2154 1730 2184 pro
1741 2144 1905 2177 terminos
1909 2156 1954 2178 uo
1965 2146 2060 2178 totali
2075 2168 2092 2184 ,,
2113 2144 2172 2178 ali-

1283 2203 1387 2235 quam
1397 2191 1597 2225 e'ffentialem
1611 2190 1701 2224 istius
1713 2192 1816 2225 totius
1828 2203 1952 2235 partem
1977 2193 2095 2235 habere
2113 2193 2169 2228 de·

1290 2242 1344 2275 bet
1354 2252 1412 2284 pro
1423 2241 1564 2274 termino
1579 2241 1638 2273 suo
1659 2239 1816 2282 producto
1836 2242 1968 2276 formali
1982 2267 1994 2283 .,
2020 2241 2171 2276 Probum

1291 2296 1382 2323 minor
1405 2289 1588 2323 induHione:
1616 2289 1736 2333 Neque
1747 2291 1836 2324 enim
1849 2289 1952 2325 homo
1964 2291 2101 2335 produci
2121 2291 2172 2326 di·

1290 2342 1374 2375 citur
1385 2350 1441 2387 per
1464 2339 1712 2384 productionem
1734 2340 1794 2374 suin
1819 2341 1986 2383 seffionis,
2011 2341 2130 2376 caloris
2155 2366 2170 2382 ‚

1292 2391 1441 2434 villonis,
1466 2389 1783 2429 autintellestionis‚
1806 2391 1868 2425 dte.
1895 2392 2058 2436 Alioquin
2077 2392 2169 2427 enim

1291 2442 1422 2482 omnis,
1447 2439 1504 2484 qui
1524 2439 1715 2486 produceret
1726 2440 1913 2480 seffionern,
1937 2440 2099 2482 calorem,
2124 2442 2170 2476 vi·

1291 2492 1438 2531 sionem,
1473 2501 1530 2524 aut
1552 2489 1810 2524 intellefflonem
1824 2515 1836 2531 ,
1871 2492 1970 2526 etiarn
1994 2490 2170 2535 producere

1293 2541 1454 2575 diceretur
1467 2539 1638 2574 hominem
1653 2563 1662 2572 .
1687 2540 1843 2575 Similiter
1853 2551 1936 2583 aqua
1958 2553 2028 2575 non
2048 2541 2170 2582 dicitur

1296 2591 1430 2635 produci
1442 2602 1497 2634 per
1508 2589 1754 2632 produdtionem
1765 2589 1814 2623 sui
1824 2589 1942 2624 caloris
1952 2615 1963 2631 ,
1989 2589 2095 2633 neque
2115 2602 2170 2635 pa-

1296 2642 1354 2675 ries
1364 2650 1417 2684 per
1430 2638 1674 2683 produstionem
1685 2640 1745 2672 suae
1754 2637 1938 2679 albedinis,
1963 2650 2069 2683 neque
2088 2638 2171 2684 lapis

1296 2702 1350 2735 per
1362 2690 1609 2734 produstionern
1623 2687 1671 2722 sui
1684 2689 1861 2732 impulsus,
1886 2689 1946 2723 &c-
1968 2689 2058 2735 Ergo
2081 2701 2172 2725 nun·-

1295 2752 1393 2784 quam
1416 2739 1592 2773 substantia
1613 2738 1734 2773 dicitur
1756 2737 1891 2782 produci
1915 2750 1968 2782 per
1989 2739 2171 2783 productio-

1296 2802 1370 2825 nem
1383 2791 1494 2824 formae
1505 2788 1564 2823 fibi
1572 2788 1783 2823 accidentalis
1795 2813 1807 2830 ,
1834 2790 1888 2824 seu
1899 2801 1966 2823 non
1976 2790 2151 2825 effentialis
2163 2815 2174 2823 .

1297 2845 1341 2876 Et
1361 2845 1438 2873 ratio
1456 2841 1587 2882 &prior-1
1609 2838 1666 2878 ests
1692 2840 1782 2886 Qia
1802 2840 1934 2873 cauffari
1957 2841 2011 2873 seu
2034 2839 2171 2883 produci

1297 2891 1341 2926 est
1363 2890 1508 2933 accipere
1523 2889 1690 2924 effentiam
1701 2900 1739 2923 ac
1749 2888 1953 2923 existentiam
1980 2891 2069 2925 suam
2091 2901 2171 2934 pro-

1298 2942 1421 2985 priam:
1449 2939 1553 2983 Atqui
1568 2938 1746 2973 ssxbstantia
1770 2950 1823 2981 per
1844 2939 2094 2983 produffionem
2120 2940 2170 2974 sei

1298 2991 1476 3025 accidentis
1493 3000 1562 3024 non
1583 2990 1701 3033 accipit
1718 2990 1886 3024 essentiam
1905 3002 1944 3024 ac
1964 2989 2171 3025 existentiam

1299 3043 1386 3075 suam
1405 3040 1582 3084 propriam:
1610 3038 1700 3083 Ergo
1712 3038 1886 3082 subieeium
1899 3042 2012 3083 nequit
2024 3039 2089 3073 dici
2101 3050 2173 3082 pro-

1299 3090 1375 3126 duci
1386 3102 1440 3134 per
1458 3088 1707 3134 produo‘rionem
1729 3090 1776 3123 sui
1796 3088 1972 3123 accidentis
1988 3113 1996 3121 .
2024 3089 2174 3122 Probatur

1299 3147 1414 3174 minor:
1442 3140 1533 3187 Quia
1545 3137 1719 3182 subjectum
1734 3150 1787 3182 per
1795 3138 2042 3181 productionem
2056 3139 2104 3173 sui
2123 3151 2174 3175 ac·

1301 3190 1440 3225 eidentis
1452 3187 1660 3224 solummodo
1670 3188 1788 3232 accipit
1796 3213 1808 3230 ,
1833 3199 1871 3222 ac
1883 3189 1917 3221 in
1931 3190 1963 3223 se
1973 3189 2086 3233 recipit
2092 3188 2176 3223 enti-

1301 3251 1401 3276 tatem
1413 3251 1450 3273 ac
1471 3239 1674 3273 existentiam
1687 3237 1939 3273 suiaccidentis:
1969 3239 2072 3281 Atqui
2093 3237 2175 3274 enti-

1302 3301 1350 3325 tas
1361 3291 1395 3324 ἀ
1405 3290 1576 3324 existentia
1588 3288 1765 3324 accidentis
1784 3299 1851 3321 non
1863 3287 1908 3322 est
1919 3290 2038 3324 entitas
2055 3289 2090 3322 &
2110 3287 2175 3322 exi·

1303 3340 1418 3374 stentia
1431 3339 1581 3383 subjecti:
1608 3341 1656 3373 uti
1678 3337 1882 3372 manifestum
1894 3339 1961 3373 est:
1992 3338 2078 3384 Ergo
2099 3338 2171 3372 sub-

1303 3390 1420 3433 jectum
1432 3401 1486 3432 per
1508 3389 1751 3433 produfflonem
1772 3387 1948 3423 accidentis
1969 3400 2037 3423 non
2055 3388 2185 3432 accipit·

1305 3442 1395 3475 suam
1407 3440 1575 3474 entitatem
1587 3450 1625 3473 ac
1635 3437 1836 3473 existentiam
1855 3438 2015 3482 propriam
2025 3463 2033 3471 .
2060 3439 2176 3484 Quan-

1303 3489 1597 3536 doquidemergoa
1611 3498 1779 3534 parentum
1803 3487 2106 3533 spermatificatione
2127 3488 2176 3525 ni-

1993 3537 2123 3575 hilfilie
