2384 3770
673 85 758 130 ΒΕ
799 86 972 131 Siout
1008 85 1170 129 Sitne.

288 171 401 216 ceptio
421 169 618 215 personalis,
641 171 695 205 sed
718 171 892 206 materialis
910 185 921 205 .·
947 181 1025 214 ergo
1047 167 1082 201 in
1105 180 1158 201 vo-

292 233 348 262 ce,
374 231 443 264 quae
461 221 589 266 rignum
613 223 755 265 sequitur
774 245 784 259 ‚
818 221 1001 264 aliquando
1025 229 1092 251 non
1112 219 1155 251 est

291 271 464 313 suppositio
486 271 659 315 personalis
682 295 690 304 .
717 269 804 314 Resp.
831 270 966 313 negando
987 266 1155 310 consequen-

290 326 384 354 tiam:
409 320 521 368 Qia,
551 334 586 356 ut
600 321 665 363 jam
687 321 782 359 dixi,
803 330 837 352 ut
860 320 989 363 signum
1017 319 1051 351 in
1073 319 1156 351 defi-

289 370 420 404 nitione
440 373 567 406 dicatur
589 370 768 416 significare
791 369 824 402 &
854 370 995 403 cauffare
1018 368 1155 411 supposi-

289 419 417 454 tionem
454 422 653 464 personalem
675 444 686 459 ,
720 429 789 451 non
824 430 906 462 opus
943 419 986 452 est
1007 441 1018 456 ‚
1046 427 1083 452 ut
1119 418 1154 452 il-

289 470 356 504 lam
377 472 498 514 semper
516 473 588 505 astu
619 469 737 503 causset
758 493 770 509 ,
806 470 941 512 astuque
964 468 1125 513 significet
1144 481 1154 510 3

289 520 344 554 sed
381 522 456 554 satis
489 521 532 553 est
556 533 567 553 .·
603 519 623 551 si
651 519 741 552 illam
773 521 912 553 cauffare
941 529 978 553 ac
1001 518 1153 562 significa-

290 581 326 604 re
349 571 461 613 possit·-
481 569 557 612 quia
577 566 808 603 definitionum
832 569 926 603 verba
949 581 1016 603 non
1036 569 1153 608 astum,

290 619 345 654 sed
366 619 569 663 potentiam,
593 630 631 653 ac
653 618 871 662 aptitudinem
900 622 1032 653 sonant.

343 680 396 705 12.
433 668 466 702 si
500 679 610 703 tamen
643 680 717 703 eum
743 670 897 712 patientia
932 680 985 703 me
1014 667 1152 702 audieris

289 725 313 761 ί
325 729 372 752 res
394 717 482 751 enim
503 717 553 752 har
564 729 615 753 tot
633 731 702 753 non
716 729 853 753 meretur
865 718 978 759 verba,
1009 730 1067 752 nec
1083 730 1150 754 tan·

288 778 363 803 tum
386 768 526 808 chartea,
551 780 607 803 aut
627 770 799 803 atramenti
833 771 845 811 )
870 769 997 813 negabo
1018 779 1150 802 antece-

288 819 429 853 cedens:
456 818 488 851 &
509 816 616 852 dicam
639 819 783 862 aliquid,
805 819 893 861 quod
915 829 1081 861 nunquam
1099 829 1150 851 au-

288 868 386 902 dieris
397 892 406 899 .
431 872 519 911 Nego
528 871 596 913 ergo
605 893 617 908 ‚
638 870 691 901 vel
695 874 797 910 potius
810 868 954 912 distinguo
967 869 1150 901 antecedens:

288 918 429 962 Signum
451 917 517 952 hoc
537 916 713 961 aliquando
734 929 801 951 non
826 919 948 952 caussat
968 917 1151 960 suppositio·

287 979 366 1002 nem
378 968 575 1011 personalem
586 967 775 1002 formalem:
789 965 826 1008 fic
834 969 964 1001 concedo.
994 966 1152 1010 Aliquan-

285 1017 334 1051 do
357 1017 483 1052 nullam
506 1017 762 1061 suppositionem
785 1018 987 1060 personalem
1009 1017 1153 1057 caussat,

286 1079 394 1112 neque
417 1068 586 1103 formalem
599 1091 611 1109 ,
631 1079 735 1110 neque
756 1068 954 1102 materialem
973 1081 984 1101 .-
1005 1067 1043 1109 fic
1060 1069 1152 1109 plane*

285 1129 375 1162 nego.
402 1118 668 1160 adprobationem
681 1116 767 1161 falsa
791 1118 830 1158 est
851 1125 964 1151 minor.
1000 1118 1049 1150 Ad
1071 1120 1153 1157 cujus

285 1170 454 1202 ulteriorem
472 1168 673 1210 probationem
695 1167 832 1212 distingui·
854 1169 939 1201 debet
960 1169 1152 1201 antecedens.-

285 1218 327 1251 ln
345 1228 424 1252 voce
446 1217 506 1252 ista
529 1218 610 1251 bomo
630 1230 698 1252 non
726 1218 772 1253 est
786 1218 960 1262 suppositio
980 1218 1154 1261 personalis

285 1267 443 1301 formalis:
448 1266 488 1308 fic
499 1269 627 1306 concedo.
643 1268 724 1301 Non
735 1269 779 1302 est
794 1268 969 1311 suppositio
980 1268 1154 1311 personalis

283 1315 484 1351 materialis:
511 1316 545 1355 fic
553 1318 645 1359 plani
656 1329 727 1361 nego
739 1342 746 1350 .
760 1318 840 1364 Qo
852 1319 956 1361 posito
968 1328 1074 1352 totum
1090 1316 1154 1351 hoc

283 1366 407 1400 corruit
427 1377 678 1411 argumentum:
710 1378 786 1402 nam
797 1367 874 1402 dum
888 1368 967 1402 dicit
986 1367 1153 1406 definitio,

283 1416 375 1457 quod
397 1416 522 1461 signum
546 1418 583 1451 sit
603 1428 669 1451 vox
681 1417 789 1461 aliqua
812 1419 957 1452 caussans
978 1418 1011 1451 δε
1032 1417 1152 1462 signifi-

271 1476 361 1500 cans
377 1467 626 1510 suppositionem
640 1468 839 1510 personalem
859 1468 949 1501 vocis
968 1467 1129 1509 sequentis
1141 1492 1151 1507 ,

285 1515 434 1560 intelligi
456 1515 574 1557 debet,
599 1528 666 1550 non
687 1515 729 1552 de
753 1516 819 1550 sola
843 1515 1064 1560 suppositione
1086 1527 1148 1560 per-

280 1565 387 1600 sonali
403 1565 533 1599 formali
557 1590 568 1606 ,
595 1577 702 1609 neque
717 1564 757 1599 de
778 1567 844 1600 sola
868 1566 1030 1610 personali
1053 1577 1152 1601 mate·

281 1616 355 1649 riali
367 1639 378 1656 ‚
401 1615 454 1649 sed
468 1627 536 1650 tam
546 1617 586 1650 de
598 1617 755 1651 materiali
770 1640 780 1656 ,
807 1628 907 1660 quam
922 1617 1051 1650 formali
1069 1629 1078 1659 ;
1112 1627 1147 1651 ut

278 1664 381 1700 faciat
402 1665 490 1700 hunc
515 1667 663 1701 sensum:
690 1667 829 1711 Signum
857 1666 903 1701 est
927 1678 989 1700 vox
1013 1665 1048 1700 in
1071 1678 1151 1700 voce

276 1716 435 1759 sequenti
460 1716 607 1750 caussans
623 1717 657 1751 ἀ
683 1716 867 1762 significans
895 1715 1148 1760 suppositionem

279 1766 484 1809 personalem
496 1766 664 1801 formalem
678 1792 688 1807 ,
701 1767 752 1801 vel
765 1768 966 1801 materialem
981 1791 988 1799 .
1017 1770 1076 1800 Pro
1097 1779 1152 1810 quo

335 1826 387 1862 13.
413 1818 491 1849 Scire
515 1824 649 1857 oportet:
679 1817 772 1865 Qid
794 1817 975 1862 intelligam
998 1828 1053 1860 per
1080 1819 1150 1860 sup-

278 1865 476 1908 positionem
489 1866 676 1906 formalem‚
709 1867 789 1911 quid
802 1879 855 1911 per
868 1868 1068 1911 personalem
1086 1879 1149 1901 ma-

275 1915 448 1949 terialem.
475 1916 522 1948 Hi
536 1917 655 1959 quippe
677 1917 807 1951 termini
828 1918 952 1951 insoliti
965 1928 1002 1951 ac
1026 1919 1150 1950 inaudi-

279 1963 309 1996 ti
332 1963 426 1997 sunt.
453 1964 536 1997 Sunt
559 1974 667 1997 tamen
689 1965 792 2004 boni,
814 1966 836 1998 sr
859 1967 938 1998 reste
962 1964 1149 2009 intelligan-

279 2022 353 2047 tut.
383 2011 443 2047 Per
467 2014 717 2057 suppositionem
737 2015 846 2058 itaque
874 2014 1072 2058 personalem
1086 2015 1147 2048 for-

270 2063 400 2097 malem
426 2063 579 2106 intelligo
597 2064 686 2098 illam
713 2086 724 2103 ‚
741 2075 812 2107 quae
830 2065 875 2098 est
893 2065 1011 2106 species
1031 2063 1146 2097 forma-

278 2111 321 2144 lis
344 2111 573 2153 suppositionis
586 2124 598 2144 .·
617 2112 774 2154 intelligo
786 2135 796 2150 ,
814 2111 949 2151 inquam
962 2135 974 2151 ‚
994 2112 1085 2144 illam
1100 2123 1150 2144 or-

273 2160 459 2201 dinariam,
484 2159 606 2203 quaeest
618 2162 786 2203 usurpatio
799 2159 888 2194 vocis
910 2170 968 2203 pro
991 2161 1054 2194 suis
1068 2160 1147 2194 infe·

277 2210 455 2250 rioribus„
469 2210 773 2244 veldenominatis.
804 2209 867 2244 Per
889 2211 1145 2253 suppositionem

275 2258 355 2292 vero
387 2258 587 2301 personalem
610 2260 808 2292 materialem
829 2259 984 2302 intelligo
1016 2260 1109 2292 illam
1135 2282 1145 2297 ‚

276 2319 350 2350 quae
360 2307 405 2341 est
417 2307 535 2350 species
548 2306 776 2350 suppositionis
786 2307 962 2340 materialis
973 2330 985 2346 ,
1007 2318 1078 2350 quae
1089 2308 1146 2348 est,

275 2358 415 2400 inquam
438 2380 449 2397 ,
471 2356 587 2400 species
609 2355 838 2400 suppositionis
857 2355 1031 2390 materialis
1055 2367 1142 2390 verae:

276 2418 348 2441 non
376 2406 488 2446 illius,
509 2417 571 2450 qua
584 2417 649 2439 vox
668 2407 836 2449 usurpatur
857 2418 916 2450 pro
935 2407 1035 2449 seipsa
1049 2405 1083 2439 in
1097 2407 1147 2440 in-

275 2455 436 2498 dividuo;
456 2455 508 2489 sed
530 2467 593 2499 qua
606 2455 774 2498 usurpatur
796 2468 853 2500 pro
871 2457 1016 2500 seipsain
1029 2457 1144 2499 specie,

274 2506 341 2540 five
360 2514 419 2549 pro
437 2506 490 2539 sua
514 2505 636 2548 specie.
665 2504 784 2540 Visum
797 2507 919 2550 quippe
941 2507 1062 2549 semper
1089 2508 1143 2539 mi.

273 2554 312 2589 hi
329 2555 390 2590 fuit
404 2580 415 2596 ,
441 2555 532 2599 quod
552 2566 667 2590 omnes
687 2556 831 2590 omnino
853 2555 1027 2590 divisiones
1042 2579 1054 2595 ,
1075 2566 1144 2599 quae

272 2605 471 2640 adhibentur
493 2605 705 2648 suppositioni
727 2605 855 2646 formali
873 2631 884 2647 ,
919 2605 1064 2640 adhiberi
1086 2607 1144 2639 eti·

273 2667 328 2689 am
353 2653 494 2688 debeant
515 2653 593 2687 huic
610 2655 824 2697 suppositioni
846 2655 1004 2690 materiali
1039 2681 1047 2688 .
1084 2655 1146 2689 Ita·

273 2715 338 2748 que
359 2705 437 2737 sieut
457 2702 637 2746 suppositio
664 2703 811 2738 formalis
835 2705 941 2747 primo
966 2706 1000 2739 in
1026 2706 1146 2749 simpli·

273 2764 346 2789 cem
366 2753 401 2787 ὅ(
425 2753 621 2797 personalem
652 2751 813 2787 dividitur
836 2766 851 2794 ,·
886 2755 931 2788 ita
968 2756 1145 2797 suppositio

272 2804 333 2838 ista
355 2803 531 2837 materialis
553 2802 587 2837 in
609 2802 788 2846 simplicem
819 2803 852 2837 &
877 2804 1079 2847 personalem
1098 2806 1143 2840 di-

273 2853 344 2888 vidi
364 2852 476 2888 debet.
504 2853 588 2887 Item
610 2853 687 2888 sicut
709 2853 887 2898 suppositio
909 2854 1089 2896 personalis
1109 2857 1144 2889 &

270 2903 409 2947 fimplex
433 2904 579 2938 formalis
601 2904 676 2937 sunt
709 2903 872 2946 usurpatio
897 2904 989 2937 vocis
1009 2914 1067 2946 pro
1087 2905 1143 2939 suo

271 2954 459 2998 significato
482 2953 660 2988 secundum
671 2955 701 2988 se
714 2978 726 2995 ,
742 2953 776 2986 &
788 2953 953 2996 usurpatio
965 2964 1023 2996 pro
1038 2954 1086 2987 sui
1111 2955 1144 2988 si·

271 3004 421 3049 gnificati
450 3003 656 3039 inferioribus
671 3016 683 3046 ;
700 3003 819 3038 eodem
842 3002 944 3037 modo
965 3004 1143 3046 suppositio

272 3054 409 3096 simplex
430 3053 647 3097 &personalis
669 3054 842 3088 materialis
875 3055 949 3088 sunt
977 3054 1143 3096 usurpatio

273 3103 363 3137 vocis
386 3115 443 3146 pro
473 3105 529 3138 sua
552 3105 656 3147 specie
674 3103 850 3138 secundum
870 3105 902 3137 se
927 3127 938 3143 ,
959 3103 993 3137 ὃ(
1014 3104 1142 3148 usurpa-

273 3153 323 3187 tio
342 3153 431 3186 vocis
462 3165 520 3197 pro
543 3155 605 3188 suae
642 3154 759 3198 speciei
784 3152 1014 3187 inferioribus.
1043 3152 1084 3187 V.
1110 3166 1140 3198 g.

273 3214 349 3236 cum
363 3202 438 3236 dico
451 3227 462 3242 ‚
486 3208 550 3237 Vox
559 3204 641 3238 homo
650 3202 1092 3248 respec‘lusuoruminferiorum
1101 3203 1141 3244 ess
1155 3221 1158 3242 4

280 3264 392 3296 genus,
409 3262 463 3285 aut
485 3251 594 3295 species
610 3279 621 3295 ,
638 3266 705 3289 vox
728 3254 810 3286 homo
828 3253 986 3297 accipitur
996 3255 1141 3288 materia·
1155 3248 1158 3269 ²

274 3303 349 3336 liter
367 3301 551 3345 simpliciter
571 3317 579 3335 z
600 3305 677 3347 quia
700 3303 856 3347 accipitur
880 3315 938 3347 pro
960 3304 1013 3337 sua
1037 3305 1141 3347 specie

275 3352 454 3386 secundum
478 3353 523 3386 se.
547 3352 594 3386 At
618 3355 693 3389 vero
712 3366 788 3389 cum
808 3354 884 3387 dico
912 3377 924 3395 ‚
946 3357 1038 3387 omne
1060 3354 1141 3387 bomo

280 3401 320 3445 5st
337 3413 442 3436 nomen
465 3426 477 3442 ,
500 3403 658 3445 accipitur
676 3403 885 3438 materialiter
910 3404 1140 3448 personaliter,

371 3451 475 3493 Christ.
501 3456 580 3496 Lupi
594 3457 691 3498 Opera
712 3457 738 3487 T
738 3466 792 3488 om.
803 3456 875 3487 X11.

1218 98 1276 132 lN
1319 83 1589 131 Cannar.
1942 103 2038 149 227

1215 167 1288 210 quia
1300 165 1458 207 accipitur
1473 175 1530 207 pro
1544 168 1603 200 suae
1612 167 1724 210 speciei
1738 168 1946 204 inferioribus
1965 194 1972 202 .
2000 169 2085 204 Prae-

1215 217 1298 250 terea
1321 215 1400 249 sicut
1414 215 1588 257 suppositio
1603 220 1774 257 personalis
1796 221 1942 255 formalis
1964 219 2084 254 dividi-

1215 278 1265 301 tur
1292 265 1327 298 in
1351 275 1490 307 quatuor
1514 264 1660 308 vulgatas
1684 269 1820 309 species,
1845 270 1886 304 de
1907 269 2023 313 quibus
2047 271 2083 304 in

1215 315 1435 358 disputatione
1467 316 1631 356 sequenti3
1670 315 1711 348 sic
1733 318 1828 351 etiam
1865 322 1984 355 servata
2010 331 2084 363 pro-

1215 364 1410 409 portionein
1427 365 1553 398 easdem
1569 365 1673 398 dividi
1694 364 1789 399 debet
1812 369 1986 411 suppositio
2011 381 2078 413 per·

1216 415 1332 449 sonalis
1357 414 1550 448 materialis.
1579 414 1659 460 Qo
1684 415 1810 457 pofito,
1831 429 1909 459 puto
1933 420 1994 454 effe
2018 419 2084 454 cla·

1213 477 1280 500 ram
1292 464 1486 500 solutionem
1497 465 1563 507 jam
1577 463 1686 499 statim
1697 463 1804 498 datam
1816 490 1822 498 .

1423 563 1751 600 DUBIUM
1802 564 1875 598 111.

1408 668 1454 698 De
1470 663 1557 706 hujus
1569 664 1649 709 signi
1674 663 1864 707 divisionibus
1876 690 1884 698 .

1215 775 1265 811 14.
1393 763 1466 807 ΕΒ).
1487 766 1714 807 &dit-oprimi:
1744 766 1882 810 Signum
1896 763 1959 800 hoc
1980 764 2083 802 dividi

1408 815 1503 848 debet
1516 817 1549 848 in
1565 816 2022 861 fignumcategorematicum,
2045 830 2083 852 ac

1212 866 1606 909 syncategorematicum:
1640 866 1759 899 dantur
1783 867 1872 900 enim
1895 866 2082 909 hujusmodi

1213 915 1300 958 signa
1321 926 1387 947 non
1413 926 1538 949 tantum
1565 916 1893 960 syncategorematica
1919 941 1929 957 ‚
1951 917 2002 951 sed
2025 918 2084 952 eti-

1213 977 1267 998 am
1290 964 1362 998 vere
1384 967 1667 1008 categorematica.
1698 967 1836 1010 Signum
1859 968 2083 1012 syncategore-

1214 1015 1370 1048 maticum
1380 1014 1425 1048 est
1439 1026 1503 1048 vox
1525 1016 1631 1060 aliqua
1646 1018 1978 1061 syncategorematica
1990 1018 2080 1062 figni.

1212 1065 1311 1098 ficans
1323 1065 1356 1098 δι
1367 1066 1511 1098 caussans
1526 1066 1778 1109 suppositionem
1803 1068 2004 1110 personalem
2025 1078 2082 1101 vo·

1192 1117 1257 1147 -cis
1269 1116 1449 1159 sequentis:
1480 1118 1553 1158 V-g.
1566 1117 1683 1156 nullus,
1716 1119 1862 1159 quidam,
1883 1123 1980 1150 omnis
1994 1143 2005 1158 ‚
2025 1119 2083 1151 ali·
2123 1159 2127 1163 ἣ

1212 1171 1284 1207 quis
1295 1188 1305 1203 ,
1330 1175 1386 1197 non
1398 1189 1408 1204 ‚
1421 1165 1474 1197 (σε.
1488 1165 1568 1198 Haec
1580 1166 1667 1198 enim
1681 1167 1790 1200 omnia
1804 1169 1876 1200 sunt
1890 1169 2085 1212 syncatego-

1212 1225 1334 1249 remata
1345 1214 1521 1249 cauffantia
1534 1238 1544 1253 ‚
1556 1216 1588 1249 &
1600 1215 1814 1260 significantia
1829 1218 2082 1259 suppositionem

1214 1264 1408 1308 personalem
1423 1276 1541 1298 vocum
1553 1266 1755 1309 sequentium
1784 1290 1791 1298 .
1819 1268 1932 1301 Genus
1953 1266 2083 1301 definiti

1212 1315 1257 1349 est
1267 1317 1504 1360 sycategorema
1517 1328 1528 1349 ι
1555 1315 1620 1350 hoc
1630 1316 1717 1350 enim
1732 1316 1777 1350 est
1789 1317 1866 1360 quid
1875 1316 2059 1361 generalius
2072 1341 2084 1358 ‚

1213 1365 1351 1401 &latius
1364 1376 1474 1408 patens
1487 1389 1494 1396 .
1522 1365 1616 1400 Licet
1630 1367 1749 1410 quippe
1759 1378 1859 1401 omne
1871 1368 1997 1411 signum
2011 1368 2084 1410 syn-

1214 1417 1521 1459 categorematicum
1532 1416 1567 1449 sit
1581 1417 1843 1461 syncategorema
1860 1430 1871 1452 :
1894 1429 1963 1450 non
1974 1415 1992 1450 ὲ
2004 1429 2083 1451 con·

1213 1476 1259 1499 tra
1272 1476 1379 1500 tamen
1391 1477 1491 1499 omne
1505 1467 1771 1511 syncategorema
1782 1467 1825 1501 est
1850 1468 1975 1511 fignum
1989 1481 1999 1500 :
2028 1479 2080 1501 vo.

1213 1527 1263 1549 ces
1285 1517 1375 1549 enim
1397 1517 1527 1549 celeriter
1540 1540 1551 1555 ‚
1573 1518 1660 1549 tarde
1674 1541 1684 1556 ,
1707 1517 1782 1551 bene
1802 1541 1813 1557 ‚
1841 1519 1939 1558 mali,
1976 1520 2083 1557 Petri,

1215 1567 1326 1604 Pauli,
1355 1566 1411 1599 &a
1441 1564 1845 1609 suntsyncategoremata;
1871 1579 1939 1599 non
1955 1568 2084 1600 suntra-

1213 1626 1286 1648 men
1301 1615 1503 1657 acceptionis
1516 1613 1694 1656 personalis
1704 1615 1792 1660 signa
1805 1640 1811 1647 .
1826 1616 2020 1650 Differentia
2032 1626 2085 1648 er-

1213 1666 1258 1710 go
1269 1665 1397 1699 definiti
1408 1663 1622 1698 constitutiva
1633 1664 1679 1698 est
1693 1665 1873 1710 significare
1882 1677 1919 1700 ac
1943 1667 2086 1700 caussato

1213 1715 1468 1760 suppositionem
1494 1714 1694 1757 personalem
1708 1716 1797 1750 vocis
1820 1717 1998 1760 sequentis.

1267 1777 1315 1811 15·
1345 1769 1399 1798 Ex
1409 1776 1466 1808 quo
1474 1772 1560 1806 patet
1572 1777 1583 1797 .-
1612 1765 1716 1812 Quod
1728 1767 1861 1812 negatio
1875 1766 1996 1800 vocalis
2012 1778 2082 1800 non

1212 1815 1249 1849 sit
1266 1816 1337 1850 vere
1348 1817 1475 1860 fignum
1491 1816 1860 1860 syncategorematicum
1877 1816 2005 1861 .Negat
2021 1816 2086 1850 hoe

1211 1866 1406 1900 Laurentius
1428 1866 1570 1909 Gyffene
1597 1865 1808 1912 traH.3.J}c‘l.
1828 1877 1858 1902 2-
1886 1878 1945 1900 art.
1972 1868 2002 1902 6.
2031 1868 2086 1901 Sic

1210 1917 1298 1948 enim
1319 1914 1594 1956 philosophatur:
1620 1916 1760 1959 Signum
1775 1918 2088 1960 syncategoremati·

1211 1974 1284 1996 cum
1297 1965 1359 1997 effe
1374 1964 1639 2009 syncategorema
1652 1976 1719 1999 non
1734 1966 1837 2001 solum
1850 1968 1994 2001 caussans
2006 1980 2015 2009 ς
2029 1968 2085 2001 sed

1211 2015 1245 2048 &
1257 2013 1442 2057 significans
1457 2014 1714 2056 suppositionem
1727 2017 1931 2060 personalem
1952 2017 2085 2051 termini

1211 2064 1391 2105 sequentis.
1425 2062 1603 2096 Ermerito
1629 2065 1723 2100 sane:
1745 2069 1822 2107 quia
1845 2068 1978 2101 essentia
2001 2068 2084 2111 signi

1209 2110 1265 2143 sita
1279 2111 1324 2144 est
1336 2134 1347 2150 ,
1372 2112 1483 2144 nonin
1499 2113 1687 2152 cauffando,
1723 2116 1776 2148 sed
1800 2117 1834 2148 in
1850 2118 2080 2160 significando.

1212 2161 1316 2203 Atqui
1341 2163 1474 2204 negatio
1496 2173 1565 2194 non
1586 2161 1630 2194 est
1655 2162 1786 2205 quidem
1814 2167 2083 2210 syncategorema

1212 2211 1465 2252 suppositionem
1494 2212 1694 2253 personalem
1713 2215 1748 2247 in
1775 2215 1946 2257 praedicato
1972 2228 2087 2260 propo·

1209 2257 1333 2291 litionis
1360 2260 1523 2302 negativae
1543 2262 1711 2301 caussatus,
1737 2275 1806 2296 non
1830 2275 1939 2299 tamen
1963 2266 2087 2311 fignifi-

1209 2318 1286 2340 cans
1302 2320 1310 2339 :
1330 2318 1409 2351 ergo
1422 2319 1488 2341 non
1502 2308 1547 2340 est
1561 2309 1707 2351 fignum.
1732 2313 1791 2343 Sed
1810 2320 1933 2346 erratin
1956 2322 2078 2350 minori:

1210 2357 1360 2401 Negatio
1381 2358 1472 2391 enirn
1497 2357 1763 2393 distributionem
1788 2362 1948 2404 praedicati
1972 2367 2085 2409 negati

1210 2407 1406 2440 nonisolum
1435 2410 1577 2448 canstat,
1605 2409 1659 2443 sed
1687 2409 1787 2444 etiam
1814 2411 1884 2446 vere
1904 2413 2083 2458 significat.

1208 2458 1298 2500 ,Quod
1318 2456 1433 2498 probo:
1470 2457 1557 2504 Quia
1585 2458 1764 2503 significare
1785 2461 1830 2495 est
1858 2462 1892 2496 in
1921 2464 2080 2500 noticiam

1207 2508 1388 2541 deducere:
1415 2511 1506 2551 atqui
1533 2510 1664 2554 negatio
1692 2511 1912 2547 vocalis‘non
1941 2514 2076 2550 deducit

1208 2569 1268 2590 nos
1304 2556 1338 2590 in
1376 2558 1605 2602 cognitionem
1632 2559 1872 2596 distributionis
1896 2565 2082 2607 ‘praedicati

1207 2607 1338 2651 negati:
1366 2618 1427 2641 nos
1452 2609 1542 2642 enim
1568 2619 1608 2642 ex
1638 2608 1696 2644 ista
1725 2613 1950 2655 negationein
1967 2626 2082 2658 propo-

1206 2657 1323 2691 sitione
1345 2658 1443 2700 posita
1466 2658 1547 2692 redtex
1567 2658 1756 2704 colligimus
1782 2661 1988 2705 praedicatum
2017 2668 2079 2700 effe

1206 2706 1415 2740 distributum
1435 2732 1445 2747 ‚
1481 2708 1514 2741 δε
1540 2709 1727 2752 copulative
1754 2722 1924 2755 acceptum
1952 2738 1959 2746 .
1988 2715 2081 2760 Ergo

1208 2758 1342 2801 negatio
1353 2755 1421 2791 haec
1437 2769 1504 2791 non
1532 2759 1636 2793 solum
1650 2760 1770 2795 cauffat
1783 2785 1793 2801 ,
1810 2760 1903 2796 sed&
1917 2764 2079 2806 significat

1207 2807 1460 2851 suppositionem
1490 2810 1691 2850 personalem
1715 2812 1878 2854 pradicati
1896 2813 2056 2855 sequentis
2069 2827 2079 2847 ε

1206 2857 1352 2900 adeoque
1364 2857 1413 2890 illi
1429 2856 1515 2891 nihil
1530 2857 1614 2893 deest
1627 2861 1666 2894 ad
1679 2862 1840 2896 rationem
1862 2862 1943 2906 figni
1967 2864 2081 2906 synca-

1206 2907 1452 2951 tegoremttici.
1482 2908 1560 2942 Hoc
1573 2920 1682 2943 tamen
1695 2911 1837 2957 intelligi
1852 2913 1945 2947 debet
1960 2914 2002 2947 de
2026 2926 2081 2949 ne-

1205 2958 1342 3001 gatione
1369 2957 1477 2991 vocali
1504 2970 1572 2992 non
1602 2960 1727 3003 sumpta
1753 2973 1927 3007 neganter:
1951 2964 2079 3007 sumpta

1170 3029 1182 3042 χ
1206 3006 1325 3050 quippe
1338 3007 1543 3042 infinitanter
1557 3020 1624 3042 non
1636 3012 1679 3044 est
1695 3011 2078 3057 syncategorematicum:

1204 3068 1280 3091 cum
1306 3058 1562 3100 suppositionem
1585 3061 1783 3102 personalem
1808 3065 1895 3097 vocis
1916 3064 2079 3105 sequentis

1201 3118 1311 3150 ¹neque
1336 3107 1476 3148 causset,
1504 3119 1608 3152 neque
1631 3111 1808 3153 fignificet:
1833 3122 1868 3147 ut
1892 3124 2011 3148 notum
2033 3112 2079 3152 est

1204 3156 1423 3191 consideranti
1437 3182 1444 3189 .

1266 3210 1314 3241 16.
1342 3208 1480 3249 Signum
1494 3207 1603 3250 itaque
1614 3210 1984 3257 syncategorematicum
2001 3225 2079 3249 con·

1204 3255 1348 3289 stituitur
1370 3256 1402 3289 in
1428 3257 1486 3290 suo
1507 3260 1573 3291 esse
1598 3271 1651 3302 per
1675 3260 1755 3296 duas
1775 3262 2003 3306 conditiones,
2023 3265 2078 3299 seu

1207 3317 1259 3347 per
1271 3305 1349 3339 duas
1360 3306 1594 3342 formalitates:
1617 3310 1769 3345 videlicet
1794 3324 1848 3355 per
1876 3312 1964 3354 hoc,
1987 3314 2082 3358 quod

1206 3356 1241 3388 fit
1256 3355 1543 3400 syncategorema,
1570 3360 1603 3392 ὅ(
1617 3361 1704 3402 quod
1719 3362 1878 3406 significet
1899 3365 1935 3398 ὅ(
1955 3365 2081 3398 causset

1206 3405 1460 3449 suppositionem
1484 3409 1661 3451 personalis
1684 3412 1775 3446 vocis
1800 3414 1961 3458 sequentis
1984 3438 1990 3446 .
2018 3413 2080 3446 Per

1708 3460 1742 3495 V
1792 3471 1815 3497 2
1988 3462 2050 3506 pri-
