2384 3770
752 107 837 157 DE
873 110 1056 175 Qun.
1093 108 1238 155 νος.
1273 107 1400 154 Ans·
1437 104 1574 157 D1v'.

262 194 402 232 bicatum
422 201 478 229 aut
498 193 717 238 suppositum
743 194 897 233 alteram,
923 202 986 234 qua
1008 189 1128 235 signifi-

1929 124 2020 173 175

1196 196 1346 224 notatum
1363 188 1438 223 sunt
1465 213 1476 231 ,
1503 191 1578 223 sunt
1600 191 1691 228 istius
1709 193 1799 231 vocis
1818 193 1996 242 significata
2020 198 2065 233 se·

261 257 370 282 carent
393 246 535 279 formam
557 269 564 276 .
603 245 715 295 Qam
749 252 856 277 tamen
879 242 1128 284 impofitionum
1192 239 1365 275 cundaria.

260 295 451 331 dualitatem
473 307 540 328 non
563 295 660 328 credo
675 300 692 327 a
714 292 907 335 VVadingo
929 291 999 324 fore
1011 290 1128 325 admit-

260 345 409 381 tendam.
437 347 529 390 ,Quod
549 355 650 378 tamen
669 343 858 377 admittenda
873 340 956 383 foret
969 366 979 382 ‚
1005 341 1044 380 est
1064 348 1124 375 evi-

257 397 355 431 dens:
383 396 458 441 quia
479 395 588 430 omnis
610 392 749 427 omnino
778 402 844 425 vox
871 402 1024 426 concreta
1051 392 1128 435 sup-

257 447 414 490 ponitur,
442 458 479 480 ac
497 446 662 486 usurpatur
687 441 886 486 quandoque
913 452 970 486 pro
983 441 1052 475 solo
1067 443 1124 476 suo

256 497 440 542 significato
459 492 641 535 materiali;
667 492 865 537 quandoque
887 504 947 536 pro
965 493 1036 526 solo
1062 492 1127 526 for-

254 548 359 589 mali;
385 545 580 591 quandoque
600 553 658 586 pro
684 553 823 584 utroque
847 541 942 577 fimul
969 567 976 575 .
1004 543 1124 578 Exem-

254 598 307 640 pla
326 608 394 630 non
416 594 546 629 adduco
566 605 574 625 :
602 594 679 636 quia
701 594 840 638 longum
861 594 947 628 foret
961 618 972 634 ,
997 605 1035 627 ac
1056 594 1122 636 pas·

253 647 310 681 fim
335 644 431 680 obvia
458 645 533 678 sunt
557 665 565 674 -
603 643 694 688 Ergo
714 655 756 678 ex
782 643 966 678 diverfitate
986 643 1123 688 suppost-

252 697 352 730 tionis
373 697 425 729 seu
447 694 665 737 usurpationis
683 694 798 739 colligi
821 705 890 729 non
905 694 1009 739 potest
1020 692 1125 729 diver·

250 746 322 780 litas
346 743 579 789 impofitionis.

301 797 357 833 60.
383 799 429 828 Et
451 800 528 828 ratio
551 796 673 836 dprlorl
698 794 758 834 est:
779 793 877 839 quia,
904 802 940 828 ut
957 793 1054 838 supra
1065 794 1119 827 ali-

251 851 364 890 quoties
384 847 473 886 dixi,
500 846 533 879 (⁰5
554 843 639 885 infra
659 844 758 878 adbuc
776 851 874 888 magis
887 846 1006 886 dicam,
1034 846 1121 878 usur-

250 897 341 940 patio
361 897 412 929 seu
436 893 611 939 suppositio
633 893 722 928 vocis
742 891 839 928 habet
860 895 892 928 se
912 894 953 928 ad
981 905 1117 934 vocem,

250 947 330 980 ficut
350 945 610 989 approximatio,
637 945 690 978 seu
714 944 889 987 applicatio
910 943 1008 979 habet
1031 946 1062 978 se
1081 943 1121 979 ad

248 997 415 1031 caussam.-
441 995 531 1039 atqui
545 995 671 1035 caussa,
697 994 777 1028 dum
789 994 1020 1039 applicaturad
1032 997 1119 1029 caus·

248 1045 405 1086 fandum,
433 1056 501 1079 non
527 1046 649 1089 semper
670 1043 849 1088 applicatur
871 1045 911 1079 ad
929 1044 1121 1080 cauffandos

249 1106 365 1131 omnes
388 1095 517 1130 effeetus
539 1119 550 1136 ,
576 1105 659 1139 quos
680 1095 822 1130 cauffare
844 1097 947 1140 potest
975 1109 988 1131 .-
1014 1106 1119 1137 neque

249 1147 372 1189 semper
393 1157 510 1181 omnes
532 1146 610 1179 istos
630 1145 998 1186 effestusaetucauffat.
1026 1147 1117 1191 Ergo

250 1196 398 1230 similiter
420 1207 485 1230 vox
506 1207 574 1230 non
597 1197 720 1240 semper
730 1197 899 1239 usurpari,
925 1208 963 1231 ac
976 1196 1115 1241 supponi

249 1245 346 1281 debet
366 1246 408 1279 ad
429 1246 641 1289 significanda
665 1246 779 1280 omnia
800 1247 980 1291 significata
1001 1272 1012 1287 ,
1050 1257 1120 1290 quae

246 1294 432 1339 fignificare
450 1294 555 1339 potest
568 1306 576 1329 ε
603 1305 709 1338 neque
721 1297 844 1340 semper
853 1298 966 1332 omnia
977 1296 1035 1334 ista
1047 1298 1118 1331 astu

246 1344 408 1389 fignificat
432 1369 440 1376 .
488 1345 532 1379 Et
555 1344 598 1378 iic
625 1356 721 1379 voces
745 1357 905 1381 concretae
930 1359 973 1381 ex
998 1347 1030 1380 vi
1058 1346 1118 1381 suae

246 1392 466 1438 impositionis
491 1404 642 1438 potentes
668 1396 848 1439 significare
873 1399 941 1432 duo
961 1396 1116 1442 fignifica-

247 1453 303 1484 ta,
331 1444 499 1478 materiale
517 1445 638 1478 scilicet
649 1444 832 1479 &formale
844 1469 855 1487 ,
871 1446 1064 1492 'aliquando
1077 1445 1118 1479 ad

247 1493 480 1527 tantummodo
499 1493 590 1535 hoc;
620 1492 799 1537 aliquando
823 1494 864 1528 ad
886 1496 1121 1530 tantummodo

248 1542 332 1577 illud
350 1543 600 1587 significandum
623 1543 870 1586 supponuntur:
897 1545 1122 1590 &aliquando

248 1589 313 1627 hoc
331 1604 342 1634 3
369 1592 547 1638 aliquando
571 1592 779 1628 solummodo
800 1594 885 1630 istud
905 1597 978 1631 astu
1001 1596 1123 1642 fignifi-

246 1652 346 1678 cant.
373 1645 420 1680 De
441 1655 498 1688 quo
513 1645 592 1678 alias
595 1641 706 1686 forsan
711 1645 821 1686 plura.

444 1796 480 1830 D
507 1794 549 1830 U
576 1793 605 1831 Β
630 1794 646 1829 1
673 1793 714 1831 U
740 1795 782 1830 M
843 1794 923 1832 Vll.

344 1949 392 1979 De
416 1945 549 1987 quadam
575 1949 657 1978 vocis
683 1943 839 1984 abstrablae
864 1944 1018 1986 divisione.

446 2045 503 2079 Ox
524 2042 678 2078 abstracta
700 2034 814 2087 paffiffi
828 2043 870 2088 di
891 2043 1119 2090 ‘xituraSum-

460 2093 599 2132 mulissis
619 2092 660 2125 irr
677 2094 797 2125 vocem*
810 2087 858 2126 lnb
888 2095 1003 2126 rastam
1018 2094 1118 2135 prima

244 2143 459 2181 abstraffione
470 2164 481 2181 ,
507 2144 539 2177 &
561 2142 595 2178 in
610 2151 724 2175 vocem
737 2141 924 2175 abstractam
936 2142 1116 2177 abstractio-

243 2205 288 2228 ne
309 2194 423 2228 ultima
435 2219 442 2226 .
473 2195 533 2226 Pro
552 2194 634 2231 cujus
657 2190 810 2232 dzvlfionis
827 2192 974 2225 intellee‘lu
987 2193 1119 2226 breviter

241 2242 397 2287 sciendum
417 2242 454 2282 est
474 2256 482 2277 ε
522 2243 613 2286 quod
633 2241 784 2282 quaelibet
808 2251 873 2275 vox
891 2253 1040 2276 concreta
1064 2242 1118 2275 ha-

245 2293 319 2327 beat
353 2293 530 2337 significata
561 2290 748 2325 secundaria
784 2291 924 2331 duplicis
960 2293 1088 2335 generis
1110 2316 1116 2323 .

245 2342 370 2385 Aliqua
398 2343 433 2375 se
450 2351 561 2376 tenent
581 2352 620 2374 ex
645 2350 734 2382 parte
745 2339 1116 2383 fignificatimateriais,

245 2394 299 2426 seu
322 2392 419 2427 resti:
446 2392 552 2436 qualia
575 2389 997 2434 suntipsumfignificatum
1019 2400 1115 2422 mate-

245 2442 343 2481 riale,
371 2443 549 2483 omniaque
576 2441 672 2484 ipsius
683 2440 870 2482 superiora,
894 2439 1112 2472 acinferiora.

246 2491 369 2536 Aliqua
393 2492 468 2525 vero
491 2493 523 2525 se
534 2500 646 2525 tenent
658 2500 699 2522 ex
719 2499 804 2532 parte
817 2487 1113 2533 fignificatiforma—

245 2541 304 2575 lis:
328 2542 435 2586 qualia
458 2545 530 2575 sunt
547 2543 659 2574 omnia
680 2539 853 2584 significati
878 2539 1024 2573 formalis
1037 2541 1115 2573 infe-

244 2592 351 2633 riora,
377 2604 414 2626 ac
433 2593 617 2636 superiora2
644 2590 723 2623 item
745 2589 857 2623 omnia
882 2589 1114 2632 ejusconnota—

244 2651 307 2675 ta:
344 2652 412 2677 non
436 2653 545 2676 tamen
579 2641 682 2684 ipsum
704 2638 921 2684 significatum
959 2640 1111 2674 formale.

243 2692 326 2725 Hoc
346 2692 434 2724 enim
457 2702 533 2726 cum
554 2690 591 2723 fit
617 2689 710 2723 vocis
728 2700 887 2723 concretae
897 2690 1113 2733 significatum

244 2742 431 2785 primarium
446 2765 456 2781 ,
480 2741 594 2784 nequit
615 2742 678 2773 effe
691 2739 938 2781 secundarium,·
968 2739 1051 2773 verb.
1065 2751 1114 2784 gr.

244 2793 529 2826 invoceconcreta
541 2790 662 2832 album,
689 2789 806 2824 albedo
832 2787 877 2822 est
891 2789 1110 2832 significatum

243 2842 383 2876 formale
401 2842 434 2875 &
456 2841 654 2886 principale;
680 2849 713 2874 at
735 2838 811 2873 vero
836 2839 959 2882 paries,
985 2837 1111 2880 homo,

243 2892 324 2933 nix,
349 2902 493 2934 cycnus,
518 2902 642 2935 equus,
668 2899 843 2932 caeteraque
871 2886 1030 2923 albedinis
1043 2888 1110 2923 sub·

241 2941 320 2985 jesta
344 2942 415 2976 sunt
438 2943 529 2977 vocis
551 2940 649 2975 album
672 2939 852 2985 significata
880 2938 1066 2972 secundaria
1080 2941 1111 2972 se

241 2993 387 3025 tenentia
411 3003 452 3027 ex
475 3003 562 3037 parte
580 2991 749 3036 significati
773 2990 869 3023 resti.-
897 2989 975 3022 item
998 2987 1110 3022 haec&

241 3040 301 3074 ista
322 3040 464 3082 albedo,
491 3044 570 3077 item
592 3042 706 3082 color,
732 3040 873 3085 qualitas
895 3063 905 3079 ‚
932 3039 1111 3079 omniaque

241 3090 305 3126 alia
326 3091 485 3127 albedinis
503 3092 685 3136 superiora,
710 3103 747 3126 ac
771 3089 920 3124 inferiora
933 3090 1006 3122 sunt
1020 3089 1111 3122 istius

242 3141 521 3186 vocisfignifieata
532 3142 721 3178 secundaria
743 3140 886 3175 tenentia
908 3140 938 3172 se
960 3149 1001 3172 ex
1021 3150 1109 3182 parte

242 3190 413 3234 significati
433 3194 580 3227 formalis
602 3219 608 3226 .
637 3192 792 3227 Similiter
814 3192 848 3224 in
861 3199 941 3223 voce
967 3190 1110 3223 rationale

242 3240 445 3276 rationalitas
466 3243 682 3287 fignificatum
704 3241 900 3285 obliquum,
926 3250 965 3273 ac
990 3240 1109 3283 prima-

244 3291 329 3324 rium
340 3290 411 3334 est;
437 3303 469 3326 at
483 3291 843 3333 verohomo,anima1‚
871 3290 1006 3330 Petrus,
1032 3288 1108 3323 alia-

236 3351 310 3383 ·que
320 3344 431 3375 omnia
454 3343 613 3386 subjecta,
637 3343 680 3377 de
702 3342 819 3386 quibus
837 3341 983 3373 rationale
1004 3339 1108 3384 praedi·

248 3389 314 3423 cari
337 3391 440 3434 potest
454 3406 465 3426 .·
493 3393 571 3427 item
582 3392 691 3429 haec&
708 3393 768 3427 ista
784 3389 1005 3430 rationalitas,
1030 3390 1110 3425 item

251 3441 454 3484 operationes
475 3444 668 3486 rationales,
691 3455 762 3487 quae
784 3440 1013 3478 rationalitatis
1034 3450 1110 3476 con-

246 2046 303 2083 61.

1244 289 1301 325 62.
1329 289 1386 322 Ubi
1407 294 1499 323 etiam
1520 289 1614 324 obiter
1635 299 1734 325 notare
1752 302 1863 336 poteris
1876 311 1888 332 .-
1915 298 1994 341 quid
2008 309 2063 333 vo·

1192 349 1283 373 cetur
1306 340 1396 372 vocis
1421 340 1558 382 alicujus
1579 352 1797 377 connotatum
1816 370 1824 378 .
1852 347 1951 382 Nihil
1980 360 2061 394 ergo

1191 389 1274 432 apud
1288 389 1505 435 Nominales(
1521 400 1709 425 connotatum
1722 399 1831 434 quippe
1843 396 1945 431 horum
1957 406 2062 434 inven-

1190 447 1253 472 tum
1263 439 1302 479 est
1312 440 1324 481 )
1336 440 1380 472 est
1393 439 1480 473 aliud
1494 465 1503 480 ,
1531 452 1630 484 quam
1654 442 1791 485 alicujus
1805 445 1891 479 vocis
1903 448 2063 491 fignifica-

1190 499 1260 525 tum
1284 489 1455 533 obliquum
1477 490 1875 535 simul&secundarium3
1904 499 1986 531 verb.
2010 511 2058 544 gr,

1188 540 1328 583 respectu
1351 542 1440 574 vocis
1461 544 1609 575 rationale
1629 543 1907 582 autrationalitas,
1934 548 2062 582 ratioci-

1188 589 1279 622 natio
1302 590 1354 623 vel
1377 592 1525 635 operatio
1554 593 1722 627 rationalis
1753 591 1799 627 est
1821 604 2061 633 connotatum:

1186 639 1262 683 quia
1275 639 1320 673 est
1332 641 1399 684 ejus
1407 640 1578 685 obliquum
1589 666 1600 682 ,
1624 654 1662 677 ac
1671 643 1765 677 simul
1796 644 2019 679 secundarium
2031 647 2064 680 fi-

1185 689 1395 734 gnificatum.
1423 691 1644 727 Rationalitas
1664 693 1755 728 enim
1784 694 1830 727 est
1852 695 2064 738 potentiaeli-

1185 740 1283 773 citiva
1295 741 1581 778 ratiocinationis:
1610 745 1659 778 uti
1672 744 1761 779 vides
1775 744 2062 781 ratiocinationem

1185 790 1354 834 significari
1372 791 1407 825 in
1419 792 1559 836 obliquo
1573 818 1583 833 ,
1610 806 1647 828 ac
1675 794 1968 829 simulsecundario
1986 808 1993 827 :
2022 797 2058 831 id

1184 841 1299 882 enim,¹
1323 841 1412 885 quod
1424 844 1580 886 primario
1591 844 1787 888 fignificatur
1799 868 1811 885 ‚
1831 846 1875 879 est
1887 846 1953 889 ipsa
1966 846 2062 879 ratio·

1185 891 1317 925 cinandi
1330 893 1475 935 potentia
1488 917 1496 925 .
1522 893 1681 930 Similiter
1699 894 1733 931 in
1746 905 1826 929 voce
1836 896 1971 936 animal,
2001 906 2059 934 aut

1183 941 1379 983 animalitas,
1408 943 1545 979 sensatio
1559 969 1571 986 ‚
1598 946 1649 979 seu
1671 946 1819 989 operatio
1839 947 1985 980 sensitiva
2007 946 2056 980 est

1183 1001 1400 1025 connotatum
1423 1006 1430 1025 ε
1457 995 1532 1037 quia
1553 995 1737 1030 animalitas
1767 994 1849 1029 nihil
1871 996 1916 1030 est
1938 995 2050 1037 aliud,

1184 1052 1283 1084 quam
1305 1043 1453 1085 potentia
1475 1044 1618 1080 elicitiva
1644 1045 1852 1080 sensationis:
1882 1045 1937 1080 ubi
1952 1047 2054 1080 sensa-

1184 1091 1309 1125 tionem
1329 1093 1430 1127 etiam
1449 1093 1483 1127 in
1497 1093 1636 1138 obliquo
1649 1119 1660 1135 ,
1685 1106 1723 1129 ac
1735 1095 2052 1139 secundarioimpor-

1172 1142 1241 1176 ,tari
1263 1141 1354 1179 vides
1366 1167 1373 1174 .
1401 1142 1511 1177 Debet
1535 1155 1614 1188 ergo
1627 1155 1846 1179 connotatum
1858 1147 1921 1180 esse
1931 1145 2050 1190 fignifi-

1183 1202 1293 1226 catum
1314 1191 1485 1236 obliquum
1505 1194 1598 1228 simul
1620 1195 1908 1230 &secundarium.
1933 1196 2055 1238 Neque

1183 1243 1272 1276 enim
1285 1243 1360 1276 satis
1384 1243 1453 1284 est,
1478 1245 1569 1286 quod
1591 1245 1802 1280 solummodo
1815 1245 1987 1289 obliquum
1999 1246 2037 1279 fit

1184 1293 1260 1336 quia
1283 1293 1503 1341 significatum
1519 1294 1692 1339 obliquum
1704 1296 1749 1330 est
1760 1295 1925 1340 saepiffimc
1939 1295 2059 1340 fignifi-

1185 1352 1294 1377 catum
1313 1344 1523 1387 primarium3
1550 1344 1641 1388 quod
1663 1357 1730 1380 non
1744 1345 1847 1389 potest
1860 1348 1923 1383 elie
1934 1356 2060 1383 conno-

1185 1402 1290 1428 tatum
1304 1417 1311 1424 .
1339 1393 1419 1427 Item
1436 1405 1502 1428 non
1515 1395 1588 1429 tatis
1599 1394 1666 1435 est,
1693 1396 1783 1439 quod
1795 1397 1831 1429 fit
1845 1393 2056 1451 solummodd

1186 1443 1400 1487 significatum
1413 1445 1639 1491 secundarium
1653 1459 1665 1478 .·
1691 1447 1768 1489 quia
1781 1446 1999 1490 significatum
2016 1446 2058 1482 se-

1185 1493 1378 1527 cundarium
1402 1494 1563 1538 saepiffime
1594 1495 1639 1528 est
1663 1495 1882 1539 significatum
1903 1496 1994 1530 vocis
2016 1507 2062 1530 re-

1185 1543 1270 1575 stum
1292 1554 1302 1584 ;
1338 1542 1429 1586 quod
1449 1555 1616 1587 nunquam
1638 1547 1838 1580 consuevere
1861 1546 2061 1581 Nominales

1186 1603 1302 1627 vocare
1319 1603 1556 1627 connotatum.
1664 1624 1667 1629 .
1699 1626 1702 1629 Α

1235 1644 1291 1690 63.
1325 1646 1379 1676 His
1398 1642 1521 1684 positis,
1547 1643 1696 1678 moderni
1720 1645 1938 1680 Summulistae
1949 1647 2063 1690 praefa-

1185 1699 1252 1725 tam
1270 1693 1360 1726 vocis
1381 1693 1540 1727 abstractae
1573 1695 1768 1729 divifionem
1793 1696 1959 1739 explicant
1996 1697 2063 1730 hoc

1188 1740 1318 1776 modo:
1358 1753 1474 1778 vocem
1504 1744 1692 1779 abstractam
1726 1746 1825 1788 prima
1850 1745 2064 1780 abstractione

1187 1801 1306 1825 vocant
1321 1791 1433 1833 illam,
1459 1805 1530 1836 quae
1552 1793 1683 1838 quidem
1707 1796 1860 1829 abstracta
1874 1797 1938 1834 est,
1965 1806 2002 1830 ac
2014 1797 2056 1829 se-

1186 1850 1292 1884 parata
1314 1842 1333 1876 a
1369 1843 1609 1887 significatione
1629 1846 1885 1889 fignificatorum
1909 1844 2061 1882 secunda·

1187 1891 1308 1925 riorum
1323 1915 1336 1932 ,
1362 1894 1392 1926 se
1403 1896 1587 1927 tenentium
1608 1905 1649 1927 ex
1674 1905 1761 1936 parte
1785 1895 1956 1939 significati
1983 1896 2060 1930 recti

1187 1941 1276 1974 vocis
1287 1951 1448 1975 concretas
1458 1942 1516 1976 fibi
1528 1944 1833 1988 correspondentis3
1864 1955 1931 1998 qun
1945 1957 2058 1981 tamen

1185 1990 1202 2023 a
1215 1989 1455 2034 significatione
1475 2004 1588 2027 eorum
1605 2020 1615 2034 ,
1641 2005 1711 2039 quae
1732 1996 1762 2029 se
1788 1995 1902 2031 ten'ent
1912 2010 1954 2033 ex
1969 2007 2059 2042 parte

1185 2039 1360 2083 significati
1378 2041 1523 2081 formalis
1542 2070 1549 2076 .
1578 2044 1710 2079 Vocem
1732 2046 1868 2081 secunda
1882 2073 1894 2088 ‚
1920 2058 1958 2083 ac
1982 2048 2058 2084 ulti·

1185 2098 1237 2120 rna
1258 2088 1471 2123 abstraaione
1491 2091 1678 2127 abstrastom
1702 2106 1821 2131 vocant
1848 2097 1957 2139 illam,
1985 2110 2058 2142 quae

1183 2135 1224 2171 ab
1234 2139 1343 2171 omnis
1353 2139 1495 2173 omnino
1509 2142 1689 2176 secundarii
1715 2144 1887 2189 significati
1899 2149 2058 2192 fignifica-

1182 2189 1274 2221 tione
1294 2188 1338 2222 est
1364 2189 1541 2231 abstracta,
1569 2193 1740 2238 aedivis23
1769 2194 1855 2229 verb.
1867 2208 1913 2241 gr.
1927 2210 1993 2231 vox
2015 2199 2059 2231 al-

1181 2237 1254 2269 bedo
1277 2249 1342 2271 vox
1362 2240 1471 2281 primae
1489 2240 1709 2279 abstraffionis
1728 2244 1796 2279 est:
1822 2248 1897 2289 quia
1910 2247 1985 2282 licet
2001 2259 2058 2283 ne-

1181 2297 1245 2328 que
1258 2285 1446 2329 hominem,
1474 2300 1578 2332 neque
1594 2292 1703 2325 nivem
1718 2315 1728 2331 ,
1755 2303 1861 2337 neque
1872 2298 2028 2338 parietem
2041 2322 2054 2339 ,

1182 2346 1287 2379 neque
1300 2335 1404 2369 ullum
1415 2337 1579 2372 albedinis
1589 2339 1761 2384 subjestum
1773 2342 1932 2386 significet
1944 2370 1956 2386 ‚
1980 2359 2051 2387 quae

1181 2386 1255 2418 sunt
1266 2386 1446 2431 fignificata
1463 2388 1651 2424 secundaria
1664 2392 1756 2425 vocis
1767 2392 1868 2426 album
1889 2394 1925 2430 in
1940 2398 2026 2430 resto
2040 2409 2052 2440 ς

1178 2435 1336 2479 fignificat
1347 2447 1456 2472 tamen
1469 2437 1577 2474 adhuc
1588 2438 1673 2475 hauc
1684 2441 1718 2475 &
1732 2441 1825 2476 istam
1838 2443 2026 2479 albedinem
2039 2470 2052 2487 ,

1178 2486 1344 2526 colorem,
1371 2487 1583 2530 qualitatem,
1612 2491 1672 2525 &c-
1697 2491 1777 2536 Qae
1799 2495 1872 2528 sunt
1895 2494 2056 2539 fignifica-

1178 2546 1208 2569 ta
1221 2536 1408 2572 secundaria
1435 2539 1524 2573 vocis
1535 2540 1634 2573 album
1657 2542 1692 2575 in
1709 2541 1866 2587 obliquo.
1896 2546 1943 2579 At
1970 2545 2052 2583 vero.

1178 2597 1243 2620 vox
1268 2586 1450 2622 albedinitas
1491 2600 1555 2623 vox
1584 2591 1705 2624 ultimae
1730 2592 1952 2629 abstrarstionis
1977 2595 2022 2630 est
2038 2607 2056 2629 z-

1176 2636 1252 2679 quia
1277 2637 1404 2671 nullum
1425 2638 1569 2674 omnino
1588 2640 1808 2685 significatum
1823 2644 2051 2680 secundarium

1176 2686 1267 2720 vocis
1283 2687 1383 2720 album
1405 2688 1587 2732 fignificat;
1613 2691 1666 2724 sed
1694 2691 1906 2728 solummodo
1927 2695 2052 2729 albedi-

1176 2738 1311 2771 nitatem
1336 2737 1434 2780 pure,
1460 2750 1499 2774 ae
1522 2739 1608 2774 nude
1631 2742 1807 2776 secundum
1819 2745 1871 2778 se.
1898 2743 1947 2778 Ita
1961 2745 2048 2780 hanc

1173 2785 1361 2822 divisionem
1386 2789 1557 2823 novissime
1579 2790 1675 2824 nobis
1694 2792 1836 2836 explicat
1851 2792 2049 2829 Laurentius

1174 2836 1317 2880 Gyffene
1337 2843 1370 2870 in
1388 2836 1453 2881 suis
1472 2837 1579 2882 summ.
1604 2841 1693 2874 tracy.
1707 2854 1735 2879 2.
1752 2840 1867 2891 se8.7.
1890 2853 1982 2878 araz.
1999 2845 2044 2879 Et

1173 2888 1229 2921 alii
1243 2888 1460 2923 Lovanienses
1474 2890 1576 2932 ipsum
1589 2891 1699 2934 paffim
1714 2894 1893 2936 sequuntur
1907 2919 1915 2927 .

1223 2937 1277 2984 64.
1306 2936 1395 2980 Refp.
1417 2948 1520 2973 tamen
1544 2942 1579 2975 Θ·
1598 2942 1662 2974 dico
1680 2953 1708 2979 1.
1736 2942 1801 2977 haec
1812 2944 1924 2979 divisio
1937 2945 1980 2979 fic
1991 2955 2048 2979 ex-

1174 2988 1292 3031 plicata
1316 2987 1399 3022 nihil
1424 2989 1508 3024 valet
1531 3003 1543 3024 .·
1571 3003 1640 3026 non
1659 2993 1749 3027 enim
1774 2994 1912 3036 dantur,
1939 3006 2050 3038 neque

1172 3036 1239 3072 dari
1264 3039 1396 3082 possunt:
1420 3050 1516 3074 voces
1537 3040 1697 3076 abstractae
1718 3045 1779 3078 tali
1803 3045 1919 3079 ultima
1930 3044 2047 3079 abstra-

1172 3089 1296 3123 stione.
1324 3088 1486 3123 Probatur:
1515 3092 1591 3133 quia
1615 3104 1681 3126 vox
1704 3093 1859 3129 abstrasta
1886 3094 1948 3130 hac
1972 3094 2048 3131 ulti-

1174 3149 1225 3172 ma
1246 3138 1461 3173 abstractione
1484 3139 1529 3173 est
1551 3152 1613 3175 vox
1626 3142 1781 3179 abstracta
1796 3146 1925 3180 nullum
1937 3144 2044 3179 omni·

1174 3189 1219 3222 no
1233 3188 1353 3223 habens
1365 3189 1583 3233 significatum
1600 3193 1845 3229 secundarium:
1871 3196 1963 3240 atqui
1975 3194 2047 3230 nul·

1174 3238 1204 3271 la
1224 3237 1366 3272 omnino
1388 3238 1542 3274 abstracta
1565 3241 1633 3283 est,
1661 3255 1716 3278 aut
1737 3247 1799 3280 effe
1821 3246 1923 3290 potest
1936 3269 1949 3288 ‚
1973 3256 2045 3290 quae

1172 3290 1265 3322 omni
1288 3287 1433 3322 omnino·
1443 3290 1633 3327 secundario
1641 3294 1823 3338 fignificato
1836 3305 1942 3331 careat
1955 3309 1967 3330 .·
1979 3306 2046 3331 vox

1172 3338 1292 3382 quippe
1314 3337 1498 3373 albedinitas
1517 3350 1626 3376 revera
1653 3344 1726 3379 talis
1754 3357 1821 3380 non
1847 3346 1892 3380 est
1919 3371 1927 3379 .
1953 3346 2046 3390 Ergo

1171 3388 1261 3423 nulla
1283 3387 1378 3422 datur
1404 3400 1469 3423 vox
1479 3389 1633 3427 abstracta
1651 3392 1712 3428 hac
1726 3394 1840 3430 ultima
1864 3395 2045 3431 abstractio·

1172 3451 1228 3474 ne.
1254 3438 1401 3473 Probatur
1423 3444 1542 3476 minor:
1568 3444 1645 3487 quia
1666 3446 1777 3487 omnis
1801 3446 1942 3482 omnino
1955 3456 2046 3484 vox,

1930 3494 1995 3528 five
