2384 3770
707 107 928 168 qunN.
969 104 1068 151 Str
1104 97 1427 153 Voc.'A'1>i.
1465 106 1623 154 Suus.

249 190 426 229 Pnpetuum
446 194 555 224 vivent
566 213 573 221 .
600 189 829 233 Frigidiffimum
849 186 978 220 bominis
997 184 1036 227 cll
1047 197 1120 220 cere·

252 235 340 269 hrum
352 263 360 272 .
386 239 662 284 Observantifflmus
685 243 766 281 aequi
777 261 789 278 ,
809 239 866 271 &a
880 237 949 272 lssae
961 246 1056 270 voces
1069 235 1122 270 ad-

254 291 396 336 jestivae,
416 290 741 335 just1,fr1gr·d1ffimum
755 291 872 329 ‚aequi,
893 285 941 319 ibi
953 285 1121 320 substanti·

254 353 371 376 vantur
402 354 409 374 :
438 342 514 386 quia
535 341 593 375 sub
611 336 932 373 illissubaudiuntur
949 347 1045 373 voces
1059 337 1123 371 illae

254 393 460 427 substantivae
476 416 485 431 ,
513 390 631 435 quibus
652 387 808 424 deberent
835 386 952 428 adjici,
979 387 1042 420 sive
1055 387 1123 432 qui·

254 444 392 478 buscutn
405 442 560 477 deberent
572 437 714 474 construi
725 461 732 469 .
762 436 877 471 Sensus
888 437 977 471 enim
991 437 1121 472 istarum

255 495 446 534 orationum
456 491 500 525 est
512 489 566 524 hic
582 502 594 522 .-
618 487 692 532 justi
719 485 873 521 homiues
884 486 917 521 in
929 498 1121 537 perpetuum

256 546 371 578 vivent
380 567 388 575 .
415 538 631 585 Frigidiffima
644 548 712 580 pars
723 536 870 577 hominis
879 538 924 571 est
937 537 1103 572 cerebrum
1114 561 1121 570 .

255 591 560 630 Obsttvantiffimus
569 587 646 635 juris
659 611 670 628 ,
696 588 746 622 vel
760 587 898 626 aetionis
910 599 1005 632 aequae
1018 613 1025 620 .
1037 589 1120 628 Haec

254 652 362 679 autem
374 640 598 682 adjeaivarum
611 649 732 673 vocum
743 638 987 674 substantivatio
999 637 1034 671 fit
1044 638 1123 678 duo-

254 693 316 729 bus
337 691 506 736 praesertim
530 688 637 722 modis
658 713 666 721 .
696 690 820 729 Primo:
847 686 1122 734 subintelligendo

253 741 388 786 aliquod
412 751 534 775 nornen
558 739 797 774 substantivum
821 738 1037 782 particulare,
1059 749 1123 773 cer·

252 804 325 829 tum
339 818 350 833 ‚
378 803 415 827 ac
427 790 679 825 determinatum
694 814 701 822 .
731 789 786 826 Ut
803 799 878 830 cum
890 789 1032 823 dicimus
1046 801 1053 820 τ
1073 790 1123 830 ju-

243 844 332 886 ‘stim
354 849 532 884 perpetuum
557 844 681 880 vivent,
709 838 988 883 subintelligendo
1003 849 1123 872 nomen

253 892 439 937 specificum
462 890 697 931 substantivum
726 888 880 930 homines:
909 889 979 925 Aut
992 888 1125 923 cumdi-

253 946 378 978 cimus:
405 953 454 985 ego
472 940 698 984 perdidtomnes
711 949 786 971 meos
799 938 946 979 molares,
973 937 1125 973 subintel-

254 993 388 1037 ligendo
410 994 532 1027 demes.
561 990 614 1023 Sic
639 990 739 1024 etiam
752 989 909 1023 dicimus:
935 989 1034 1022 album
1051 993 1127 1033 ovi,

254 1043 354 1077 album
363 1048 503 1085 praeroris
516 1065 525 1080 ‚
552 1038 708 1081 depofitum
720 1063 730 1079 ,
757 1048 889 1072 mutuum
902 1063 913 1079 ‚
936 1043 1105 1081 precarium
1116 1063 1126 1078 ,

255 1095 314 1128 &a
326 1090 613 1136 Subintelligendo
632 1100 754 1134 nomen
765 1087 998 1134 substantivum
1011 1098 1126 1122 contra-

254 1143 318 1176 elus
331 1169 339 1176 .
366 1144 495 1181 Secundo
507 1136 520 1172 :v
530 1140 565 1176 fit
578 1140 644 1174 haec
660 1138 905 1174 substantivatio
919 1141 931 1181 (
945 1140 974 1174 ἃ
990 1138 1043 1172 hic
1058 1149 1125 1172 mo·

256 1197 317 1227 dus
332 1190 605 1235 frequentissimus
628 1191 672 1224 est
685 1196 698 1232 )
711 1188 990 1233 subintelligendo
1003 1199 1125 1223 nomen

258 1244 494 1276 substantivum
504 1239 654 1284 generale
664 1250 716 1272 ens
730 1240 781 1283 vel
794 1250 842 1272 res
852 1262 860 1270 .
890 1238 944 1274 Ut
956 1250 1034 1273 cum
1046 1238 1127 1272 dici-

256 1303 360 1326 mus:v
375 1290 456 1330 triste
476 1292 562 1331 lupus
575 1288 704 1329 stabulis
720 1313 727 1320 .
755 1291 852 1330 Turpe
868 1291 976 1330 jacens
998 1289 1103 1322 mulier
1118 1312 1129 1327 ,

255 1344 313 1376 Θι.
337 1342 445 1375 sensus
467 1341 559 1375 enim
581 1339 626 1373 est
641 1352 652 1371 :
679 1338 724 1373 est
748 1338 848 1375 tristis
869 1349 939 1387 res,
965 1338 1011 1374 est
1026 1338 1128 1382 turpis

255 1403 306 1426 res
317 1415 330 1432 ,
355 1402 411 1426 aut
424 1400 515 1434 turpe
527 1401 584 1423 ens
596 1413 603 1425 ,
930 1391 933 1393 “

310 1451 364 1486 24.
392 1440 522 1481 objiciet
546 1438 665 1476 1.banr
690 1439 822 1482 regulam
838 1443 1127 1481 grammaticorum:

259 1492 361 1525 mobile
369 1500 424 1532 pro
429 1490 492 1532 fixo
505 1514 516 1528 ,
542 1495 668 1522 tacitum
670 1487 699 1529 fi
699 1487 790 1531 subsit
804 1512 814 1527 ,
840 1487 966 1521 habetur
985 1500 992 1519 z
1018 1490 1097 1530 quod
1105 1487 1131 1529 fi

260 1553 318 1575 non
320 1539 343 1584 s
340 1539 411 1583 ubfir
422 1544 546 1577 tacitum
555 1563 566 1580 ,
586 1543 688 1572 neutri
694 1535 858 1581 generlsfie
869 1562 876 1570 .
888 1539 929 1571 1d
935 1537 973 1579 est
986 1550 993 1585 ,²
1019 1538 1054 1573 Si
1069 1536 1127 1581 αρ’-

261 1603 338 1626 men
362 1590 555 1637 adjectivum
579 1589 613 1622 in
633 1590 794 1628 contextu
818 1588 978 1621 orationis
990 1598 1129 1634 ponatur

261 1643 294 1676 se
308 1642 398 1681 solo,
424 1640 469 1673 ob
488 1639 694 1679 subauditum
707 1649 827 1671 nomen
841 1637 974 1680 aliquod
991 1637 1130 1671 substan-

264 1693 368 1725 tivum
391 1690 522 1726 sortitur
550 1699 654 1733 genus
676 1688 765 1721 istius
777 1687 990 1728 substantivi3
1018 1688 1040 1720 fi
1056 1686 1132 1721 vero

265 1751 407 1786 ponatur
418 1741 447 1779 se
460 1740 529 1776 solo
542 1764 552 1780 ‚
565 1738 656 1773 nullo
671 1737 873 1779 substantivo
885 1737 1111 1781 subintellecto
1121 1762 1130 1777 ,

262 1792 361 1826 debet
379 1789 459 1835 poni
483 1791 518 1825 in
543 1800 662 1833 genere
675 1797 810 1822 neutro.
838 1788 930 1832 Ergo
940 1787 1130 1831 adieetivum

265 1842 299 1875 in
313 1841 471 1877 orationis
483 1849 643 1874 contextu
655 1838 834 1882 aliquando
845 1839 978 1880 ponitur
991 1837 1131 1872 substan-

264 1893 355 1931 tive,
381 1890 707 1929 ac'substantivatum
735 1887 830 1929 nulio
854 1887 1054 1931 substantivo
1066 1887 1136 1921 sub⁵

263 1941 430 1975 intellecto
443 1952 450 1973 :
471 1949 551 1984 ergo
564 1938 756 1979 adiectivum
768 1936 991 1984 substantivari
1006 1948 1075 1970 non
1088 1938 1131 1970 est

264 1990 326 2023 sub
338 1989 397 2021 illo
410 1987 550 2031 intelligi
564 1984 865 2025 substantivum‚cui
878 1983 1007 2019 deberet
1018 1984 1114 2032 adjici
1126 1992 1141 2016 .'

266 2037 606 2081 RespDespauterium
619 2038 629 2073 (
642 2035 732 2077 cujus
741 2035 786 2069 est
798 2035 855 2071 ista
867 2034 1135 2078 regula)aliosque

267 2087 512 2122 Grammaticos
522 2095 726 2127 nequaquam
739 2084 821 2116 velle
832 2105 844 2122 ‚
869 2094 992 2116 nomen
1010 2083 1143 2129 adjeeti,

262 2149 341 2171 vum
354 2134 535 2180 aliquando
557 2134 635 2177 poni
653 2133 684 2167 in
698 2131 849 2176 oratione
862 2129 1132 2181 substantivatum

263 2187 360 2222 nullo
381 2184 583 2223 substantivo
603 2182 798 2217 subaudito.
825 2181 857 2219 Si
877 2182 966 2216 enim
994 2180 1059 2220 hoc
1071 2181 1131 2222 vel⁴

262 2239 356 2276 lent,
382 2235 441 2268 fibi
462 2232 721 2270 contradicentia
744 2231 882 2267 vellent.
912 2231 1042 2274 Volunt
1052 2241 1133 2275 ergo

265 2284 466 2327 subintelligi
491 2284 612 2326 semper
634 2281 766 2323 aliquod
790 2279 1028 2320 substantivum
1050 2292 1058 2311 :
1087 2279 1141 2330 asi¹

260 2335 458 2381 quandoque
472 2330 536 2365 hoc
550 2341 671 2369 nomen
695 2329 757 2371 esse
769 2328 903 2370 aliquod
916 2329 934 2361 s
942 2329 1110 2372 pecificum
1124 2333 1142 2369 ‚'

261 2399 300 2421 nc
313 2383 506 2429 particulare
520 2394 529 2424 ;
557 2380 756 2425 quandoque
769 2378 846 2412 vero
857 2378 919 2411 effe
930 2389 1051 2411 nornen
1065 2377 1134 2412 sub-

259 2437 437 2470 stantivum
451 2443 581 2476 vagum,
597 2441 635 2464 ac
646 2428 921 2474 generaliffimum
935 2438 999 2467 ens,
1018 2428 1067 2461 vel
1078 2438 1134 2460 res:

258 2486 307 2520 uti
319 2484 384 2527 jam
400 2483 481 2518 dixi.
495 2482 537 2515 Et
550 2481 591 2513 fic
603 2480 688 2512 clara
698 2478 743 2512 est
758 2478 885 2521 praefata
899 2478 1134 2521 regula.sensus

257 2536 346 2570 enim
371 2533 438 2575 eius
461 2531 506 2564 est
520 2530 594 2563 hic:
619 2530 641 2562 fi
656 2539 777 2561 nomen
799 2527 992 2562 adiefflvum
1017 2527 1050 2560 in
1063 2538 1134 2574 ora-

258 2588 352 2621 tione
365 2580 617 2618 substantivetur
630 2577 859 2626 subintelled'to
870 2577 982 2624 aliquo
994 2576 1131 2617 substan·

258 2637 332 2670 tivo
353 2633 505 2675 specifico
530 2641 568 2663 ac
580 2629 797 2664 determinato
811 2652 822 2667 ‚
847 2637 928 2666 tune
941 2626 1132 2669 adjectivum

262 2683 346 2719 illud
359 2682 436 2726 poni
450 2692 486 2714 ac
506 2678 651 2711 construi
663 2677 759 2712 debet
773 2679 806 2710 in
820 2687 937 2721 genere
954 2677 1048 2710 istius
1063 2676 1133 2711 sub-

260 2732 395 2768 stantivi
408 2727 650 2769 subintelleui;
679 2738 738 2770 v-g.
756 2725 821 2761 haec
831 2726 966 2771 nomina
978 2725 1134 2761 adieffiva

260 2782 382 2818 molaris
394 2805 404 2821 ,
431 2780 466 2815 &
486 2785 640 2816 continens
655 2801 665 2817 ,
694 2776 827 2820 quando
849 2776 883 2809 in
896 2777 1047 2813 oratione
1062 2777 1131 2811 sub-

260 2834 499 2871 stantivantur,
526 2829 666 2873 primum
691 2825 877 2872 ponidebet
890 2826 923 2859 in
939 2837 1054 2873 genere
1069 2838 1131 2865 ma-

260 2884 387 2919 sculino
401 2881 494 2924 :quia
506 2877 766 2922 subintelligitur
779 2875 1018 2910 substantivum
1030 2876 1131 2911 deter-

259 2936 424 2968 minatum
438 2932 511 2965 dens
524 2928 575 2963 vel
591 2929 672 2970 lapis
687 2951 695 2960 .
723 2926 886 2960 Posterius
899 2925 974 2959 vero
988 2925 1131 2972 construi

260 2984 358 3019 debet
371 2983 405 3016 in
418 2991 537 3026 genere
558 2977 753 3016 foeminino:
785 2976 861 3020 quia
873 2975 1133 3020 subintelligitur

261 3044 384 3069 nomen
406 3039 507 3064 terra.
536 3030 581 3062 At
605 3028 684 3063 vero
711 3025 940 3068 fiadjestivum
955 3025 1132 3067 substanti-

261 3094 354 3118 vetur
367 3094 434 3116 non
453 3078 682 3115 subintellecto
695 3077 805 3120 aliquo
821 3076 1021 3110 substantivo
1034 3076 1131 3110 deter-

262 3134 390 3168 minato
402 3143 412 3173 ·,
440 3131 492 3164 sed
506 3127 717 3165 solummodo
730 3126 953 3169 subintellecto
965 3125 1132 3163 substanti·

265 3195 307 3218 vo
320 3193 404 3226 vago
415 3206 426 3222 ‚
437 3192 475 3214 ac
484 3178 724 3225 generalissimo
739 3189 793 3213 ens
805 3176 853 3210 vel
865 3187 914 3217 res
927 3200 938 3217 ,
953 3185 1032 3210 tunc
1046 3176 1130 3219 adje-

263 3235 384 3269 stivum
406 3230 486 3264 illud
508 3230 653 3264 construi
678 3227 772 3262 debet
797 3227 830 3260 in
852 3237 970 3271 genere
988 3238 1104 3261 neutro
1120 3251 1128 3260 .

264 3286 356 3327 Ergo
385 3280 442 3314 sub
465 3279 624 3323 adjestivo
648 3277 880 3314 substantivam
894 3277 1012 3320 semper
1025 3276 1130 3324 subin—

266 3332 425 3377 telligitur
458 3339 577 3363 nomen
614 3328 749 3372 aliquod
779 3326 1010 3372 substantivum
1034 3340 1042 3360 :
1078 3327 1130 3376 sed

268 3381 447 3427 aliquando
472 3378 722 3413 determinatum
749 3403 759 3420 ,
784 3376 963 3421 aliquando
991 3387 1109 3422 vagum
1120 3401 1128 3414 .

318 3444 373 3479 25.
400 3431 529 3472 objicies
546 3428 692 3473 secundo:
718 3429 740 3463 fi
764 3429 861 3463 toties
874 3437 991 3463 nornen
1007 3427 1130 3471 adjefli-

1925 120 2011 158 161

1181 197 1258 222 vum
1269 185 1520 221 substantivetur
1529 211 1541 229 ,
1551 191 1678 229 quoties
1687 191 1736 228 illi
1748 192 1983 232 substantivum
1993 200 2049 237 ge·

1182 236 1290 275 ngrale
1306 246 1358 273 cns
1371 235 1421 271 vel
1436 247 1484 274 ,res
1496 259 1508 277 ,
1534 236 1805 286 subintelligitur:
1834 256 1914 291 ergo
1925 251 2049 276 nomen

1181 287 1376 330 adjeCiivum
1390 287 1489 321 toties
1502 286 1752 329 substantivatur
1762 317 1773 332 ,
1797 297 1926 338 quoties
1939 291 2051 337 praedi-

1182 348 1271 375 catur
1282 350 1292 378 ;
1318 339 1519 381 consequens
1531 336 1596 374 hoc
1606 338 1780 377 absurdum
1790 346 1834 377 est
1846 360 1857 379 .·
1876 357 1956 391 ergo
1968 347 2002 382 ὅ(
2013 345 2049 382 id

1184 387 1271 423 unde
1283 387 1426 433 sequitur
1439 412 1446 419 .
1473 390 1564 422 Patet
1574 394 1670 422 minor
1681 401 1693 427 .-
1703 391 1778 432 quia
1790 392 1965 431 secuudum
1978 408 2050 432 om-

1183 448 1239 474 nes
1262 436 1505 473 Grammaticos
1529 461 1540 478 ‚
1568 449 1607 472 ac
1627 442 1726 473 etiam
1745 439 1888 483 Logicos
1911 448 2047 482 nomina

1182 486 1336 530 adjectiva
1351 487 1562 530 praedicantur
1573 488 1645 532 sep&
1655 489 1969 535 adjective-:adeoque
1979 507 2050 531 nou

1183 538 1279 572 toties
1290 537 1566 573 substantivantur
1576 563 1588 580 ,
1600 541 1727 581 quoties
1739 540 1953 583 praedicantur
1964 567 1971 574 .
1986 548 2051 580 Ma.

1175 589 1228 630 jor
1254 590 1324 629 vero
1340 587 1499 631 probatur:
1527 590 1604 633 quia
1624 589 1759 635 quando
1787 601 1908 625 nomen
1926 592 2053 635 adjecti-

1183 649 1259 671 vum
1272 637 1481 681 praedimmr,
1509 640 1633 683 semper
1653 639 1704 679 illi
1717 640 1979 686 subintelligitur
1995 654 2053 677 no-

1184 699 1257 722 men
1267 699 1319 732 ens
1335 689 1385 726 vel
1396 701 1444 723 res
1468 699 1560 733 :ergo
1572 690 1593 723 fi
1608 702 1733 730 nomen
1744 691 1940 735 adjestiyum
1952 694 2052 728 toties

1184 737 1454 780 substantivatur,
1482 740 1612 782 quoties
1635 740 1683 775 illi
1704 733 1839 776 nomen’
1853 753 1906 778 ens
1928 743 2055 784 velm,

1186 788 1441 834 subintelligitur
1465 813 1474 829 ,
1500 790 1596 825 toties
1622 791 1871 827 substantivatur
1887 817 1898 834 ‚
1926 794 2056 837 quoties

1187 839 1387 881 praedicatur.
1418 838 1564 875 Probatur
1577 842 1774 875 antecedens:
1802 839 1896 878 inhis
1910 842 2058 885 praedica-

1186 889 1332 933 tionibus
1345 903 1355 923 .·
1383 888 1465 922 bomo
1474 889 1512 929 est
1522 890 1609 924 albus
1618 915 1628 933 ,
1643 891 1726 924 bomo
1738 892 1776 930 est
1789 894 1963 933 rationalis,
1975 893 2057 926 bomo

1187 938 1224 978 est
1235 937 1350 980 risibilis
1361 964 1371 979 ,
1386 941 1442 973 (σε,
1455 939 1633 978 Praedicata
1648 941 1706 978 issa
1719 942 1872 985 adjectiva
1885 942 2062 987 praedican-

1190 1000 1243 1023 tur
1259 986 1444 1030 adjective:
1472 991 1562 1032 atqui
1583 989 1925 1038 subillisintelligitur
1937 1004 2060 1027 nomen

1187 1049 1239 1072 ens
1254 1038 1303 1076 vel
1313 1049 1377 1071 res.
1405 1039 1544 1073 Faciunt
1568 1041 1657 1075 enim
1679 1041 1769 1076 hunc
1782 1043 1925 1086 sensum:
1957 1042 2062 1079 homo

1188 1089 1232 1123 est
1252 1099 1300 1123 res
1319 1087 1438 1126 habens
1459 1087 1664 1131 albedinem,
1692 1091 1796 1126 homo
1814 1092 1857 1126 est
1871 1104 1927 1127 ens
1939 1091 2063 1130 habens

1190 1138 1442 1183 rationalitatem
1452 1162 1464 1178 2
1491 1139 1553 1181 &o
1565 1139 1654 1186 Ergo
1677 1140 1733 1175 sub
1746 1141 1919 1184 praedicato
1931 1142 2063 1186 adjecti-

1190 1201 1232 1223 vo
1245 1213 1256 1229 ‚
1281 1190 1379 1222 etiam
1406 1189 1485 1223 dum
1512 1189 1670 1234 adjet‘tive
1696 1192 1910 1239 praedicatur‘²
1939 1191 2062 1236 semper

1191 1238 1443 1283 subintelligitur
1454 1249 1575 1273 nomen
1587 1251 1639 1275 ens
1650 1264 1661 1280 ,
1691 1242 1741 1280 vel
1751 1253 1798 1279 res
1810 1267 1817 1286 r
1898 1243 1901 1246 '
2007 1244 2011 1248 ’

1240 1288 1295 1325 26.
1324 1288 1412 1331 Resp.
1425 1291 1560 1333 negando
1565 1288 1626 1333 seq.
1642 1295 1713 1324 mai.
1724 1290 1978 1333 adprobationem
1992 1303 2062 1336 nego

1190 1332 1365 1382 aniecedens
1376 1351 1388 1372 a
1415 1341 1459 1373 ad
1467 1343 1548 1380 cujus
1555 1340 1762 1384 probationem
1773 1353 1841 1385 nego
1854 1349 1995 1376 minorem
2009 1342 2064 1381 ,δ’

1190 1391 1271 1422 arco:
1302 1390 1363 1429 effe
1374 1386 1468 1433 plane
1479 1391 1594 1424 falsum
1609 1415 1620 1431 ‚
1648 1391 1738 1434 quod
1749 1390 1796 1425 hae
1809 1392 2062 1438 propositiones:

1191 1439 1273 1472 bomo
1283 1438 1321 1479 cst
1333 1439 1418 1472 albus
1430 1464 1440 1479 ‚
1466 1439 1547 1473 bomo
1558 1440 1595 1481 est
1608 1441 1767 1474 rationalis
1779 1466 1790 1481 ‚
1818 1443 1952 1487 aliaeque
1974 1441 2068 1476 firni-

1192 1490 1236 1523 les
1247 1514 1258 1530 ,
1284 1490 1419 1530 reddant
1435 1488 1525 1530 hunc
1536 1492 1663 1527 sensum
1678 1503 1685 1522 :
1713 1490 1817 1539 homo
1828 1492 1873 1535 est
1885 1503 1943 1531 ens
1956 1492 2007 1526 vel
2019 1501 2068 1525 res

1193 1538 1315 1576 habens
1343 1537 1564 1581 albedinem,
1591 1540 1641 1586 yel
1662 1540 1920 1582 rationalitatem
1941 1565 1948 1574 .
1976 1541 2070 1584 ,Quod

1189 1582 1281 1632 'probo
1293 1600 1301 1622 :
1329 1588 1404 1632 quia
1415 1589 1436 1622 fl
1447 1587 1514 1622 haec
1527 1589 1706 1632 propositio
1717 1588 1799 1631 bomo
1810 1590 1847 1629 est
1859 1590 1946 1624 albus
1956 1589 1980 1631 ‚‘'
1995 1589 2066 1623 red·

1193 1639 1282 1679 deret
1293 1637 1381 1680 hunc
1392 1639 1542 1689 seusumj
1568 1637 1671 1674 homo
1683 1641 1727 1675 est
1741 1650 1800 1680 ens
1810 1635 1934 1681 habens
1944 1638 2067 1677 albedi-

1195 1698 1287 1729 nem;
1316 1689 1415 1722 etiam
1441 1686 1508 1721 baec
1529 1687 1732 1732 propofitio:
1758 1690 1878 1731 aliquod
1895 1702 1949 1724 ens
1969 1689 2010 1736 ιβ
2021 1689 2067 1730 ¹al-

1194 1737 1263 1772 bum
1274 1761 1286 1777 ,
1316 1737 1434 1771 faceret
1455 1736 1546 1772 hunc
1563 1739 1711 1776 sensum:
1739 1739 1940 1787 aliquotiens
1952 1740 1998 1774 est
2011 1749 2069 1775 ens

1193 1782 1320 1822 ‘habens
1341 1787 1545 1823 albedinem.
1574 1789 1658 1824 Item
1679 1788 1746 1824 haec
1759 1789 1958 1833 propositio,
1982 1788 2067 1825 homo

1196 1838 1232 1877 est
1243 1848 1294 1870 ens
1302 1862 1313 1879 ,
1340 1837 1458 1883 faceret
1473 1837 1563 1872 hunc
1576 1840 1702 1880 sensum
1715 1853 1726 1873 .·
1738 1839 1821 1872 homo
1833 1838 1871 1878 est
1882 1850 1937 1885 eas
1951 1838 2066 1874 babens

1196 1894 1348 1922 entitatem
1365 1911 1373 1920 .
1399 1886 1504 1932 Atqui
1522 1886 1555 1930 hi
1570 1889 1678 1923 sensus
1687 1888 1783 1931 plane
1794 1887 1922 1924 absurdi
1933 1913 1944 1931 ‚
1956 1888 1990 1926 ὅ(
2004 1899 2070 1923 nu·

1197 1937 1317 1980 gatorii
1338 1937 1432 1970 sunt:
1460 1946 1496 1970 ut
1516 1937 1621 1979 quivis
1646 1937 1889 1982 Grammaticua
1902 1938 2010 1974 statim
2022 1939 2070 1982 ju-

1198 1984 1319 2019 dicabit
1331 2012 1338 2018 .
1368 1985 1457 2028 Ergo
1473 1988 1572 2020 etiam
1590 1986 1763 2022 absurdum
1787 1988 1833 2023 est
1845 2014 1856 2035 ‚
1884 1987 2013 2027 undeid
2026 1990 2073 2024 se·

1199 2035 1307 2077 quitur
1318 2058 1326 2066 .
1355 2035 1504 2067 Probatur
1512 2033 1633 2078 sequela
1643 2040 1789 2081 majoris:
1816 2039 1892 2085 quia
1913 2040 1949 2073 in
1962 2038 2072 2083 praedi·

1172 2100 1174 2102 ’
1198 2082 1387 2116 nationibus
1403 2083 1630 2132 constantibus
1652 2086 1769 2121 eodem
1793 2089 1989 2134 praedicato,
2017 2099 2073 2124 eo-

1197 2130 1271 2179 dem
1284 2129 1384 2167 modo
1396 2143 1551 2176 accepto,
1575 2133 1659 2173 illud
1672 2134 1759 2177 idem
1773 2137 1981 2182 praedicatum
1993 2138 2073 2173 facit

1199 2181 1320 2225 ubique
1332 2182 1473 2217 eundem
1491 2183 1616 2217 sensum
1628 2207 1639 2225 ,
1650 2196 1687 2219 ac
1699 2186 1852 2231 supponit
1865 2198 1923 2230 pro
1932 2187 2048 2222 eodem
2063 2200 2072 2221 τ

1198 2231 1287 2273 atqui
1303 2230 1351 2264 hae
1373 2230 1445 2265 duae
1456 2230 1722 2273 praedicationes:
1749 2235 1832 2271 bomo
1851 2237 1889 2278 est
1901 2237 2005 2281 albus;
2035 2238 2070 2273 &

1198 2281 1319 2321 aliquod
1324 2291 1377 2312 ens
1387 2280 1424 2319 est
1436 2280 1535 2313 album
1546 2303 1557 2319 ‚
1578 2283 1732 2317 constant
1744 2286 1917 2327 praedicato
1932 2287 2064 2326 eodem,

1198 2330 1314 2363 eodem
1340 2329 1441 2362 modo
1463 2339 1615 2372 accepto:
1645 2333 1693 2366 uti
1715 2343 1819 2375 patet.
1856 2334 2071 2372 Praedicatum

1169 2397 1173 2404 ·
1197 2379 1286 2424 enim
1299 2379 1472 2422 utrobique
1484 2379 1639 2422 accipitur
1649 2382 1855 2418 difiunstive.
1883 2384 1974 2429 Ergo
1988 2386 2070 2420 illud

1198 2428 1404 2471 praedicatum
1419 2428 1592 2473 utrobique
1604 2432 1683 2465 facit
1694 2431 1834 2468 eundern
1846 2435 1981 2468 sensum:
1990 2446 2070 2480 ergo

1196 2480 1217 2523 si
1231 2479 1265 2515 in
1278 2479 1380 2520 prima
1392 2479 1621 2522 praedicatione
1633 2482 1729 2522 faciat
1741 2481 1830 2519 hunc
1838 2485 1966 2519 sensum
1981 2499 1991 2518 .·
2005 2484 2071 2520 ho-

1197 2539 1253 2563 mo
1267 2528 1310 2562 est
1322 2539 1379 2562 ens
1402 2527 1741 2576 habensalbediiiem5
1770 2535 1958 2571 infecunda
1972 2536 2069 2570 faciet

1197 2577 1284 2612 hunc
1296 2591 1307 2613 .·
1334 2578 1468 2626 aliquod
1482 2589 1539 2623 ens
1553 2579 1598 2614 est
1609 2591 1666 2614 ens
1678 2577 1800 2619 habens
1814 2583 1995 2619 albedinem
2008 2610 2016 2618 .
2061 2585 2063 2587 ’

1199 2625 1214 2629 “’
1247 2638 1301 2671 27.
1330 2627 1471 2662 Praefatae
1481 2626 1560 2673 ergo
1575 2629 1816 2671 praedicationes
1837 2635 1964 2670 faciunt
1978 2634 2068 2671 hune

1196 2678 1342 2713 sensum:
1367 2676 1469 2713 homo
1479 2679 1524 2712 est
1538 2678 1851 2720 habensalbedinem
1866 2707 1876 2723 ‚
1887 2685 1932 2719 est
1944 2684 2069 2721 habens

1197 2726 1449 2762 rationalitatem
1463 2725 1474 2760 ⁷:
1502 2740 1569 2763 non
1598 2730 1823 2766 subintellecto
1851 2733 1987 2768 nomine
2012 2745 2067 2769 ens

1195 2787 1252 2812 aut
1267 2789 1314 2811 res
1328 2802 1334 2808 .
1349 2780 1439 2821 ,Quod
1449 2777 1559 2818 ostendo
1573 2779 1624 2813 hoc
1636 2781 1735 2815 adbuc
1748 2781 1889 2826 dafiursu:
1906 2784 1981 2826 quia
1994 2795 2068 2828 praef

1195 2827 1300 2870 dicata
1310 2828 1462 2871 adjectiva
1486 2829 1578 2863 aliter
1590 2830 1775 2876 significant
1787 2857 1797 2873 ‚
1815 2831 1986 2876 'aliumque
1997 2834 2069 2867 sen·

1195 2878 1265 2911 sum
1276 2879 1401 2913 faciunt
1413 2903 1423 2919 ,
1450 2879 1530 2913 dum
1543 2876 1756 2926 praedicantur
1768 2882 1977 2922 substantive:
2003 2883 2067 2918 five

1195 2928 1274 2974 dum
1301 2926 1335 2973 in
1358 2927 1593 2971 praedicatione
1615 2930 1890 2977 substantivantur
1911 2957 1919 2966 .
1952 2930 2065 2977 'Atqui

1193 2978 1272 3019 dum
1284 2974 1495 3025 predicantur
1507 2979 1707 3016 substantive
1720 3006 1730 3022 ‚
1755 2983 1894 3017 eandem
1905 2982 2068 3027 fignifica-

1194 3028 1320 3062 tionem
1341 3027 1463 3063 habent
1479 3052 1490 3069 ,
1516 3029 1667 3075 idemque
1679 3032 1773 3074 plane
1788 3033 1969 3077 significant
1989 3057 2000 3073 ,
2026 3043 2066 3066 ac

1192 3078 1386 3122 significant,
1401 3078 1479 3112 dum
1492 3080 1704 3121 praedicantur
1715 3082 1888 3126 adjective;
1905 3083 1962 3116 nifi
1973 3082 2064 3124 quod

1192 3138 1262 3163 tum
1283 3128 1348 3163 illis
1370 3127 1577 3163 subaudiatur
1590 3141 1711 3178 nomen
1725 3125 1960 3167 substantivum
1975 3157 1985 3174 ,
2009 3144 2063 3167 ens

1193 3178 1243 3211 vel
1263 3189 1311 3212 res
1339 3203 1346 3210 .
1370 3179 1459 3221 Ergo
1482 3178 1566 3214 istud
1589 3191 1711 3227 nornen
1736 3181 1802 3224 illis
1824 3182 1986 3217 subaudiri
2009 3193 2065 3217 ne-

1191 3228 1263 3270 quit
1286 3252 1297 3268 ‚
1333 3226 1412 3261 dum
1450 3224 1662 3270 praedicantur
1687 3231 1845 3274 adjestive
1862 3228 1879 3265 ,⁷
1902 3234 2000 3271 Maior
2023 3231 2063 3273 est

1191 3279 1272 3310 clara
1298 3302 1309 3318 ‚
1345 3279 1389 3314 &J
1413 3279 1538 3314 evidens
1557 3293 1569 3314 .·
1603 3280 1637 3316 Si
1665 3283 1754 3316 enim
1782 3282 1956 3326 utrobique
1980 3287 2062 3317 ean*

1189 3327 1264 3361 dem
1291 3327 1562 3371 significationem
1584 3354 1596 3371 ‚
1632 3330 1834 3376 eundemque
1866 3333 1993 3366 sensum
2018 3332 2063 3366 fa-

1190 3387 1320 3415 cerent,
1346 3388 1445 3421 quare
1471 3378 1580 3422 potius
1606 3380 1674 3422 ibi,
1702 3393 1799 3425 quam
1823 3381 1879 3417 hic
1890 3381 2057 3417 substanti·

1192 3426 1230 3462 ve
1241 3427 1514 3472 praedicarentur?
1539 3433 1639 3466 Minor
1651 3442 1721 3467 vero
1725 3432 1872 3476 probatur
1885 3447 1896 3467 .·
1923 3431 1999 3476 quia
2008 3431 2051 3475 ‘³¹⁴³

1932 3482 2009 3517 hum,
