2384 3770
588 101 749 163 Qum
799 99 894 151 Str
943 99 1123 152 Paeo.
1175 100 1320 152 Nec.
1381 101 1544 167 Quin
1592 102 1772 148 Com.

270 185 615 235 qmteidentificatum
628 212 640 229 ,
667 199 708 223 eo
718 187 820 228 modo
834 199 902 237 quo
926 195 1032 226 totum
1057 183 1142 223 iden-

271 238 414 278 tificatur
425 239 487 273 suae
498 239 600 281 parti.
631 238 733 283 Atqui
743 236 808 276 hoc
828 237 1004 277 absurdum
1015 234 1060 269 est
1077 249 1088 269 .-
1098 247 1142 276 er2

1942 110 2039 154 269

1202 184 1260 220 test
1288 184 1456 225 essentiale
1480 186 1542 225 su&
1563 187 1664 231 parri.
1690 187 1793 236 Qod
1815 198 1927 224 verum
1945 187 1990 224 est
2003 197 2073 224 non

1202 233 1328 272 tantum
1343 235 1377 268 in
1388 234 1519 277 parte&
1528 246 1602 273 toto
1615 233 1752 280 physicis
1765 238 1890 272 realiter
1902 237 1919 275 a
1930 238 1993 274 sese
2005 247 2076 273 mu·

270 288 359 334 go&
371 286 404 321 id
416 313 427 334 ,
454 288 540 327 unde
557 289 716 332 sequitur:
743 286 823 331 ergo
834 298 909 321 cum
923 285 1140 330 significatum
1208 284 1267 318 tuo
1279 284 1462 327 distinffiu
1491 284 1545 322 sed
1557 285 1657 321 etiam
1671 287 1784 323 intoto
1794 289 1827 322 ὅ(
1840 298 1927 332 parte
1939 286 2076 333 Logicis

270 339 407 375 formale
419 337 581 387 praedicati
610 337 773 377 necessarii
785 335 1003 370 identificatur
1025 336 1082 369 suo
1096 337 1141 375 su-

271 386 379 429 biecto
393 413 403 429 ,
416 388 521 422 solum
556 385 754 430 inadaequate
788 385 982 420 identificari
1014 385 1111 420 debet
1133 410 1144 426 ,

270 453 343 479 non
365 449 532 490 ,tamquam
552 446 658 476 totum
680 434 785 486 parti,
809 435 862 477 sed
898 447 1053 488 tanquam
1073 446 1143 486 pars

271 500 334 531 ΝΠ
347 515 355 523 -
944 505 951 508 ·

322 551 380 588 25,
405 539 456 573 Ex
469 548 534 581 quo
545 547 632 579 patet
644 560 656 577 ,
682 536 761 580 quid
775 536 813 572 fit
831 538 939 572 sensus
951 535 1046 580 hujus
1057 534 1141 573 Axi·

271 591 389 626 ornatis
400 586 651 626 Summulistici:
678 592 761 625 Inter
775 588 832 621 duo
839 590 1007 629 praedicata
1019 587 1141 621 realiter

271 639 408 681 dfilnaa
440 644 575 674 neutrum
592 637 685 681 potest
707 638 759 680 effe
781 640 818 673 de
846 638 975 681 essentia
998 639 1137 671 alterius.

271 691 352 728 Hoc
361 687 491 721 axioma
510 682 782 725 facere&habere
794 688 897 734 potest
922 688 991 722 duo
1012 688 1118 722 sensus
1129 697 1139 734 ᾗ

271 748 376 774 unum
386 737 427 772 de
437 735 817 781 distinstioueadaequata
826 762 838 779 ,
866 738 967 777 alium
978 736 1019 771 de
1028 736 1139 771 distin-

269 789 379 827 aione
406 787 606 831 inadaequata
620 814 628 821 .
656 788 787 821 Primus
807 788 851 820 est
878 787 957 825 hic;
978 792 1062 825 Inter
1082 787 1140 823 duo

265 839 437 883 praedlcata
458 838 579 877 realiter
603 838 765 879 adaequate
798 836 934 876 distim‘la
957 860 968 876 ,
1002 844 1139 873 neutrum

265 887 358 934 potest
372 888 422 931 effi
443 888 590 931 effentiale
607 888 713 920 alteri.
746 890 792 920 Et
805 886 860 920 hic
871 886 916 923 est
937 886 1115 921 verissimus
1128 909 1138 925 ,

267 949 307 972 ac
315 937 402 977 solus
415 938 432 973 ὲ
444 937 649 980 politioribus
662 936 880 975 Summulistis
902 936 1046 972 intentus
1059 959 1066 968 .
1094 938 1139 969 Et

267 993 350 1023 ratio
368 987 405 1028 est
425 989 525 1022 clara:
549 987 640 1034 Qia
662 984 870 1030 praedicatum
898 986 1063 1021 essentiale
1086 985 1140 1019 de-

269 1037 323 1077 bet
336 1038 377 1072 de
389 1037 519 1072 formali
533 1037 714 1083 significare
733 1037 902 1075 entitatem
914 1036 962 1071 sui
985 1035 1138 1078 subjecit.

267 1087 322 1126 vel
334 1097 454 1128 totam,
485 1088 534 1126 vel
547 1097 667 1135 partem
680 1086 769 1130 ejus:
795 1086 980 1129 atquiinter
993 1086 1138 1130 praedica-

1203 333 1258 369 fibi
1272 334 1391 368 mutuo
1403 334 1531 371 realiter
1545 333 1771 373 identificatis.
1801 337 1889 382 Ergo
1900 339 1985 372 inter
1999 350 2075 383 prz-

1202 386 1311 424 dicata
1334 385 1402 425 dari
1412 391 1582 435 nunquam
1595 384 1700 435 potest
1710 386 1918 428 essentialitas
1937 398 2051 427 mutua
2062 412 2070 420 .

1441 536 1464 576 S
1490 534 1520 573 E
1546 535 1578 574 C
1603 534 1641 569 T
1666 534 1683 568 Ι
1706 536 1741 570 0
1792 535 1844 573 11.

1351 635 1492 684 Definitio
1515 636 1680 674 Praedicati
1697 639 1894 685 contingentia·
1906 659 1915 668 .

1201 735 1259 777 28.
1398 736 1608 770 Onforrniter
1625 747 1663 769 ac
1671 736 1911 779 consequenter
1924 733 2072 780 philoso-

1400 785 1569 828 phandum
1582 786 1627 823 est
1638 785 1678 822 de
1689 785 1862 829 praedicato
1873 787 2070 829 contingen·

1202 834 1227 872 ti
1239 859 1246 867 .
1276 835 1413 869 Definio
1438 835 1519 869 illud
1545 835 1609 870 hoe
1628 836 1730 872 modo
1745 849 1752 869 :
1779 835 1833 875 Est
1850 837 2049 877 praedicatum
2059 860 2072 877 ,

1201 887 1285 925 cujus
1291 885 1423 926 formale
1428 885 1623 930 fignificatum
1635 885 1671 926 est
1682 886 1801 920 realiter
1814 885 1983 925 distinam
1993 888 2013 917 ἃ
2020 884 2072 928 su-

1200 935 1293 975 bjec‘lo
1305 959 1313 967 .
1338 935 1380 971 V.
1395 946 1425 979 g.
1439 936 1553 969 omnia
1565 935 1632 970 haec
1644 936 1820 979 praedicata,
1845 935 1936 969 Albus
1950 960 1960 975 ,
1971 933 2072 978 Epis-

1199 993 1286 1025 copus
1296 1009 1305 1025 ,
1330 985 1485 1023 sacerdos,
1503 985 1687 1026 Christianus
1702 1010 1714 1028 ‚
1735 986 1833 1019 doc‘lus
1842 1009 1853 1024 ,
1868 997 1991 1019 carneus
2003 1010 2012 1025 ,
2026 987 2072 1027 os·

1182 1014 1186 1089 l
1202 1034 1272 1078 scus
1284 1058 1295 1074 ‚
1312 1036 1366 1069 &a
1386 1035 1523 1078 reipeeiu
1537 1034 1703 1081 hominisf,
1730 1036 1808 1070 item
1820 1060 1830 1076 ,
1848 1035 1934 1076 haec,
1960 1040 2069 1075 Homo,

1201 1086 1318 1120 animal
1328 1095 1452 1125 ,creans
1465 1109 1476 1125 ,
1488 1084 1653 1127 justificans
1667 1111 1678 1126 ,
1694 1090 1821 1129 puniens
1836 1109 1847 1127 ‚
1869 1087 1926 1119 &a
1950 1086 2071 1128 respec-

268 1147 302 1176 ta
321 1137 448 1171 realiter
460 1136 623 1182 adaequate
636 1137 782 1175 distiniia
796 1147 949 1174 neutrum
962 1136 1139 1181 significare
1183 1149 1185 1189 ff
1202 1144 1236 1169 tu
1252 1134 1316 1171 Dei
1331 1135 1405 1170 sunt
1425 1134 1594 1177 praedicata
1616 1134 1867 1179 contingentia.-
1894 1135 1983 1182 Qia
2007 1134 2072 1168 ha-

269 1187 374 1233 potest
386 1188 555 1225 entitatem
567 1189 723 1229 alterius;
752 1198 856 1232 neque
879 1197 997 1227 totam,
1034 1197 1139 1228 neque

268 1248 394 1285 partem
417 1237 485 1280 ejus
501 1251 508 1270 ε
534 1249 569 1276 ut
579 1237 787 1274 manifestum
802 1237 846 1270 est
860 1235 1055 1271 attendenti.
1084 1236 1137 1269 Er·

1183 1195 1185 1211 ²
1203 1184 1278 1222 bent
1291 1183 1426 1219 formale
1448 1185 1693 1229 significatum&
1705 1186 1841 1227 subjecero
1861 1186 1986 1218 realiter
2010 1183 2072 1218 dis-

1182 1214 1186 1266 l
1201 1236 1337 1269 tinctum
1350 1245 1360 1277 ς
1373 1244 1409 1268 ut
1423 1235 1648 1272 attendenti&
1661 1235 1862 1271 examinanti
1872 1233 1965 1267 facile
1988 1243 2072 1277 pate·

268 1297 315 1331 go
326 1287 410 1325 inter
425 1287 493 1321 duo
506 1288 671 1330 praedicata
695 1287 821 1321 realiter
845 1285 1008 1330 adaequate
1029 1284 1139 1319 distin·
1182 1267 1186 1324 l
1202 1285 1250 1319 bit
1262 1310 1270 1317 .
1296 1284 1485 1329 significata
1499 1286 1620 1333 quippe
1632 1285 1780 1321 formalia
1802 1284 2046 1327 praedicatorum
2059 1306 2072 1323 ,

268 1338 314 1375 §ia
329 1358 340 1380 2
368 1346 518 1374 neutrum
533 1337 636 1382 potest
649 1338 710 1371 effe
720 1336 761 1370 de
772 1336 903 1371 essentia
917 1336 1064 1371 alterius.
1079 1338 1140 1370 Mi·
1182 1339 1185 1376 i
1205 1335 1292 1368 Albus
1305 1359 1316 1375 ,
1327 1332 1493 1377 Episcopus
1510 1338 1671 1375 ‚Sacerdos
1685 1359 1695 1374 ,
1707 1334 1905 1375 Christianus,
1920 1335 1980 1367 &a
1995 1334 2070 1367 sunt
2086 1339 2089 1342 ’

267 1398 322 1423 nor
334 1410 344 1425 ‚
375 1387 424 1419 uti
441 1386 512 1420 dixi
526 1383 538 1427 ‚'
558 1388 639 1423 clara
660 1386 697 1427 est
714 1388 901 1421 attendenti.
924 1388 1018 1422 clara
1030 1395 1141 1428 quoque
1182 1377 1186 1438 Ι
1202 1384 1319 1419 albedo
1333 1410 1342 1425 ‚
1364 1384 1523 1422 character
1541 1386 1760 1429 Episcopalis,
1782 1384 1943 1422 charaaer
1964 1383 2072 1418 Sacer-

267 1437 305 1476 ιβ
318 1437 414 1477 major
427 1449 438 1469 .·
466 1437 554 1483 Qia
577 1436 781 1481 praedicatum
808 1435 973 1472 essentiale
994 1435 1089 1470 debet
1100 1434 1140 1469 de
1182 1439 1186 1468 l
1206 1435 1348 1475 dotalis,
1370 1434 1532 1469 charaster
1554 1435 1783 1479 Baptismalis,
1802 1435 1864 1468 &c.
1878 1434 1918 1468 ab
1934 1433 2074 1467 homine

268 1486 397 1525 formali
411 1487 590 1529 significare
602 1487 768 1520 essentiam
783 1485 934 1533 subjesti5
961 1485 1009 1519 vel
1023 1494 1139 1523 totam,

267 1536 319 1569 vel
332 1545 454 1582 parrem
467 1535 532 1580 ejus
542 1549 554 1570 .·
583 1546 619 1569 ut
631 1543 748 1569 notum
761 1533 806 1568 est
822 1547 863 1569 ex
875 1534 1042 1570 terminis.
1075 1535 1138 1568 At-

266 1585 325 1630 qui
338 1586 468 1622 essentia
481 1585 525 1619 rei
540 1585 625 1619 idem
637 1584 683 1618 est
699 1609 711 1625 ,
735 1583 824 1625 quod
834 1584 1004 1623 entitasrei
1021 1594 1075 1617 :ut
1088 1596 1136 1627 pa·

266 1636 339 1670 ucis
350 1635 419 1671 dixi
433 1635 501 1668 dub.
520 1636 639 1680 1.Erg0
650 1634 858 1678 praedicatum
869 1633 1035 1667 essentiale
1045 1633 1138 1668 debet

265 1685 309 1719 de
319 1685 449 1723 formali
461 1685 639 1729 significare
651 1685 823 1724 entitatem
836 1683 965 1734 subjesti
989 1706 1001 1729 ,
1029 1684 1080 1721 vel
1092 1694 1138 1723 to-

265 1747 335 1776 tam
345 1760 355 1775 ‚
384 1734 432 1768 vel
447 1746 566 1778 partem
579 1735 649 1778 ejus
661 1759 669 1772 ,

316 1784 372 1822 26-
400 1785 492 1818 Alter
502 1786 675 1821 axiomatis
702 1785 812 1819 sensus
826 1783 870 1816 est
883 1781 960 1817 hic:
987 1787 1070 1816 Inter
1083 1784 1142 1815 duo

1182 1473 1186 1510 l
1202 1486 1328 1523 realiter
1340 1486 1595 1528 separabilia‚ac
1608 1486 1777 1521 distinCia.
1805 1488 1899 1520 Ratio
1921 1483 2009 1524 hujus
2019 1483 2072 1524 est.-

1183 1549 1185 1553 ·
1203 1536 1292 1581 Qia
1308 1534 1511 1579 praedicatum
1523 1537 1721 1579 contingens
1732 1535 1777 1570 est
1802 1534 1905 1572 illud,
1930 1533 2021 1575 cujus
2039 1532 2075 1564 fi-

1183 1585 1185 1589 ’
1203 1585 1398 1628 gnificatum
1413 1583 1549 1620 formale
1560 1583 1604 1616 est
1617 1583 1742 1620 realiter
1754 1582 1924 1624 separabile
1935 1594 1953 1615 a
1967 1581 2076 1623 subje*

1183 1662 1185 1665 .
1203 1637 1275 1668 sto:
1300 1634 1391 1677 atqui
1406 1632 1623 1677 ,significatum
1635 1631 1775 1667 formale
1788 1631 1961 1674 asubjecto
1987 1630 2077 1665 reali-

1202 1695 1250 1717 ter
1263 1683 1438 1726 separabile
1452 1683 1538 1715 idem
1549 1683 1593 1716 est
1607 1707 1616 1722 ,
1629 1683 1718 1725 quod
1730 1680 1944 1726 significatum
1959 1681 2077 1714 forma-

1203 1733 1233 1766 le
1243 1733 1417 1775 agsubjecto
1429 1732 1772 1766 realiterdistinstum:
1800 1730 1892 1765 ficuti
1905 1730 1995 1766 enim
2007 1741 2076 1764 om·

1183 1783 1186 1813 ἑ
1203 1783 1256 1819 nia
1269 1783 1395 1820 realiter
1406 1781 1630 1825 inseparabilia
1643 1784 1717 1817 sunt
1737 1781 1860 1815 realiter
1873 1779 2074 1821 indistincta,

262 1836 431 1883 praedicata
452 1836 569 1871 realiter
583 1836 779 1877 madet-quate*
792 1833 930 1874 distinr‘la
943 1843 1082 1867 neutrum
1090 1841 1139 1874 po·
1183 1827 1186 1881 ί
1202 1833 1357 1871 &omnia
1368 1833 1495 1869 realiter
1507 1832 1692 1869 indistincta
1715 1834 1788 1867 sunt
1803 1830 1930 1864 realiter
1953 1830 2078 1873 insepa-

265 1884 315 1924 test
335 1885 384 1927 effe
406 1885 563 1927 effentialeg
575 1886 682 1919 alteri.
710 1885 752 1918 Et
766 1884 820 1920 hic
834 1885 941 1918 sensus
955 1883 999 1918 est
1010 1882 1140 1926 illegiti-
1183 1882 1186 1913 l
1202 1883 1315 1918 rabilia
1329 1896 1339 1925 ;
1367 1883 1412 1920 ita
1436 1893 1568 1925 quoque
1597 1883 1711 1918 omnia
1738 1881 1862 1916 realiter
1886 1879 2075 1922 separabilia

266 1945 342 1968 mus
352 1958 363 1973 ,
386 1934 483 1971 falsus
495 1958 506 1972 ‚
532 1945 569 1967 ac
581 1935 598 1969 a
611 1934 709 1970 bouis
719 1932 941 1969 Summulistis
952 1932 1139 1968 nullatenus
1201 1933 1275 1967 sunt
1289 1929 1586 1972 realiterdistineh‚
1616 1931 1795 1974 omniaque
1815 1930 1941 1964 realiter
1952 1929 2077 1964 >distin-

266 1984 431 2018 intentus,
454 1981 565 2029 Qam
575 1982 796 2025 optimeenim
809 1982 874 2015 fieri
889 1980 1015 2024 potest,
1042 1981 1137 2015 utin·
1200 1982 1249 2018 &a
1271 1982 1343 2015 sunt
1369 1980 1495 2017 realiter
1519 1981 1725 2024 separabilia:
1756 1981 1845 2025 Ergo
1862 1979 2074 2025 praedicatum

266 2043 316 2068 ter
326 2033 394 2066 duo
407 2034 571 2076 praedicata
599 2032 725 2069 realiter
745 2030 965 2076 inadaequate,
988 2032 1065 2066 ficut
1089 2040 1133 2063 to·
1200 2031 1399 2074 contingens
1413 2030 1493 2065 reste
1506 2031 1662 2065 definitur
1672 2032 1733 2068 effe
1748 2031 1830 2065 illud
1841 2055 1852 2069 ‚
1873 2030 1960 2073 quod
1976 2028 2077 2064 habet

265 2093 337 2117 tum
350 2082 382 2115 &
393 2094 482 2125 pars,
509 2082 589 2119 ficut
602 2081 761 2119 inclusum
776 2093 813 2115 ac
823 2080 994 2117 includens
1006 2104 1016 2119 ‚
1026 2080 1138 2115 distin*
1181 2093 1185 2115 i
1202 2079 1339 2117 formale
1348 2080 1567 2122 fignificatum
1580 2080 1597 2112 ὲ
1610 2082 1666 2115 suo
1676 2080 1820 2122 subjecto
1829 2078 2077 2123 realiterdistin-

263 2134 314 2166 &a
328 2155 339 2174 ,
366 2141 467 2167 unum
481 2131 517 2164 fit
529 2131 622 2163 alteri
634 2130 798 2166 eflentiale
810 2152 817 2164 ,
849 2129 977 2164 Totum
1000 2127 1135 2172 quidem
1201 2130 1287 2163 (ium
1303 2150 1310 2158 .
1340 2127 1428 2162 Proh.
1444 2129 1516 2167 maj.
1538 2128 1646 2173 Quia,
1673 2140 1708 2161 ut
1722 2128 1820 2164 habet
1834 2130 1985 2162 definitio
1998 2129 2077 2162 Por-

261 2192 332 2217 non
347 2179 450 2223 potest
461 2178 698 2218 effeeffentiale
720 2179 780 2215 suat
807 2177 910 2222 patti3
935 2188 1003 2220 pars
1026 2187 1135 2210 tamen
1200 2176 1309 2223 phyrii
1325 2200 1335 2216 ,
1351 2175 1568 2219 omniumque
1581 2175 1865 2221 Porphyristarum
1889 2202 1900 2218 ‚
1922 2178 2079 2212 Praedica-

263 2243 334 2265 non
348 2230 454 2268 solum
484 2228 607 2274 potest,
638 2227 691 2259 sed
709 2228 743 2262 ἀ
763 2228 857 2263 debet
882 2228 945 2259 esse
962 2226 1137 2260 essentialis
1182 2259 1184 2266 ,
1203 2237 1273 2261 tum
1285 2226 1483 2268 contingens
1495 2225 1540 2257 est
1556 2226 1638 2260 illud
1650 2251 1661 2265 ,
1672 2229 1760 2270 quod
1773 2228 1860 2262 adest
1875 2238 1971 2271 atque
1988 2227 2076 2262 abest

266 2282 328 2314 suo
347 2279 410 2311 toti
437 2301 449 2317 ‚
475 2287 511 2315 ut
534 2277 599 2319 jam
621 2275 748 2309 ostendi
769 2298 776 2305 ·
805 2278 849 2311 Et
872 2280 951 2309 ratio
971 2273 1009 2316 est
1032 2276 1134 2306 clara:
1181 2274 1265 2337 ifine
1278 2274 1405 2314 subjeffi
1419 2273 1632 2319 corruptione
1646 2275 1764 2314 -sdestz
1784 2277 1838 2309 Est
1853 2278 2076 2319 praedicatum,

267 2329 357 2376 Quia
368 2337 469 2366 omne
481 2327 684 2363 constituens
697 2324 741 2357 est
756 2324 921 2357 essentiale
944 2324 1002 2356 suo
1022 2323 1134 2358 consti-

266 2389 341 2414 tuto
355 2389 362 2408 :
376 2377 578 2414 constituens
588 2374 674 2407 enim
688 2373 721 2412 ὅ(
734 2373 901 2412 essentiale
911 2396 921 2412 ,
942 2372 1046 2409 forma
1058 2383 1132 2410 eon-

266 2429 402 2462 stituens
413 2428 446 2466 ὅ(
457 2426 559 2459 forma
573 2423 748 2458 essentialis
760 2448 771 2465 ,
789 2423 871 2456 idem
892 2422 985 2465 plane
996 2423 1069 2456 sunt
1082 2434 1088 2453 ι
1102 2431 1136 2455 ut

266 2476 363 2516 facile
381 2477 514 2521 planum
529 2477 584 2512 fiet
597 2474 799 2508 attendenti.
830 2473 930 2515 Atqui
945 2472 1054 2506 omnis
1066 2483 1137 2515 pars

264 2529 309 2561 est
323 2525 523 2563 constituens
536 2526 768 2562 suumtotum:
791 2533 870 2573 ergo
893 2521 938 2560 est.
961 2522 1137 2560 essentialis

265 2579 324 2618 suo
337 2576 398 2612 toti
412 2601 420 2608 .

312 2637 369 2668 27.
397 2625 448 2659 Ex
461 2636 528 2667 quo
540 2625 638 2662 etiam
652 2623 767 2659 resolvi
780 2622 882 2665 potest
895 2647 906 2662 ,
931 2633 968 2656 ac
979 2622 1133 2665 explicari

265 2675 354 2709 aliud
376 2674 543 2718 quoddam
574 2674 719 2706 Axioma
740 2672 1017 2708 Summulisticum
1034 2673 1111 2708 scitu
1127 2695 1137 2711 ,

264 2736 303 2758 ac
324 2724 488 2767 explicatu
511 2724 671 2768 dignum:
702 2725 782 2757 Inter
796 2724 967 2762 praedicam
988 2724 1059 2755 dari
1089 2733 1132 2757 ne·

261 2779 327 2817 quit
353 2775 545 2818 effemialitas
567 2781 672 2805 mutua
701 2796 709 2804 .
746 2771 783 2807 ld
804 2772 847 2804 est
861 2784 871 2805 :
899 2772 978 2805 Non
1005 2775 1133 2814 possunt

260 2824 331 2862 dari
353 2826 420 2859 duo
434 2823 601 2868 pra-,dicata
614 2846 626 2870 ².
645 2832 716 2867 (με
727 2822 786 2855 fint
801 2821 858 2854 fibi
875 2819 994 2857 mutuo
1007 2822 1132 2859 essenti·

258 2875 326 2913 alia
337 2899 344 2907 .
370 2875 487 2921 Qaere
497 2873 586 2909 enim
601 2872 725 2916 ubique
738 2897 748 2912 ,
770 2872 804 2905 in
821 2871 899 2906 caelo
910 2896 919 2911 ,
937 2871 970 2904 in
984 2881 1064 2906 terra
1076 2896 1086 2911 ,
1099 2871 1133 2909 iu

260 2925 377 2959 creatis
388 2948 399 2965 ,
427 2926 460 2958 in
475 2923 624 2959 increatis
640 2946 652 2963 ,
675 2932 766 2957 extra
781 2921 830 2956 vel
843 2922 927 2955 intra
942 2921 1134 2963 mysterium

260 2974 438 3013 Trinitatis
451 2999 462 3015 ‚
490 2975 649 3018 nusquam
661 2972 728 3005 duo
744 2971 820 3007 talia
832 2970 1002 3005 inveniens
1019 2995 1025 3002 .
1045 2974 1135 3007 Ratio

261 3024 351 3064 bajus
371 3024 432 3065 est.-
457 3025 545 3072 Qia
570 3022 778 3067 praedicatum
808 3022 973 3057 essentiale
996 3021 1135 3064 respectu

262 3073 352 3109 istius
363 3074 517 3118 subjec‘ki',
528 3073 616 3117 cujus
628 3072 791 3107 essentiale
802 3072 845 3105 est
858 3096 870 3112 ,
893 3072 1012 3113 semper
1035 3072 1066 3106 se
1080 3068 1134 3105 ha-

263 3123 318 3161 bet
340 3135 506 3168 tamquam
518 3135 588 3172 pars
597 3123 636 3157 ad
651 3123 742 3156 suum
755 3131 863 3156 totum
878 3135 889 3158 ,τ
915 3119 1011 3158 habet
1024 3122 1074 3162 se,
1087 3122 1132 3158 in-

262 3183 360 3216 quam
375 3196 386 3213 ,
409 3174 449 3211 ad,
472 3176 566 3212 suum
592 3174 767 3216 subjectum
781 3184 847 3205 non
863 3171 995 3217 quidem
1008 3181 1043 3205 ut
1064 3182 1135 3215 pars

263 3222 397 3267 physica
408 3249 418 3263 ‚
449 3225 498 3258 vel
522 3223 738 3268 metaphysica
752 3223 804 3256 seu
818 3222 924 3267 logica
940 3245 947 3253 .
976 3221 1133 3258 Discurre

261 3273 349 3311 enim
362 3285 415 3317 per
426 3274 562 3313 omnia,
583 3276 616 3313 ὅ(
631 3275 751 3317 semper
774 3273 819 3306 ita
846 3272 1000 3315 reperies.
1027 3272 1131 3315 Atqui

263 3324 348 3359 inter
361 3333 469 3358 totum
481 3325 515 3358 &
532 3334 651 3367 partem
666 3334 831 3366 nunquam
844 3324 905 3356 effe
918 3321 1019 3365 potest
1033 3324 1128 3359 essen..

263 3373 385 3410 tialitas
398 3384 529 3410 mutuat.
556 3383 590 3407 ut
601 3374 666 3416 jam
677 3375 764 3409 dixi.
788 3373 882 3408 Licet
893 3372 983 3406 enim
1007 3382 1076 3415 pars
1097 3373 1132 3408 fit

265 3423 441 3464 essentialis
453 3425 536 3471 toti·²
564 3435 732 3472 nunquam
754 3434 862 3459 tamen
876 3433 985 3461 toturn
996 3420 1058 3458 effe
1077 3433 1136 3470 po-

1199 2324 1289 2365 cujus
1310 2323 1447 2361 formale
1479 2323 1698 2366 fignificatum
1722 2325 1826 2369 potest
1847 2325 1900 2358 vel
1933 2325 2075 2368 subjesto

1199 2374 1326 2414 adesse,
1351 2373 1402 2407 vel
1416 2372 1555 2415 subjecto
1580 2373 1704 2410 abeffe2
1732 2373 1835 2418 Atqui
1857 2374 2074 2419 significatum

1200 2434 1315 2466 potens
1325 2422 1432 2459 adesse
1450 2446 1462 2466 ‚
1479 2423 1512 2459 &
1534 2423 1664 2464 abesse,
1689 2423 1734 2458 est
1749 2424 1965 2468 fignificatum
1988 2428 2074 2468 sepa-

1200 2474 1300 2507 rabile
1315 2496 1326 2515 2
1337 2475 1369 2510 δε
1383 2484 1498 2516 potens
1515 2473 1645 2516 separari
1661 2486 1669 2506 ε
1684 2485 1762 2518 ergo
1776 2474 1978 2517 praedicatum
1993 2486 2073 2508 con-

1198 2524 1329 2568 tingens
1349 2523 1393 2558 est
1413 2523 1493 2556 illud
1510 2546 1520 2561 ‚
1545 2523 1632 2566 quod
1645 2521 1744 2557 habet
1755 2524 1892 2559 formale
1913 2524 2072 2569 fignifica-

1197 2584 1266 2612 tum
1281 2574 1406 2611 realiter
1417 2573 1615 2618 separabilea
1630 2573 1688 2607 suo
1700 2574 1843 2619 subjecto
1856 2598 1864 2607 .

1250 2633 1306 2670 29.
1335 2623 1445 2659 Debet
1465 2621 1544 2667 ergo
1566 2622 1772 2666 praedicatum
1796 2625 2001 2669 contingens·
2018 2623 2073 2659 ha·

1198 2672 1271 2708 bere
1294 2673 1431 2707 formale
1451 2671 1667 2717 significatum
1687 2675 1705 2710 ὲ,
1728 2675 1787 2710 suo
1810 2673 1952 2716 subjecto
1980 2675 2072 2708 reali-

1198 2735 1244 2756 ter
1265 2718 1610 2760 distineium.'Debet
1635 2747 1646 2762 ‚
1672 2724 1806 2766 inquam
1829 2747 1840 2763 ,
1863 2722 1984 2757 habere
2007 2726 2070 2756 for-

1198 2773 1281 2806 male
1309 2772 1524 2817 significatum
1546 2773 1673 2808 realiter
1685 2773 1891 2814 diffinitum,
1917 2784 1984 2807 non
1998 2774 2072 2815 qui-

1197 2824 1272 2858 dem
1297 2825 1419 2869 semper
1443 2821 1569 2859 realiter
1592 2823 1776 2866 adaequate,
1795 2824 1847 2860 sed
1871 2823 1920 2857 vel
1939 2822 2070 2857 realiter

1202 2871 1364 2917 adaequate
1374 2898 1385 2914 ,
1399 2872 1448 2906 vel
1460 2872 1588 2908 realiter
1600 2873 1801 2917 inadaequate
1811 2898 1821 2917 ,
1833 2885 1875 2908 eo
1888 2873 1990 2907 modo
2001 2883 2070 2915 quo

1203 2923 1362 2968 distingui
1380 2923 1460 2959 solet
1472 2931 1578 2956 totum
1595 2922 1679 2960 asna
1693 2935 1797 2969 parte.
1827 2924 1958 2960 Totum
1979 2924 2072 2957 enim

1199 2974 1257 3007 suae
1270 2973 1349 3016 parti
1374 2972 1489 3016 partim
1515 2972 1640 3007 realiter
1661 2973 1929 3014 identificantur,
1952 2973 2071 3016 partim

1198 3022 1238 3057 ab
1256 3023 1308 3058 illa
1330 3024 1457 3059 realiter
1481 3022 1692 3067 distinguitur
1715 3037 1726 3057 .·
1746 3022 1956 3070 distinguitur
1978 3045 1989 3062 ‚
2021 3023 2072 3056 in-

1200 3084 1311 3115 quam,
1325 3073 1366 3107 ab
1382 3074 1435 3108 illa
1449 3072 1574 3108 realiter
1586 3073 1785 3118 inadaequate
1795 3098 1803 3109 .
1843 3074 1947 3117 Atqui
1960 3082 2069 3109 totum

1197 3124 1237 3157 de
1250 3125 1300 3157 sua
1311 3134 1398 3167 parte
1422 3121 1611 3165 praedicatur
1631 3125 1883 3171 contingenter;
1904 3124 2014 3167 estque
2030 3123 2070 3157 il·

1200 3175 1261 3208 lius
1284 3174 1489 3216 praedicatum
1511 3174 1722 3217 contingens:
1756 3186 1835 3219 ergo
1862 3174 2067 3217 praedicatum

1200 3225 1397 3268 contingens
1416 3232 1483 3254 non
1506 3222 1630 3257 debera
1643 3224 1701 3261 suo
1714 3223 1856 3267 subicito
1868 3225 1989 3268 semper
2001 3225 2068 3258 esse

1200 3274 1326 3309 realiter
1348 3271 1734 3315 adaequatedistinstum5
1758 3274 1810 3311 sed
1820 3275 1960 3315 sufficit,
1986 3274 2006 3307 fi
2020 3274 2067 3307 di-

1201 3324 1382 3366 stinguatur
1401 3322 1527 3357 realiter
1556 3323 1780 3365 inadaequate,
1815 3323 1985 3367 quomodo
2007 3323 2069 3358 dis-

1204 3373 1312 3420 tingui
1336 3371 1413 3405 solet
1436 3381 1543 3406 totum
1556 3373 1573 3405 a
1592 3374 1647 3407 sua
1669 3382 1775 3417 parte.
1802 3377 1843 3409 Ac
1861 3376 2068 3416 ratioaipriori

1203 3423 1262 3468 est:
1285 3422 1374 3473 Quia
1397 3420 1436 3457 ad
1459 3421 1666 3469 praedicatum
1689 3425 1888 3472 contingens
1906 3421 2070 3507 satfiishesh

2000 3482 2029 3508 ἢ.
