2384 3770
780 137 863 182 DE
901 136 1036 180 AMP-
1074 131 1274 191 EJusQ
1310 133 1467 177 stne.

267 220 340 263 tiis,
365 231 463 263 quam
474 219 583 265 exigat
600 219 787 264 principalis
799 221 916 263 copula
932 216 1125 261 propositio-

265 271 338 305 nis.-
357 271 504 315 adeoque
517 268 689 314 ampliatio
698 280 882 313 temporum
900 269 1010 300 locum
1033 264 1128 299 habet

265 319 301 354 in
311 321 386 355 solis
411 321 616 356 orationibus
628 321 745 363 copula
756 317 994 353 constantibus.
1024 316 1128 358 Atqui

259 369 340 404 solz
361 372 609 406 enunciationes
635 372 708 404 sunt
736 368 899 403 orationes
911 367 1028 410 copula
1052 377 1129 399 con-

263 419 383 455 stantes
397 435 407 455 .·
422 433 500 467 ergo
511 421 678 465 ampliatio
689 429 873 460 temporum
888 416 1004 451 habere
1026 417 1128 460 potest

266 469 376 505 locum
389 473 423 505 in
438 473 514 506 solis
524 466 826 506 enunciationibus.
855 467 951 501 Clara
961 477 1070 510 quoque
1091 466 1129 507 est

265 521 364 554 altera
385 529 463 564 pars
483 533 491 553 z
526 519 615 566 Qia
625 518 797 561 ampliatio
828 518 1062 562 suppositorum
1080 517 1144 550 est.

263 572 413 604 extensio
423 572 475 604 seu
488 568 651 612 usurpatio
665 569 753 603 vocis
764 567 805 603 ad
817 567 1025 613 fignificanda
1040 567 1129 610 plura

263 619 477 654 denominata
489 620 542 652 seu
553 618 705 652 inferiora
718 643 730 659 ,
757 629 854 663 quam
865 619 959 653 antea
972 619 1130 662 significa-

265 669 342 703 bat.-
368 669 458 713 atqui
471 667 538 702 haec
548 670 694 703 extensio
707 670 775 703 fieri
788 668 891 713 potest
905 668 938 703 in
961 668 1075 711 quavis
1096 667 1147 700 o-'

259 718 406 752 ratione:
435 729 501 751 non
515 719 547 752 in
560 719 625 752 sola
637 720 887 754 enunciatione:
906 729 983 762 ergo
1000 717 1129 760 amplia·

263 768 314 802 tio
326 769 561 812 suppositorum
582 769 700 803 habere
721 769 824 812 potest
836 770 947 802 locum
970 767 1002 801 in
1017 767 1128 810 quavis

263 818 429 853 oratione.
457 819 606 852 Probatur
618 825 728 852 minor:
756 819 843 863 Qia
856 819 931 851 ficut
940 816 1073 860 quando
1083 818 1128 851 di-

263 879 327 907 co,
351 871 477 911 Uterque
503 868 586 902 bomo
606 868 643 907 est
666 868 769 901 doaeus
782 890 793 907 ,
820 870 854 901 (9
876 871 968 900 omnis
990 866 1071 899 bomo
1092 866 1128 904 est

262 917 374 959 dedus,
387 919 420 952 in
435 920 655 962 propositione
666 918 779 951 secfida
792 917 915 961 amplio
927 927 1039 950 vocem
1048 915 1129 948 bomo

260 968 477 1012 ampliatione
489 968 727 1011 suppositorum
739 979 749 1009 ;
761 968 803 1002 fic
817 967 930 1001 eadem
946 967 1128 1009 ampliatio-

263 1028 306 1052 ne
317 1017 407 1051 illam
418 1018 542 1061 amplio
552 1042 563 1058 ‚
584 1018 718 1061 quando
729 1017 805 1052 dico
817 1042 828 1058 ,
851 1021 977 1060 Uterque
990 1015 1072 1050 bomo
1081 1017 1127 1049 do-

258 1067 348 1109 eus,
373 1070 407 1102 6·
426 1074 529 1101 omnir
541 1067 624 1101 homo
644 1068 760 1102 aeblus.

317 1128 346 1167 3.
369 1121 500 1152 Alterum
510 1117 668 1161 discrimen
679 1118 733 1160 est:
766 1117 867 1166 Qod
891 1118 1128 1162 suppositorum

262 1168 433 1212 ampliatio
449 1169 494 1203 est
517 1179 586 1203 vera
600 1168 717 1211 species
727 1169 924 1212 acceptionis
937 1166 1131 1211 personali53

262 1228 296 1252 at
310 1218 561 1262 veroampliatio
582 1227 765 1262 temporum
783 1218 828 1253 est
850 1218 1025 1262 suppositio
1048 1228 1129 1261 quae-

261 1268 339 1301 dam
349 1267 497 1311 diversa(
509 1279 575 1301 non
588 1269 719 1311 quidem
736 1271 768 1302 in
798 1281 816 1303 e
828 1293 839 1308 ,
866 1270 964 1302 sedin
976 1268 1077 1302 modo
1098 1268 1127 1299 si·

260 1317 733 1361 gnificand1&concipiendi)
759 1281 995 1365 agacceptione
1017 1316 1130 1359 simpli-

258 1366 317 1406 ci,
345 1366 523 1406 materiali,
549 1367 583 1400 ἀ
606 1368 787 1410 personali.
817 1371 921 1401 Prema
928 1376 1004 1410 pars
1026 1375 1129 1409 patet:

261 1413 352 1461 Qia
362 1415 535 1460 suppositio
548 1418 721 1459 personalis
734 1417 779 1451 est
792 1418 956 1460 usurpatio
971 1418 1061 1451 vocis
1074 1426 1147 1462 pru,

256 1466 327 1498 vsuis
338 1465 543 1500 inferioribus
556 1467 607 1500 seu
620 1467 839 1502 denominatis
852 1480 859 1499 ε
872 1466 1019 1509 adeoque
1029 1477 1130 1499 omne
1143 1464 1147 1492 δ

259 1513 445 1559 illud,quod
457 1515 501 1548 est
513 1516 713 1558 usurpatio&
726 1517 888 1559 usurpatio
899 1517 988 1550 vocis
1000 1528 1057 1559 pro
1069 1516 1130 1549 suis

254 1564 472 1599 >inferioribus
482 1575 538 1598 aut
549 1565 770 1599 denominatis
786 1590 796 1606 ,
818 1566 863 1601 est
897 1568 1015 1609 species
1047 1577 1125 1609 quae-

259 1614 335 1648 dam
359 1615 585 1659 suppositionis
607 1616 798 1658 personalis.
829 1616 933 1658 Atqui
958 1617 1129 1659 ampliatio

261 1665 497 1708 suppositorum
510 1666 554 1698 est
577 1666 742 1709 usurpatio
750 1666 839 1700 vocis
851 1677 907 1709 pro
920 1667 985 1699 suis
998 1666 1128 1700 inferio·

260 1714 350 1749 ribus
372 1715 421 1748 vel
431 1715 669 1749 denominatis:
690 1726 770 1760 etgo
791 1715 836 1750 est
858 1715 978 1759 species
991 1716 1129 1760 supposi-

259 1764 366 1799 tionis
377 1764 572 1808 personalis.
600 1766 703 1799 Altera
709 1774 785 1807 pars
797 1771 890 1800 etiam
910 1774 1014 1807 pater:
1040 1766 1129 1811 Qia

257 1814 438 1858 suppositio
449 1813 623 1850 materialis
636 1815 787 1859 supponit
800 1826 913 1849 vocem
938 1827 995 1858 pro
1008 1815 1107 1858 seipsa
1120 1826 1130 1857 ;
1154 1838 1157 1841 -

257 1864 395 1908 simplex
422 1866 575 1910 supponit
588 1864 677 1899 illam
707 1877 765 1910 pro
791 1867 861 1900 solo
873 1866 930 1900 suo
946 1865 1130 1910 significato

259 1915 430 1959 primario:
463 1914 638 1958 personalis
649 1915 823 1950 verdillam
841 1915 992 1959 supponit
1016 1926 1074 1958 pro
1090 1916 1129 1948 fi-

257 1963 424 2008 gnificatis
449 1966 513 1997 suis
541 1964 754 1997 secundariis.
784 1965 842 1999 Ast
857 1965 931 1997 vero
958 1963 1129 2006 ampliatio

261 2022 449 2056 temporum
460 2012 611 2056 supponit
626 2023 738 2047 vocem
763 2013 802 2048 ad
819 2012 1029 2057 significanda
1053 2022 1130 2046 tem·

260 2073 360 2105 pora,
385 2062 503 2105 quibus
514 2061 730 2106 significatum
738 2064 803 2106 ejus
815 2063 925 2097 existit
940 2076 951 2096 .·
978 2073 1056 2105 ergo
1064 2072 1130 2096 am·

251 2112 378 2155 ,pliatio
388 2113 455 2144 haec
465 2112 511 2144 est
522 2111 669 2154 quaedam
694 2112 871 2154 suppositio
897 2112 986 2144 vocis
1006 2111 1129 2144 diversa

252 2159 301 2195 >ab
309 2162 374 2195 illis
385 2160 486 2194 tribus
495 2182 505 2191 .

309 2222 341 2258 4.
370 2211 426 2244 Est
438 2234 450 2251 ,
477 2211 612 2253 inquam
624 2233 635 2249 ‚
663 2208 840 2253 suppositio
849 2208 995 2253 quadam
1007 2208 1128 2243 diversa

257 2261 300 2295 ab
323 2261 389 2294 istis
406 2260 508 2300 tribus
524 2283 535 2299 ,
562 2270 630 2292 non
652 2260 785 2301 quidem
807 2259 956 2298 realiter,
984 2257 1038 2291 sed
1057 2258 1128 2290 solo

257 2318 463 2348 connotato,
490 2309 522 2340 ὅ(
533 2307 658 2340 ratione
671 2318 680 2348 ;
707 2308 761 2340 seu
774 2307 808 2340 in
826 2306 894 2340 solo
908 2305 1008 2340 modo
1021 2308 1129 2340 conci-

259 2359 398 2405 piendi,
423 2354 684 2402 &significandi.
713 2356 899 2400 Ampliatio
911 2356 1031 2399 quippe
1050 2365 1128 2389 tem-

260 2419 377 2455 porum
395 2406 816 2450 identificaturquandoque
829 2405 1041 2449 suppositioni
1065 2416 1128 2438 tna-

259 2459 388 2498 oeriali,
413 2455 612 2501 quandoque
623 2456 782 2498 simplici,
812 2455 1009 2498 quandoque
1028 2456 1127 2497 perso-

259 2508 326 2544 nali
337 2522 348 2541 .·
374 2505 571 2552 quandoque
581 2505 768 2548 copulative
782 2530 793 2546 ‚
804 2505 998 2548 quandoque
1012 2503 1130 2538 disiun-

252 2560 366 2599 nive,
389 2558 450 2591 &c.
491 2567 548 2600 pro
585 2555 709 2589 diversa
727 2556 931 2590 occurrentia
966 2554 1106 2589 materiae
1120 2579 1126 2585 .

258 2608 443 2652 Ampliatio
452 2607 543 2640 enim
556 2613 741 2648 temporum
753 2604 869 2640 habere
890 2605 992 2649 potest
1019 2604 1128 2638 locum

258 2662 293 2695 in
307 2655 461 2692 omnibus
473 2655 574 2688 tribus
584 2656 843 2697 suppositionum
859 2654 1050 2700 generibus:
1065 2666 1128 2688 vox

259 2709 349 2744 enim
361 2705 538 2740 extendi&
556 2704 698 2746 usurpari
713 2705 815 2747 potest
830 2729 841 2745 ,
869 2716 937 2738 non
963 2703 1067 2738 solum
1088 2705 1128 2738 ad

259 2755 507 2803 significandum
519 2754 611 2787 suum
629 2753 845 2797 significatum
866 2754 1058 2796 primarium
1086 2755 1130 2788 se-

259 2806 453 2844 cundarium
466 2829 477 2845 ‚
503 2804 556 2838 sed
568 2803 667 2837 etiam
677 2803 719 2838 ad
733 2802 982 2848 significandam
994 2804 1129 2846 seipsam

259 2858 395 2893 existere
429 2866 486 2898 pro
524 2853 666 2898 pluribus
705 2863 888 2897 temporum
916 2852 1106 2887 differentiis
1119 2878 1130 2894 ‚

259 2919 356 2952 quam
383 2907 494 2950 exigat
521 2903 706 2948 principalis
731 2903 850 2947 copula
878 2903 1125 2947 propositionis.

259 2960 353 2993 Hinc
367 2954 537 2999 ampliatio
548 2978 558 2995 ‚
586 2965 658 2998 quae
671 2954 707 2987 fit
720 2955 755 2988 in
770 2953 991 2997 suppositione
1005 2954 1130 2999 materi-

259 3009 329 3048 ali,
354 3005 515 3049 simplici,
541 3004 592 3038 vel
603 3004 764 3048 personali
782 3016 789 3036 :
818 3003 880 3038 sive
893 3003 1003 3047 potius
1017 3002 1130 3046 ampli-

259 3060 329 3093 atio
341 3081 352 3098 ,
377 3067 447 3101 quae
459 3055 503 3090 est
518 3055 552 3088 in
565 3066 645 3090 voce
666 3053 875 3089 materialiter
888 3077 899 3093 ‚
920 3052 1105 3095 simpliciter
1117 3077 1129 3094 ‚

261 3107 313 3141 vel
334 3105 542 3150 personaliter
565 3115 717 3149 accepta,
745 3103 965 3138 identificatur
988 3102 1122 3147 supposi-

259 3157 348 3192 tioni
374 3156 532 3190 materiali
546 3180 557 3196 ,
570 3154 718 3198 simplici,
730 3154 780 3188 vel
793 3153 954 3198 personali
965 3156 1065 3186 Ratio
1078 3152 1130 3193 est.-
1145 3177 1146 3182 ,

261 3207 351 3254 Qia
359 3205 535 3249 suppositio
548 3204 722 3250 personalis
731 3204 775 3238 est
789 3204 926 3248 prolatio
937 3202 1025 3237 vocis
1037 3202 1130 3237 simul
1145 3238 1146 3241 ,

249 3260 338 3292 'cum
364 3254 548 3289 intentione
572 3254 778 3301 significandi
806 3253 989 3298 significata
1000 3253 1068 3296 ejus
1088 3255 1147 3286 se-l

260 3304 417 3342 cundaria
429 3316 443 3346 ;
469 3303 637 3347 ampliatio
650 3305 726 3340 vero
740 3305 829 3338 vocis
854 3302 1061 3346 petsonaliter
1082 3315 1130 3337 ac-

262 3366 362 3399 ceptae
373 3355 417 3388 est
431 3353 570 3398 prolatio
582 3356 670 3389 vocis
683 3354 777 3389 simul
788 3365 864 3388 cum
889 3354 1074 3387 intentione
1095 3352 1132 3385 si·

266 3402 714 3451 gnificandifignificataejus
728 3404 913 3438 secundaria
936 3403 1072 3437 existere
1096 3403 1130 3436 in
1197 3410 1245 3435 tur
1277 3414 1284 3433 :

270 3454 418 3500 pluribus
429 3464 611 3496 temporum
623 3454 813 3490 differentiis
828 3478 840 3494 ,
849 3463 948 3496 quam
958 3453 1070 3498 exigat
1080 3464 1133 3500 cog

355 3503 459 3545 cbrzst.
486 3507 564 3548 Lupi
576 3508 673 3548 Opera
695 3507 856 3540 Tom.X11.

1915 149 2011 191 239

1188 216 1262 260 pula
1276 213 1523 258 propositionis:
1550 214 1638 255 atqui
1650 227 1754 260 neque
1772 216 1818 251 har
1835 217 2035 260 prolationes
2050 241 2062 259 ,

1190 276 1293 309 neque
1307 264 1355 298 hae
1366 264 1567 297 intentiones
1579 263 1823 308 distinguuntur
1836 267 1962 301 realiter
1979 279 1987 299 ι
2005 278 2055 302 er-

1187 317 1232 360 go
1241 314 1340 348 etiam
1352 314 1522 356 ampliatio
1534 314 1567 346 ὃς
1584 314 1757 355 suppofitio
1771 319 1858 350 vocis
1879 318 2053 360 personalis

1189 365 1314 399 realiter
1325 375 1391 397 non
1405 364 1654 407 distinguuntur
1665 387 1674 395 .
1699 363 1798 409 Qod
1813 378 1878 400 non
1904 368 2056 402 differant

1190 414 1385 459 prolationes
1400 439 1410 455 ,
1422 414 1458 454 est
1470 415 1582 447 clarum
1594 425 1602 444 :
1615 412 1702 458 Quia
1715 414 1853 455 prolatio
1867 428 1955 451 vocis
1968 416 2056 452 idem

1188 466 1232 499 est
1244 489 1255 505 ,
1278 463 1366 508 quod
1387 464 1558 507 produstio
1585 464 1674 497 vocis
1683 475 1697 504 ,-
1723 464 1867 505 adeoque
1887 465 2057 511 distingui-

1188 526 1239 549 tur
1250 525 1347 557 penes
1358 513 1604 548 difiunetionem
1619 515 1708 547 vocis
1722 525 1729 545 :
1745 514 1777 547 &
1791 524 1844 556 per
1855 517 2054 556 consequens

1188 565 1265 598 sicut
1281 564 1325 599 est
1337 565 1448 598 eadem
1463 575 1529 596 vox
1540 563 1692 606 ampliata
1704 588 1714 604 ,
1743 564 1776 597 &
1790 564 1995 605 personaliter
2007 577 2059 600 ac-

1187 626 1295 657 cepta·‚
1323 615 1363 648 fic
1379 615 1476 648 etiam
1489 613 1533 647 est
1545 614 1658 648 eadem
1672 613 1814 656 prolatio
1830 614 1916 646 vocis
1927 613 2058 657 amplia-

1187 675 1226 699 εκ
1237 676 1274 699 ac
1287 665 1495 708 personaliter
1506 674 1660 706 acceptae.
1687 662 1789 711 Quod
1804 673 1907 705 neque
1922 662 1986 696 istae
2010 665 2059 696 in·

1188 716 1350 749 tentiones
1363 713 1510 748 differant
1521 737 1531 752 ,
1558 720 1649 747 etiam
1675 714 1713 754 est
1738 715 1848 747 clarum
1862 725 1869 744 z
1899 713 1988 760 Qia
2001 725 2060 757 po-

1187 765 1244 798 test
1264 767 1399 808 loquens
1426 764 1538 798 eadem
1566 764 1726 798 volitione
1739 788 1749 804 ‚
1775 763 1959 805 eodemque
1985 765 2059 798 astu

1190 815 1268 848 velle
1287 815 1464 859 significare
1477 814 1653 858 significata
1668 812 1851 847 secundaria
1872 814 1959 846 vocis
1983 813 2001 846 ὲ
2027 815 2059 847 se

1190 865 1318 907 prolata·-
1332 889 1342 904 ‚
1369 875 1406 897 ac
1420 864 1633 897 simuleorum
1650 864 1858 897 existentiam
1884 873 1940 906 pro
1963 862 2059 906 pluri·

1190 914 1246 948 bus
1267 925 1450 957 temporum
1470 913 1660 948 differentiis
1673 939 1685 956 ,
1715 925 1813 958 quarn
1835 913 1946 957 exigat
1963 924 2058 957 copu-

1190 965 1220 998 la
1234 965 1481 1007 propositionis.

1238 1024 1269 1060 ς.
1302 1013 1366 1048 Pro
1389 1014 1601 1057 intelligenda
1622 1014 1844 1058 ampliationis
1884 1013 2057 1054 divisione,

1191 1065 1316 1099 novisse
1328 1075 1454 1107 oportet
1468 1077 1475 1096 :
1488 1065 1592 1111 Qod
1603 1064 1816 1099 Summulistae
1827 1064 1973 1108 quinque
1986 1064 2060 1097 affi-

1190 1123 1293 1159 gneut
1306 1124 1488 1157 temporum
1501 1114 1711 1148 differentias:
1743 1124 1806 1148 tres
1818 1115 1916 1148 reales
1927 1138 1937 1154 ‚
1946 1114 1980 1147 <St
1992 1114 2058 1147 du·-

1190 1175 1224 1198 as
1237 1164 1427 1198 artificiales.
1455 1163 1573 1198 Reales
1587 1165 1659 1197 sunt
1671 1174 1799 1207 tempus
1811 1166 1941 1206 praesens
1953 1187 1964 1203 ‚
1985 1174 2059 1206 prae-

1189 1214 1319 1248 teritum
1331 1238 1341 1254 ,
1369 1215 1401 1248 &
1414 1215 1580 1256 futurum·,
1608 1214 1789 1247 artificiales
1801 1213 1874 1246 vero
1887 1215 1962 1247 sunt
1987 1215 2059 1256 pos-

1189 1265 1277 1298 sibile
1288 1264 1560 1309 &imaginarium
1572 1289 1579 1296 .
1610 1263 1692 1297 Haec
1706 1263 1772 1297 duo
1784 1275 1928 1306 tempora
1942 1274 2061 1297 vocan-

1188 1324 1240 1349 tur
1254 1324 1397 1357 tempora
1409 1313 1586 1347 artificialia
1602 1337 1613 1354 ,
1642 1314 1718 1356 quia
1730 1324 1776 1347 res
1789 1315 1822 1347 in
1834 1313 1896 1347 illis
1921 1313 2060 1352 realiter,

1192 1376 1228 1398 ac
1254 1364 1327 1398 vere
1354 1376 1420 1398 non
1434 1364 1578 1397 existunt
1588 1388 1599 1404 ‚
1628 1363 1681 1397 sed
1707 1365 1839 1398 inventa
1853 1362 2062 1397 solummodo

1191 1414 1312 1449 suntab
1325 1414 1413 1449 Artis
1424 1413 1672 1448 Summulisticae
1688 1412 1922 1449 professoribus
1946 1414 1986 1447 ad
2008 1425 2062 1446 ex-

1192 1464 1360 1508 plicandos
1379 1465 1500 1499 multos
1512 1474 1688 1508 conceptus
1701 1487 1711 1503 ,
1729 1475 1811 1506 quos
1822 1465 1862 1499 de
1883 1463 1977 1498 rebus
2000 1460 2063 1496 for-

1192 1525 1316 1548 mamus
1330 1539 1341 1555 ,
1367 1515 1423 1558 qui
1435 1526 1489 1557 per
1502 1515 1568 1547 sola
1582 1522 1728 1557 tempora
1740 1516 1836 1548 realia
1852 1525 1916 1547 non
1933 1515 2063 1556 possunt

1191 1566 1267 1597 satis
1281 1564 1457 1597 commode
1467 1563 1625 1605 explicari
1637 1587 1644 1594 .
1671 1562 1823 1605 Tempus
1842 1563 1992 1606 possibile
2008 1573 2063 1595 vo-

1190 1625 1281 1648 catur
1293 1613 1385 1652 illud,
1403 1613 1436 1646 in
1447 1624 1514 1657 quo
1526 1611 1670 1650 existunt
1682 1623 1729 1646 res
1739 1635 1749 1651 ,
1779 1624 1849 1655 quae
1862 1623 1967 1656 neque
1977 1613 2065 1651 sunt,

1193 1675 1298 1707 neque
1309 1664 1458 1703 fuerunt,
1486 1673 1591 1707 neque
1605 1672 1714 1703 erunt,
1726 1672 1832 1696 tamen
1845 1663 1909 1696 esse
1924 1662 2064 1706 possunt.

1194 1713 1238 1748 V.
1250 1725 1279 1758 g.
1292 1713 1468 1756 tempus‚in
1482 1723 1547 1755 quo
1560 1711 1672 1747 existit
1683 1712 1765 1747 alter
1778 1713 1921 1746 mundus
1934 1737 1941 1745 .
1961 1712 2069 1745 Tem-

1191 1774 1248 1806 pus
1276 1763 1509 1808 imaginarium
1542 1772 1674 1797 vocatur
1705 1762 1784 1796 illud
1799 1787 1809 1803 ‚
1836 1764 1871 1797 in
1899 1774 1966 1805 quo
1982 1763 2065 1795 exis-

1192 1824 1267 1847 tunt
1279 1825 1326 1847 res
1340 1837 1350 1854 ,
1360 1825 1430 1857 quae
1441 1825 1501 1847 nec
1515 1814 1588 1846 sunt
1601 1838 1611 1853 ,
1638 1824 1697 1847 nec
1710 1813 1840 1846 fuerunt
1854 1836 1864 1852 ,
1882 1824 1941 1846 nec
1957 1824 2064 1852 erunt,

1194 1875 1252 1897 nec
1266 1864 1328 1897 esse
1341 1865 1470 1907 possunt
1482 1887 1492 1903 ,
1507 1863 1637 1906 possunt
1649 1872 1757 1897 tamen
1773 1864 1855 1907 fingi
1871 1863 1903 1896 ὅ(
1920 1861 2065 1905 concipi.

1193 1913 1235 1947 V.
1246 1924 1277 1956 g.
1291 1923 1419 1955 tempus
1429 1937 1439 1953 ‚
1467 1913 1500 1945 in
1513 1923 1579 1954 quo
1593 1912 1705 1945 existit
1717 1909 1870 1955 chymera
1882 1936 1889 1944 .
1918 1913 1997 1946 Hoc
2011 1924 2068 1955 po-

1192 1961 1266 1995 sito.
1298 1960 1482 2003 Ampliatio
1494 1960 1657 1995 ordinarie
1668 1961 1843 2006 assignatur
1856 1962 2065 2007 quintuplex:

1194 2010 1348 2044 videlicet
1360 2011 1534 2054 ampliatio
1546 2010 1586 2044 ad
1597 2021 1725 2054 tempus
1739 2014 1870 2056 praesens
1881 2014 1913 2046 ἀ
1928 2014 2068 2056 praeteri-

1193 2071 1262 2095 tum
1278 2072 1284 2091 :
1311 2059 1351 2093 ad
1366 2061 1502 2102 praesens
1513 2061 1546 2092 ὅ(
1558 2060 1702 2094 futurum
1716 2074 1725 2097 ¹.
1753 2063 1790 2096 ad
1808 2064 1940 2106 praesens
1951 2089 1960 2105 ‚
1989 2073 2068 2106 praeq

1192 2110 1325 2142 teritum
1337 2130 1347 2145 ,
1370 2109 1402 2140 ὅ(
1415 2109 1581 2140 futurum:
1610 2110 1650 2142 ad
1665 2113 1795 2151 praesens
1807 2136 1818 2151 ‚
1846 2111 2041 2154 praeteritum
2055 2136 2066 2151 ,

1193 2159 1358 2196 futurum,
1388 2167 1426 2190 ac
1439 2156 1606 2200 poffibile:
1635 2159 1669 2192 &
1683 2157 1722 2192 ad
1746 2163 1878 2203 praesens
1892 2186 1903 2202 ,
1927 2164 2067 2205 praeteri-

1192 2218 1262 2242 tum
1274 2231 1285 2247 ,
1313 2207 1457 2240 futurum
1469 2230 1479 2245 ,
1506 2206 1672 2249 poffibile‚
1699 2220 1737 2242 ac
1750 2211 1984 2255 imaginabile.

1242 2256 1273 2290 6.
1288 2255 1435 2299 Qidam
1449 2254 1502 2288 hic
1514 2257 1743 2298 agglomerant
1758 2272 1915 2303 magnum
1940 2262 2064 2307 regula·

1193 2314 1262 2337 rum
1301 2315 1493 2338 numerum.
1524 2305 1585 2337 Sed
1628 2305 1737 2339 nescio
1757 2309 1809 2340 cui
1831 2309 1891 2343 fini
1917 2324 1923 2343 :
1952 2323 2027 2345 nam
2049 2313 2069 2346 ὲ

1191 2364 1358 2395 tempore,
1385 2364 1453 2396 quo
1473 2364 1536 2397 ego
1558 2355 1591 2387 in
1606 2353 1723 2388 scholis
1746 2357 1873 2398 versor,
1898 2370 2069 2403 nunquam

1191 2404 1232 2436 de
1252 2403 1317 2436 illis
1340 2403 1375 2435 in
1398 2403 1553 2437 exercitio
1578 2403 1771 2440 scholastico
1794 2408 1998 2443 mentionem
2014 2410 2070 2444 fie-

1192 2454 1217 2487 ri
1240 2453 1369 2487 audivi.
1397 2452 1514 2487 Taceo
1537 2464 1616 2498 ergo
1639 2455 1674 2488 δε
1697 2456 1860 2492 calamum
1887 2459 1962 2494 fisto
1979 2484 1986 2491 .
2009 2460 2067 2494 Est

1191 2514 1299 2537 tamen
1313 2513 1377 2536 una
1389 2504 1501 2548 regula
1514 2503 1594 2538 scitu
1605 2505 1808 2548 &explicatu
1821 2507 1923 2553 digna
1936 2533 1946 2549 ‚
1967 2521 2067 2554 quam

1191 2553 1388 2597 quandoque
1421 2554 1454 2586 in
1491 2553 1686 2588 scholastico
1717 2558 1877 2592 exercitio
1901 2560 2067 2594 nominari

1190 2603 1374 2648 contingit.
1405 2605 1517 2647 Regula
1530 2603 1566 2643 est
1580 2603 1664 2637 baec:
1692 2606 1875 2650 Subjeetum
1887 2610 2068 2652 cujuscum-

1191 2665 1253 2697 que
1275 2648 1505 2697 propositionis
1530 2654 1707 2688 neceffariae
1729 2658 1904 2702 ampliatur
1921 2660 1960 2694 ad
1982 2672 2067 2703 qua·-

1192 2713 1268 2737 tuor
1284 2714 1470 2745 temporum
1497 2703 1716 2746 differentias,
1744 2710 1877 2750 praesens
1891 2733 1901 2748 ‚
1920 2712 2061 2751 praeteri·

1193 2763 1284 2793 tum,
1307 2754 1451 2787 futurum
1476 2754 1510 2787 ὅ(
1535 2753 1701 2797 poflibile.
1734 2757 1782 2791 Ita
1807 2758 2068 2801 ampliantursu·

1193 2803 1293 2845 bjecta
1312 2802 1425 2836 harum
1451 2804 1707 2846 propositionum
1731 2831 1743 2847 ,
1767 2810 1855 2841 Homo
1873 2808 1911 2848 est
1931 2810 2066 2850 animal,

1192 2853 1274 2887 homo
1288 2853 1325 2894 est
1336 2852 1456 2895 risibilis
1470 2878 1476 2885 .
1501 2854 1708 2899 Faciuntque
1722 2855 1810 2891 hunc
1825 2859 1949 2893 sensum
1963 2872 1975 2892 .-
1992 2859 2069 2893 Ho-

1193 2915 1250 2938 mo
1268 2928 1278 2945 ‚
1299 2904 1355 2946 qui
1379 2903 1446 2942 est,
1467 2903 1523 2947 qui
1549 2903 1636 2945 fuit,
1662 2908 1718 2950 qui
1744 2909 1803 2942 erit
1825 2934 1835 2950 ,
1867 2909 1897 2942 &
1924 2911 1979 2951 qui
2003 2910 2067 2945 effe

1193 2953 1295 2997 potest
1311 2977 1321 2993 ,
1347 2954 1392 2988 est
1410 2953 1554 2994 animal,
1576 2954 1622 2988 est
1646 2957 1774 2991 risibilis
1806 2984 1813 2990 .
1848 2962 1936 2992 Ratio
1959 2962 2066 3004 regulae

1190 3003 1246 3043 est:
1277 3003 1367 3050 Qia
1390 3004 1566 3046 subjeetum
1587 3005 1815 3050 cujuscumque
1828 3010 2068 3052 praedicationis

1192 3053 1390 3088 affirmativas
1412 3054 1585 3097 ampliatur
1618 3056 1659 3090 ad
1681 3059 1794 3091 omnia
1818 3059 1877 3093 ista
1901 3070 2068 3103 tempora,

1194 3115 1253 3147 pro
1277 3103 1398 3146 quibus
1418 3104 1469 3138 illi
1494 3106 1651 3139 convenit
1686 3107 1901 3151 significatum
1931 3110 2068 3144 formale

1193 3153 1355 3197 praedicati
1379 3167 1386 3186 ε
1410 3152 1502 3197 atqui
1526 3154 1560 3187 in
1581 3157 1801 3199 propositione
1826 3160 1938 3202 quavis
1964 3159 2068 3195 neces·

1193 3204 1273 3238 saria
1306 3203 1524 3248 significatum
1557 3205 1693 3240 formale
1716 3208 1877 3250 praedicati
1912 3209 2068 3245 convenit

1193 3253 1338 3295 subjesto
1357 3265 1414 3295 pro
1437 3264 1577 3296 quatuor
1597 3254 1662 3288 illis
1686 3258 1910 3301 temporibus.-
1932 3272 2010 3305 ergo
2021 3261 2069 3294 su-

1196 3303 1330 3344 bjeetum
1342 3303 1412 3345 ejus
1422 3304 1647 3346 ampliaturad
1668 3317 1809 3348 quatuor
1831 3307 1891 3342 ista
1913 3319 2070 3353 tempora.

1195 3355 1292 3385 Minor
1316 3354 1400 3386 clara
1418 3352 1455 3393 est
1480 3355 1655 3398 intelligenti
1674 3363 1814 3390 terminos
1831 3372 1842 3391 :
1864 3365 1959 3393 minor
1966 3359 2073 3402 proba·

1326 3402 1415 3447 Qia
1450 3402 1666 3447 significatum
1696 3408 1833 3441 formale
1875 3410 2040 3453 praedicati
2061 3433 2074 3449 ,

1199 3452 1290 3497 quod
1314 3451 1469 3488 convenit
1496 3453 1617 3498 semper
1637 3479 1649 3496 ,
1674 3455 1708 3489 &
1739 3456 1886 3503 ubique,
1920 3457 2074 3504 quodque

1682 3505 1715 3539 X
1764 3517 1787 3542 2
1948 3518 2027 3541 nun-
