2384 3770
409 188 503 234 196·

364 366 410 392 tra
424 356 544 391 limites
555 353 632 392 certi

364 459 574 503 qua-privat,
601 456 803 499 coarctatur.-
828 459 913 493 verb.
935 462 980 503 gr.
1009 461 1134 495 caecitas
1158 473 1225 498 non

363 518 498 552 vagatur
509 520 564 552 per
574 509 685 552 omnia
697 533 707 549 ,
733 521 793 550 nec
814 521 903 547 extra
916 511 1026 552 omnia
1038 521 1155 554 genera
1166 523 1226 546 en-

362 559 405 590 tis
424 558 535 599 realis,
562 570 666 604 neque
688 560 871 593 verificatur
898 569 964 592 tam
982 560 1022 593 de
1041 560 1169 594 entibus
1182 573 1224 594 ra·

361 609 485 649 tionis,
512 620 616 659 quam·
633 610 674 657 de
694 609 854 655 realibus,
880 620 995 655 neque¹
1009 609 1049 642 de
1071 612 1226 648 omnibus

359 658 496 692 realibus
510 671 530 701 3⁷
548 660 600 693 sed
619 659 662 692 'de
684 659 759 692 solis
776 659 839 692 illis
852 684 862 699 ‚
878 669 960 702 2quae
972 659 1074 692 visum
1086 653 1225 704 recipere

355 709 484 751 capacia
498 711 589 743 sunt.
616 710 656 742 1d
676 707 734 749 est:
764 710 816 743 De
832 708 906 743 solis
920 709 1140 750 animalibus,
1168 711 1222 744 illa

355 760 474 801 quippe
497 771 603 803 ,ηοω
624 758 867 793 animaliano'n
885 760 960 793 sunt
985 759 1060 793 licet
1080 761 1223 807 potentia

355 807 452 842 visiva
463 820 611 849 careant,
639 820 704 842 non
728 807 882 843 dicuntur
894 820 1004 851 coeca3
1031 810 1081 843 sed
1097 821 1163 844 non
1181 812 1222 844 vi-

353 859 464 897 dentia
480 872 490 892 ε
517 859 812 902 adeoquecoecitas
835 861 917 895 intra
940 870 1043 904 genus
1073 859 1127 893 ani
1185 861 1227 896 lis.

350 909 541 950 cohibetur,
567 919 604 942 ac
626 911 825 946 coarctatur.
855 910 954 947 Ret‘ie
976 919 1055 954 ergo
1082 911 1222 958 privatio

352 969 487 993 vocatur
508 959 641 1003 negatio
661 960 743 994 intra
755 968 899 1004 gemust

397 1019 430 1054 4.
459 1009 511 1042 Ex
526 1009 576 1042 bis
597 1008 633 1048 fit
645 1009 738 1046 facile
750 1034 761 1050 ,
787 1011 865 1053 quid
878 1010 913 1044 sit
926 1009 1059 1055 negatio
1075 1011 1196 1044 vocalis
1208 1025 1219 1044 .-

345 1057 431 1092 nihrl
446 1060 565 1103 quippe
575 1058 620 1093 est
631 1058 720 1097 aliud
733 1084 743 1100 ‚
773 1071 870 1104 quam
890 1072 955 1094 vox
966 1061 1111 1104 quaedam
1125 1061 1218 1104 signi-

346 1110 444 1144 ficans
468 1109 676 1154 negationem
698 1110 813 1146 realem
827 1136 834 1143 .
862 1110 964 1145 Tales
978 1112 1048 1144 sunt
1062 1122 1127 1147 vox
1139 1116 1207 1146 caert

342 1172 415 1198 tas,
444 1172 510 1194 vox
536 1171 617 1201 non,
646 1171 710 1194 vox
736 1160 890 1201 tenebre,
918 1161 1121 1200 non-videns,
1149 1171 1216 1192 non-

342 1209 425 1246 bomo
440 1235 451 1250 ‚
478 1221 534 1243 mm
546 1212 625 1252 lapis
642 1234 653 1251 ‚
681 1212 738 1248 (τε.
755 1211 816 1247 Hae
829 1211 940 1254 itaque
952 1221 1047 1244 voces
1060 1220 1216 1244 vocantur

341 1262 536 1304 negationes
557 1272 624 1293 non
644 1262 661 1298 a
690 1262 742 1294 sua
756 1261 909 1296 entitate;
937 1259 1075 1303 quiailla
1092 1259 1212 1302 nonest

351 1352 354 1355 Δ
384 1311 497 1354 gat103
523 1311 577 1354 <sed
592 1322 663 1347 vera
679 1311 791 1354 positio
803 1336 812 1351 ,
828 1323 865 1344 ac
877 1310 1000 1354 aliquid
1015 1310 1115 1343 reale.
1146 1308 1213 1343 Vo-

359 1370 455 1397 autur
477 1372 557 1405 ergo
583 1363 776 1405 negationes
795 1362 812 1395 ‘a
827 1362 884 1394 suo
896 1361 1098 1404 fignificat'o,
1125 1359 1213 1401 quod

337 1411 382 1446 est
406 1412 558 1455 negatio.
589 1411 759 1448 Dividitur
783 1411 917 1455 negatio
941 1410 1105 1444 vocalisin
1120 1421 1213 1454 nega—

337 1461 465 1496 tionem
488 1460 636 1497 vocalem
652 1460 831 1504 privantem
845 1485 855 1503 ‚
883 1460 915 1499 in
933 1460 1144 1504 negationem
1159 1471 1211 1494 vo-

336 1511 440 1547 calem
459 1521 632 1555 negantem
647 1536 657 1551 ,
683 1511 716 1549 &
737 1512 948 1555 negationem
973 1511 1118 1544 vocalem
1143 1510 1212 1546 infi-

338 1561 498 1607 nitantem
512 1585 520 1592 .
549 1560 694 1605 Negatio
707 1560 829 1594 vocalis
842 1561 969 1603 privans
982 1561 1024 1593 est
1038 1571 1103 1594 vox
1117 1561 1210 1603 signi-

337 1611 437 1649 ficans
459 1611 635 1647 carentiam
659 1609 772 1647 formae
793 1610 826 1643 in
843 1610 984 1652 subjecio
998 1621 1074 1652 apto
1094 1609 1211 1645 habere

337 1661 449 1694 illam.-
481 1671 517 1693 ut
540 1671 634 1694 voces
655 1672 767 1698 meus,
793 1666 932 1701 caect'tas,
958 1658 1143 1702 tenebrosus,
1172 1670 1211 1697 te-

338 1710 459 1750 nebra,
485 1712 542 1743 (π.
568 1710 713 1755 Negatio
735 1710 857 1745 vocalis
884 1721 1008 1754 negans
1030 1711 1074 1743 est
1089 1721 1155 1743 vox
1168 1710 1210 1742 af-

338 1761 452 1799 ficiens
464 1759 497 1793 δι
513 1771 635 1804 negans
646 1760 798 1803 copulam
813 1759 1040 1803 propositionis
1057 1772 1068 1795 ,·
1087 1770 1122 1792 ut
1135 1771 1209 1793 cum

338 1811 414 1843 dico
429 1809 509 1845 bomo
521 1821 577 1844 non
589 1811 627 1851 est
640 1811 759 1845 brutum
774 1835 784 1850 ,
813 1809 913 1845 nullus
926 1808 1007 1842 homo
1019 1808 1056 1849 est
1068 1809 1188 1842 brutum
1198 1833 1209 1849 ,

343 1863 399 1894 (τε.
414 1860 481 1894 lflae
495 1871 592 1893 voces
602 1872 659 1893 non
673 1861 707 1893 δι
719 1862 816 1894 nullus
831 1859 863 1893 su
871 1869 904 1892 nt
915 1860 1105 1903 negationes
1121 1870 1210 1892 voca·

338 1912 385 1944 les
410 1920 583 1954 negantes.
614 1910 667 1942 Est
693 1920 773 1952 ergo
795 1911 928 1953 negatio
953 1910 1074 1943 vocalis
1089 1920 1211 1952 negans

340 1961 397 1996 illa
418 1971 482 1993 vox
497 1985 507 1999 ‚
532 1971 600 2003 quae
625 1959 880 2002 propositionem
895 1983 904 1998 ‚
932 1958 965 1990 in
980 1969 1040 2000 qua
1053 1960 1211 2000 ponitur,

339 2012 417 2046 facit
431 2012 491 2047 esic
506 2010 692 2053 negativam
705 2034 712 2040 .
740 2008 886 2052 Negatio
909 2007 1028 2041 vocalis
1045 2007 1211 2040 infinitans

340 2061 386 2095 cst
401 2072 465 2094 vox
480 2085 490 2101 ,
517 2071 586 2103 quae
598 2059 696 2094 afficit
710 2083 719 2098 ,
746 2060 777 2092 &
793 2069 891 2100 negat
905 2056 1132 2099 propositionis
1142 2055 1209 2093 sub«

341 2111 480 2155 jeflum,
512 2112 562 2142 vel
586 2109 810 2151 pmdicarum,
839 2107 888 2138 vel
912 2105 1133 2146 aliquamejus
1148 2117 1209 2145 par.-

342 2172 409 2194 tem
433 2160 588 2193 diversam
611 2158 628 2190 a
649 2155 765 2197 copula
783 2168 793 2188 .·
820 2165 854 2188 ut
868 2164 942 2186 cum
957 2153 1032 2185 dico
1047 2177 1057 2193 ,
1084 2152 1165 2187 bomo
1175 2152 1210 2191 ef}

344 2208 533 2243 non-brutum
546 2233 556 2249 ,
586 2207 705 2249 aliquod
735 2205 886 2245 non-lapls
898 2201 935 2242 est
947 2201 1047 2242 bomo,
1075 2204 1131 2240 (w.
1144 2201 1212 2240 lstae

344 2269 440 2295 voces
454 2269 513 2292 non
526 2259 597 2291 sunt
616 2253 1037 2299 negationesinfinitantes.
1073 2252 1122 2287 Ex
1145 2262 1223 2301 quo·

346 2320 434 2353 patet
445 2301 658 2351 negationem
681 2303 826 2336 vocalem
844 2301 944 2336 nonin
959 2302 1119 2335 orationis
1129 2311 1210 2336 con·

345 2370 435 2398 textu
460 2357 532 2399 capi
554 2353 732 2397 aliquando
746 2362 919 2396 neganter,
948 2349 1124 2395 aliquando
1139 2347 1223 2391 verost

345 2408 568 2445 infinitanoee.
597 2404 700 2437 Tunc
722 2405 848 2445 capitur
878 2412 1054 2446 neganter,
1082 2399 1224 2444 quando,

345 2459 446 2494 afficit
469 2451 696 2501 propositionis
725 2453 901 2495 copulam;
928 2449 1060 2495 quando
1084 2450 1215 2487 veroaf·

345 2510 416 2546 ficit
429 2507 525 2544 aliam
539 2515 659 2548 partem
673 2502 819 2546 acopula
834 2527 845 2542 ,
856 2511 934 2536 tunc
945 2512 1011 2537 non
1027 2511 1145 2544 negat,
1159 2501 1210 2534 sed

346 2559 491 2594 infinirat
502 2581 510 2588 .
534 2555 638 2590 Unde
652 2554 843 2596 praecipuum
858 2551 971 2585 harum
984 2550 1210 2593 acceptionum

346 2610 518 2646 discrimen
535 2605 578 2639 est
592 2629 603 2645 ,
629 2603 716 2647 quod
739 2604 872 2647 negatio
886 2601 940 2635 illa
953 2611 1084 2642 accepta
1097 2611 1212 2646 negan

348 2670 396 2693 ter
410 2658 506 2692 faciat
518 2655 768 2699 propositionem
780 2654 841 2687 effe
853 2652 1036 2696 negativam
1051 2662 1063 2692 ;
1083 2661 1212 2693 accepta

347 2707 424 2744 vero
445 2707 650 2743 infinitanter
666 2705 826 2746 relinquat
847 2702 937 2739 illam
968 2700 1212 2737 affirmativam:

347 2759 393 2793 uti
410 2768 497 2801 patet
510 2757 543 2789 in
555 2754 712 2798 exemplis
723 2754 827 2788 allatis
837 2777 845 2785 .

399 2821 430 2855 5.
458 2807 586 2853 objicies
596 2813 698 2838 contra
719 2802 887 2844 divisionem
901 2805 1062 2844 negationis
1076 2800 1209 2835 vocabat

316 2875 320 2877 ·
348 2859 495 2903 Negatio
507 2856 599 2890 realis
620 2853 829 2888 solummodo
848 2852 892 2886 ost
905 2852 1047 2893 duplex:
1074 2849 1214 2893 ergo'ne·

348 2910 441 2954 gatio
455 2906 576 2944 vocalis
588 2906 699 2948 nequit
711 2904 773 2938 esse
784 2902 901 2946 triplex
914 2926 921 2938 ,
946 2899 1093 2936 Probatur
1103 2898 1213 2942 conseq.

350 2958 438 3005 Qiia
463 2954 595 3002 negatio
617 2955 711 2988 realis
727 2954 759 2987 ὅ(
773 2952 905 2997 negatio
920 2949 1043 2984 vocalis
1055 2948 1173 2982 liabent
1187 2949 1216 2981 se

349 3009 427 3044 ficut
449 3002 575 3052 signum
593 3006 625 3039 δι
649 3004 886 3049 significatum:
913 3000 1003 3044 atqui
1024 3009 1074 3032 tot
1094 2998 1215 3035 debent

348 3060 410 3095 esse
430 3058 518 3101 signa
535 3080 546 3096 ,
573 3065 653 3098 quot
674 3055 747 3087 sunt
769 3051 962 3096 significarat
991 3059 1070 3093 ergo
1082 3059 1131 3082 tot
1145 3059 1213 3090 pra:-

350 3109 414 3142 cise
430 3107 492 3143 esse
511 3105 630 3139 debent
659 3103 849 3148 negationes
874 3100 1020 3138 vocales,
1052 3099 1217 3141 quotsunt

350 3159 468 3193 reales.
494 3154 586 3198 Resp.
599 3155 734 3198 negando
753 3150 863 3195 conseq.
877 3153 910 3184 <tt
922 3156 1061 3182 minorem
1071 3148 1219 3190 probatio·

351 3212 415 3239 uis:
442 3206 530 3240 Nam
547 3205 708 3238 interdum
731 3203 821 3247 plura
833 3200 1015 3246 significata
1028 3198 1217 3242 significan-

349 3254 401 3288 tur
426 3255 540 3289 eodem
568 3255 677 3299 signo,
709 3264 745 3287 ut
773 3262 858 3296 patet
887 3251 920 3284 in
948 3260 1029 3283 voce
1056 3249 1220 3286 univoca,

352 3306 514 3345 aequivoca
528 3327 539 3344 ,
563 3304 702 3348 analoga
714 3326 723 3342 ,
753 3302 889 3345 aliisque
910 3300 1000 3343 plura
1012 3297 1219 3342 fignificantif

353 3351 432 3388 bus:
458 3354 663 3388 &interdum
681 3352 766 3387 idem
790 3350 1012 3395 signifieatum
1025 3347 1221 3393 significatur

352 3400 500 3446 pluribus
510 3401 740 3445 signisdiverso
754 3402 854 3435 modo
864 3400 945 3434 illud
955 3397 1222 3444 significantibus,

353 3459 392 3485 ut
407 3459 493 3493 patet
508 3451 539 3484 in
554 3453 686 3485 vocibus
699 3452 801 3492 bomo,
828 3450 933 3493 risibile
947 3474 958 3489 ,
986 3449 1132 3482 rationale
1147 3470 1157 3487 ,
1168 3445 1222 3486 aas·

347 3505 557 3545 winemunt,
580 3500 637 3536 (ὃς.
666 3500 866 3544 infinitisque,
887 3499 957 3537 aliis
970 3498 1109 3537 eandem
1130 3493 1221 3542 Plan&

989 176 1310 229 ‘'DrstsXIn
1332 176 1481 228 DUBss‘
1508 179 1544 227 Ῐ.
1565 187 1596 206 ”“’

366 267 461 292 vocat
473 258 587 291 scotus
604 258 813 305 negationem
827 258 910 293 intra
921 270 1039 304 genus:
1067 261 1142 305 quia
1153 259 1233 297 scili·

364 317 415 341 cet
428 318 494 339 non
510 314 721 391 Μαδαῖοι-,Τοι-
731 311 844 348 omnia
856 321 981 364 genera
989 312 1093 355 entis;
1112 312 1171 345 sed
1185 311 1230 344 in·

646 371 662 392 a
679 359 780 402 icujus
792 361 916 404 generis
927 359 1023 394 realis
1035 359 1053 400 ,'
1073 356 1229 395 nimirum

365 407 448 440 intra
473 407 591 442 limites
613 408 742 452 subjefti
763 409 889 452 capacis
915 409 1053 458 recipere
1066 412 1204 445 formam
1218 436 1228 451 ,

1644 203 1659 206 ,.
1682 186 1724 212 rs

1255 294 1258 304 ,
1293 272 1358 303 rem
1378 263 1507 300 ‘diverso
1526 260 1626 298 modo
1649 261 2159 307 significantibus..‚Nam-s1eue

1292 311 1461 350 hominem
1474 312 1782 356 modoconcipimus
1794 324 1828 347 ut
1841 313 2004 357 hominem
2017 337 2028 354 ‚
2055 313 2156 349 modo

1291 371 1326 398 ut
1347 362 1489 402 animal,
1517 362 1618 400 modo
1643 374 1677 397 ut
1691 363 1839 399 rifibilem
1854 387 1865 402 ,
1891 363 1992 406 modo
2005 364 2155 399 utratio-

1290 412 1396 445 nalem
1412 436 1422 451 ‚
1447 413 1509 446 &c-
1535 414 1578 447 ita
1597 415 1799 447 etiamillum
1823 413 2035 458 significamus
2052 414 2157 450 modo

1289 459 1349 497 hac
1374 473 1469 502 voce,
1497 462 1598 496 modo
1619 464 1695 497 ista.
1722 462 1858 499 Possunt
1868 474 1948 507 ergo
1961 461 2048 506 plura
2063 463 2155 510 ⁴signa

1287 511 1533 554 correspondere
1552 512 1659 547 eidem
1678 514 1862 559 significato
1874 538 1882 546 .
1909 512 2065 547 Similiter
2077 523 2154 557 ergo

1287 563 1415 604 possunt
1435 561 1498 600 esse
1512 571 1582 597 tres
1605 565 1792 606 negationes
1815 564 1941 597 vocales
1963 587 1974 603 ‚
2000 562 2076 596 licet
2097 561 2168 602 sint„

1287 610 1493 646 solummodo
1513 612 1582 649 duae
1601 613 1718 646 reales:
1744 614 1817 656 quia
1840 615 1967 657 possunt
1986 610 2055 645 duae
2065 621 2156 645 voca*

1287 661 1330 697 les
1352 661 1526 704 significare
1547 661 1683 699 eandem
1705 662 1839 697 realem.
1866 663 2011 707 Negatio
2035 662 2157 705 quippe

1286 711 1378 744 realis
1401 721 1477 754 pura
1501 711 1700 756 significatur
1720 712 1916 755 quandoque
1937 724 1991 756 per
2011 711 2156 755 negatio-

1285 771 1359 794 nem
1385 761 1529 795 vocalem
1550 761 1789 803 ivnfiuitantem,
1817 762 2010 806 quandoque
2033 772 2085 804 per
2101 771 2154 796 ne·-

1245 849 1248 853 ,
1284 821 1433 854 gantem:
1461 811 1606 845 similiter
1629 811 1759 856 negatio
1784 812 1878 846 realis
1898 813 2024 855 privans
2052 820 2154 854 quan-

1283 862 1390 903 doque
1428 873 1483 904 per
1518 862 1726 906 negationem
1763 861 1908 896 vocalem
1945 865 2116 907 negantem
2137 878 2152 900 ·,

1283 909 1478 954 quandoque
1497 912 1695 956 significatur
1716 922 1770 954 per
1789 913 1969 955 privantem
1991 936 1999 943 .
2040 912 2151 954 Atque

1283 963 1324 995 ita
1346 961 1478 1006 negatio
1490 962 1610 998 vocalis
1625 960 1965 1006 ,infinitansfignificar
1986 960 2085 995 solam
2099 971 2152 995 neq

1281 1011 1453 1055 gationem,
1463 1012 1578 1046 realem
1592 1023 1701 1055 puram
1713 1035 1729 1052 ,ι
1739 1013 1871 1056 negatio
1885 1011 2006 1045 vocalis
2021 1010 2150 1053 privans

1282 1061 1580 1105 semper·fignificat
1604 1061 1816 1104 privationem
1838 1062 1952 1096 realem
1979 1073 1989 1103 ,-
2019 1060 2150 1104 negatio

1281 1109 1355 1148 vero
1380 1123 1502 1155 negans
1523 1111 1681 1155 fignificat
1705 1120 1772 1144 tam
1797 1111 2028 1155 negationem,
2054 1121 2150 1151 quam

1281 1161 1492 1203 privationem
1517 1162 1633 1196 realem
1660 1173 1667 1193 :
1705 1171 1799 1202 atque
1821 1162 1864 1194 ira
1886 1159 1997 1194 eadem
2019 1158 2151 1203 negatio

1279 1210 1370 1247 realis
1395 1211 1592 1254 significatur
1613 1221 1667 1254 per
1693 1210 1773 1247 duas
1800 1212 1988 1254 negationes
2008 1209 2155 1251 vocales·,

1280 1261 1476 1303 possuntque
1502 1271 1555 1303 per
1569 1260 1766 1303 consequens
1777 1261 1837 1297 effe
1849 1261 1951 1304 plures
1962 1259 2151 1304 negationes

1279 1311 1427 1349 vocales,
1452 1321 1550 1354 quam
1561 1310 1621 1346 sint
1634 1311 1750 1348 reales.

1272 1366 1274 1370 ⁴
1327 1360 1355 1395 6.
1386 1361 1564 1394 antecedens
1586 1360 1637 1393 boc
1655 1360 1821 1402 probatur:
1850 1360 1938 1407 Q-ia
1955 1385 1965 1401 ‚
1994 1369 2029 1392 ut
2047 1355 2151 1394 ‘habet

1259 1396 1263 1442 l
1277 1410 1386 1453 regula
1402 1410 1652 1446 suminulissic22
1682 1411 1735 1444 Ad
1747 1410 1972 1444 affirmativam
1984 1409 2025 1441 de
2038 1407 2151 1450 praedi*

1274 1461 1491 1495 catoinsinito
1501 1461 1644 1504 sequitur
1664 1462 1811 1504 negativa
1831 1459 1872 1493 de
1884 1458 2054 1502 praedicato
2078 1457 2149 1491 fini·

1276 1519 1329 1551 to,
1356 1508 1464 1549 Idest:
1492 1509 1528 1543 ln
1550 1510 1833 1554 argumentatione
1854 1508 1936 1544 reste
1949 1506 2151 1551 procedimus

1276 1561 1293 1592 a
1306 1561 1482 1604 negatione
1495 1560 1682 1596 infinitante
1693 1559 1742 1594 vel
1755 1560 1901 1603 privante
1913 1559 1952 1592 ad
1962 1566 2150 1601 negantem,

1275 1609 1336 1647 &e
1363 1620 1476 1643 contra
1497 1609 1515 1647 ὁ
1539 1610 1713 1654 negatione
1735 1619 1876 1654 negante
1887 1609 1967 1642 reste
1982 1617 2150 1651 argumen-

1275 1669 1381 1694 tamur
1394 1659 1445 1692 ad.
1459 1660 1680 1697 infinitantem
1701 1660 1749 1692 vel
1765 1660 1942 1702 privantem
1955 1682 1962 1689 .
1991 1658 2079 1700 Ergo
2100 1667 2153 1693 ne·

1275 1710 1365 1753 gatio
1379 1719 1500 1753 negans
1510 1710 1669 1754 significat
1693 1707 1952 1743 interdum-idem
1965 1730 1976 1747 ,
1997 1706 2085 1750 quod
2099 1716 2153 1740 ne·

1275 1760 1366 1803 gatio
1379 1757 1565 1801 infinitam
1594 1758 1754 1794 interdum
1768 1759 1853 1792 idem
1866 1781 1876 1798 ,
1901 1757 1987 1801 quod
2003 1757 2150 1800 privans.

1258 1789 1367 1858 {Pam
1390 1810 1561 1844 antecedens
1598 1821 1605 1841 ε
1650 1809 1739 1856 Qia
1759 1808 1851 1842 bone:
1875 1809 1947 1840 sunt
1970 1810 2082 1843 omnes
2103 1801 2151 1839 hae

1259 1859 1530 1902 'consequentiae:
1559 1859 1675 1895 Homo
1689 1870 1755 1892 non
1768 1858 1812 1890 est
1828 1857 1959 1891 brutum
1971 1880 1982 1895 ,
2010 1866 2087 1898 ergo
2100 1853 2148 1889 est

1259 1921 1343 1955 tnon
1357 1906 1507 1941 brutum.
1535 1908 1652 1942 Homo
1676 1907 1721 1945 est
1748 1919 1814 1941 non
1830 1906 1981 1948 brutum;
2005 1915 2085 1949 ergo
2096 1903 2152 1939 ho«

1243 1957 1332 2002 ,imo
1344 1970 1412 1991 non
1433 1959 1476 1992 est
1488 1959 1616 1993 brutum
1627 1983 1636 1991 .
1664 1957 1774 1992 Paries
1796 1966 1862 1991 non
1874 1955 1919 1988 est
1931 1955 2022 1991 albus
2037 1978 2048 1993 ,
2070 1963 2151 1997 ergo

1259 2005 1321 2043 {est
1337 2016 1403 2039 non
1416 2006 1506 2047 albus
1526 2030 1536 2045 ‚
1562 2007 1624 2043 διε.
1645 2008 1763 2042 Homo
1784 2007 1829 2038 est
1852 2014 1952 2038 cecus
1967 2028 1977 2043 ,
2002 2013 2081 2047 ergo
2093 2000 2151 2037 ho-

1259 2047 1263 2070 ¹
1276 2067 1333 2089 mo
1345 2067 1412 2089 non
1425 2055 1468 2088 est
1484 2055 1611 2092 visivus.
1643 2057 1760 2089 Homo
1773 2066 1840 2088 non
1853 2054 1897 2088 est
1910 2053 2045 2094 visivus,
2072 2062 2152 2096 ergo

1259 2072 1319 2142 lest
1332 2115 1452 2141 caecus,
1481 2106 1590 2136 &ein
1613 2104 1732 2146 quibus
1754 2102 2014 2145 consequentiis,
2040 2102 2086 2134 uti
2101 2113 2154 2144 pa·-

1259 2144 1344 2223 Jtet,
1373 2153 1496 2194 semper
1516 2152 1701 2195 proceditur
1721 2152 1740 2188 a
1770 2153 1945 2194 negatione
1966 2150 2152 2186 infinitante

1242 2202 1746 2249 ,5autprivanteadnegantem,
1775 2200 1991 2234 vele-contra.
2019 2197 2144 2241 conseq.

1241 2247 1346 2290 {lvere
1372 2250 1516 2293 probatur
1536 2262 1543 2284 ε
1583 2250 1674 2297 Qia
1707 2251 1740 2283 in
1763 2249 1848 2284 bona
1867 2249 2152 2293 argumentatione

1260 2288 1263 2346 Ι
1279 2300 1511 2343 consequentia
1532 2299 1687 2334 fundatur
1700 2300 1734 2332 in
1746 2310 1787 2332 eo
1799 2323 1809 2339 ,
1836 2299 1927 2340 quod
1941 2296 2152 2340 procedamus

1277 2349 1317 2383 ab
1336 2351 1452 2388 eodem
1476 2349 1517 2384 ad
1538 2348 1671 2391 seipsum
1697 2348 1855 2389 realiter‚'
1869 2347 2031 2388 diversum
2042 2357 2152 2387 tamen

1278 2401 1424 2437 ratione.-
1448 2398 1537 2443 atqui
1560 2399 1639 2433 redte
1651 2398 1853 2442 procedimus
1877 2396 2052 2432 intermino
2077 2395 2149 2439 infir.

1260 2451 1383 2492 gnitato
1393 2449 1622 2483 adterminum
1635 2459 1787 2492 negatum
1803 2472 1813 2488 ‚
1840 2448 1872 2481 ὅ(
1886 2446 1904 2480 ὲ
1914 2458 2050 2481 contra:
2073 2445 2151 2480 item

1242 2493 1359 2536 ire-&e
1369 2498 1604 2542 procedimus&
1625 2500 1803 2543 negatione
1827 2508 1969 2539 negante
1991 2497 2029 2530 ad
2044 2495 2150 2532 infini·

1260 2544 1398 2594 {tantem
1419 2559 1474 2582 aut
1498 2549 1698 2591 privantem,
1721 2548 1754 2580 δ(
1776 2545 1794 2578 ὲ
1822 2557 1951 2579 contra.
1984 2546 2072 2589 Ergo
2098 2555 2153 2578 ner

1260 2595 1366 2647 {gatio
1391 2609 1515 2642 negans
1540 2597 1700 2631 interdum
1725 2596 1812 2629 idem
1838 2596 1882 2629 est
1904 2618 1915 2635 ,
1941 2594 2094 2637 idemque
2109 2594 2151 2628 siv

1259 2648 1410 2693 ygnificat
1439 2671 1449 2687 ‚
1477 2647 1564 2690 quod
1593 2647 1725 2690 negatio
1754 2645 1921 2680 infinitans
1947 2657 1962 2686 ;
1988 2642 2150 2678 interdum

1278 2699 1362 2732 idem
1375 2723 1386 2738 ,
1412 2697 1499 2740 quod
1515 2698 1645 2740 negatio
1656 2696 1783 2737 privans
1796 2718 1804 2726 .
2128 2719 2143 2737 ,-

1326 2760 1355 2794 7.
1384 2751 1469 2780 Petes
1489 2748 1607 2788 primii:
1636 2744 1819 2792 Qomodo,
1838 2744 1918 2778 reste
1940 2742 2150 2788 procedamus

1275 2798 1292 2836 ὲ,
1315 2797 1456 2832 termino
1481 2806 1601 2841 negato
1627 2797 1666 2829 ad
1689 2795 1914 2834 infinitatum,
1941 2794 2151 2830 acecontras

1279 2849 1341 2881 five
1364 2846 1534 2891 quomodo
1559 2847 1642 2880 reete
1664 2844 1901 2888 procedamus&
1916 2844 2154 2888 negationem-

1277 2910 1374 2943 gante
1397 2898 1438 2931 ad
1457 2897 1676 2930 infinitantem
1693 2919 1703 2935 ,
1739 2905 1776 2927 ac
1798 2894 1816 2927 ὲ
1838 2905 1951 2927 contra
1970 2907 1981 2927 .-
2007 2893 2152 2936 adeoque

1279 2948 1448 2992 quomodo
1487 2945 1619 2990 negatio
1657 2956 1780 2988 negans
1821 2943 1982 2988 significet
2017 2942 2152 2982 subinde

1279 2997 1363 3033 idem
1387 3022 1398 3038 ‚
1435 2996 1522 3040 quod
1546 2994 1677 3039 negatio
1700 2994 1867 3027 infinitans
1889 2995 1902 3025 ?
1926 2992 2007 3035 Resp.
2032 2991 2152 3024 Ratio-

1281 3060 1354 3083 nem
1380 3048 1441 3081 effe
1464 3044 1570 3079 hanc:
1599 3045 1674 3087 quia
1695 3044 1869 3086 propositio
1890 3043 2040 3075 constans
2052 3051 2152 3084 nega-

1279 3099 1373 3132 tione
1402 3107 1540 3140 negante
1564 3093 1648 3131 idem
1671 3092 1764 3137 plane
1776 3092 1954 3136 fignificat,
1980 3091 2068 3133 quod
2083 3101 2154 3133 pro-

1282 3149 1395 3191 positio
1417 3146 1568 3183 conflans
1593 3142 1765 3187 negatione
1782 3142 1988 3174 infinitante:
2015 3152 2093 3183 ergo
2107 3150 2154 3173 re-

1282 3197 1331 3231 ἃὲ
1355 3196 1559 3240 procedimus
1581 3193 1621 3228 ab,
1640 3192 1701 3226 hac
1724 3193 1763 3225 ad
1784 3191 1897 3229 illam,
1924 3191 1957 3225 &
1980 3189 2020 3224 ab
2043 3190 2094 3223 illa
2110 3190 2152 3224 ad

1286 3246 1369 3280 lianc
1383 3271 1389 3278 .
1420 3247 1566 3280 Probatur
1578 3243 1747 3276 antecedens
1763 3254 1769 3274 :
1793 3241 1883 3288 Qia
1897 3252 1970 3274 cum
1983 3241 2057 3274 dico
2071 3239 2153 3272 bom·

1285 3308 1340 3328 non
1364 3296 1400 3336 est
1431 3296 1549 3331 brutum
1563 3318 1572 3334 ,
1600 3295 1633 3326 (π
1658 3291 1738 3324 bomo
1759 3291 1797 3331 est
1820 3301 1877 3323 non
1899 3291 2037 3329 brutum,
2065 3289 2152 3323 idem

1288 3345 1381 3389 plane
1391 3346 1482 3380 dico:
1517 3342 1605 3387 atqui
1630 3341 1731 3385 prima
1748 3340 1920 3383 propositio
1931 3340 1974 3373 est
1997 3339 2037 3372 de
2048 3340 2154 3372 termi-

1286 3407 1330 3430 no
1353 3407 1496 3440 negato,
1521 3391 1708 3434 constatque
1730 3391 1906 3434 negatione
1919 3399 2085 3432 negante;
2114 3390 2155 3421 se·

1290 3445 1394 3480 cunda
1409 3444 1484 3478 vero
1496 3443 1539 3477 est
1554 3441 1745 3475 determino
1758 3440 1921 3473 infinitato
1932 3463 1942 3478 ,
1964 3438 2154 3480 constatque

1293 3496 1468 3541 negatione
1493 3491 1700 3531 infinitante:
1726 3487 1824 3535 ergo,
1852 3490 1912 3523 διε.
1936 3487 2082 3524 Probatur
2094 3500 2153 3523 ma-

2035 3548 2100 3579 jer:
