<?xml version="1.0" encoding="UTF-8"?>
<!DOCTYPE html PUBLIC "-//W3C//DTD XHTML 1.0 Transitional//EN"
    "http://www.w3.org/TR/xhtml1/DTD/xhtml1-transitional.dtd">
<html xmlns="http://www.w3.org/1999/xhtml" xml:lang="en" lang="en">
 <head>
  <title>
</title>
<meta http-equiv="Content-Type" content="text/html;charset=utf-8" />
  <meta name='ocr-system' content='tesseract 3.04.00' />
  <meta name='ocr-capabilities' content='ocr_page ocr_carea ocr_par ocr_line ocrx_word'/>
</head>
<body>
  <div class='ocr_page' id='page_1' title='image "./operaomniastudio12lupuuoft/operaomniastudio12lupuuoft_0287.png"; bbox 0 0 2384 3770; ppageno 0'>
   <div class='ocr_carea' id='block_1_1' title="bbox 252 143 1803 220">
    <p class='ocr_par' dir='ltr' id='par_1_1' title="bbox 252 143 1803 220">
     <span class='ocr_line' id='line_1_1' title="bbox 252 143 1803 220; baseline -0.003 -25"><span class='ocrx_word' id='word_1_1' title='bbox 252 154 394 202; x_wconf 66' lang='lat' dir='ltr'>Rue.</span> <span class='ocrx_word' id='word_1_2' title='bbox 433 148 621 220; x_wconf 58' lang='lat' dir='ltr'>Quaen,</span> <span class='ocrx_word' id='word_1_3' title='bbox 659 147 1088 202; x_wconf 14' lang='lat' dir='ltr'>AniDieuosc.</span> <span class='ocrx_word' id='word_1_4' title='bbox 1125 143 1294 190; x_wconf 65' lang='lat' dir='ltr'>Pam).</span> <span class='ocrx_word' id='word_1_5' title='bbox 1330 144 1508 189; x_wconf 58' lang='lat' dir='ltr'>Coma</span> <span class='ocrx_word' id='word_1_6' title='bbox 1547 144 1622 198; x_wconf 79' lang='lat' dir='ltr'>Er</span> <span class='ocrx_word' id='word_1_7' title='bbox 1655 145 1803 194; x_wconf 59' lang='lat' dir='ltr'>Necss</span> 
     </span>
    </p>
   </div>
   <div class='ocr_carea' id='block_1_2' title="bbox 219 227 1090 1129">
    <p class='ocr_par' dir='ltr' id='par_1_2' title="bbox 222 227 1090 780">
     <span class='ocr_line' id='line_1_2' title="bbox 229 227 1089 285; baseline -0.017 -9"><span class='ocrx_word' id='word_1_8' title='bbox 229 236 321 285; x_wconf 73' lang='lat' dir='ltr'>Ergo</span> <span class='ocrx_word' id='word_1_9' title='bbox 332 239 415 273; x_wconf 88' lang='lat' dir='ltr'>inter</span> <span class='ocrx_word' id='word_1_10' title='bbox 435 235 669 283; x_wconf 81' lang='lat' dir='ltr'>propositiones</span> <span class='ocrx_word' id='word_1_11' title='bbox 691 229 906 268; x_wconf 87' lang='lat' dir='ltr'>accidentales</span> <span class='ocrx_word' id='word_1_12' title='bbox 925 227 1089 272; x_wconf 80' lang='lat' dir='ltr'>oppositas</span> 
     </span>
     <span class='ocr_line' id='line_1_3' title="bbox 228 278 1090 337; baseline -0.017 -13"><span class='ocrx_word' id='word_1_13' title='bbox 228 287 384 326; x_wconf 72' lang='lat' dir='ltr'>essentiali</span> <span class='ocrx_word' id='word_1_14' title='bbox 394 311 405 328; x_wconf 87' lang='lat'>,</span> <span class='ocrx_word' id='word_1_15' title='bbox 432 287 547 337; x_wconf 80' lang='lat' dir='ltr'>aliquae</span> <span class='ocrx_word' id='word_1_16' title='bbox 560 287 634 320; x_wconf 87' lang='lat' dir='ltr'>sunt</span> <span class='ocrx_word' id='word_1_17' title='bbox 658 283 888 327; x_wconf 80' lang='lat' dir='ltr'>contingentes</span> <span class='ocrx_word' id='word_1_18' title='bbox 898 303 905 311; x_wconf 95' lang='lat'><strong><em>.</em></strong></span> <span class='ocrx_word' id='word_1_19' title='bbox 934 278 1090 314; x_wconf 82' lang='lat' dir='ltr'>Similiter</span> 
     </span>
     <span class='ocr_line' id='line_1_4' title="bbox 228 327 1088 383; baseline -0.019 -8"><span class='ocrx_word' id='word_1_20' title='bbox 228 340 275 375; x_wconf 73' lang='lat' dir='ltr'>hae</span> <span class='ocrx_word' id='word_1_21' title='bbox 287 337 530 383; x_wconf 69' lang='lat' dir='ltr'>praedicationes</span> <span class='ocrx_word' id='word_1_22' title='bbox 542 360 555 380; x_wconf 90' lang='lat'>,</span> <span class='ocrx_word' id='word_1_23' title='bbox 581 340 672 378; x_wconf 62' lang='lat' dir='ltr'>Homo</span> <span class='ocrx_word' id='word_1_24' title='bbox 681 332 719 373; x_wconf 87' lang='grc' dir='ltr'><strong><em>ιβ</em></strong></span> <span class='ocrx_word' id='word_1_25' title='bbox 729 330 844 373; x_wconf 74' lang='lat' dir='ltr'>rifibtlis</span> <span class='ocrx_word' id='word_1_26' title='bbox 854 354 865 369; x_wconf 94' lang='lat'>,</span> <span class='ocrx_word' id='word_1_27' title='bbox 893 327 976 367; x_wconf 65' lang='lat' dir='ltr'>homo</span> <span class='ocrx_word' id='word_1_28' title='bbox 987 327 1026 368; x_wconf 85' lang='grc' dir='ltr'><strong><em>ιβ</em></strong></span> <span class='ocrx_word' id='word_1_29' title='bbox 1039 329 1088 360; x_wconf 80' lang='lat' dir='ltr'>ad-</span> 
     </span>
     <span class='ocr_line' id='line_1_5' title="bbox 227 378 1087 431; baseline -0.012 -8"><span class='ocrx_word' id='word_1_30' title='bbox 227 389 388 430; x_wconf 66' lang='lat' dir='ltr'>mirari-pus</span> <span class='ocrx_word' id='word_1_31' title='bbox 400 412 411 428; x_wconf 91' lang='lat'>‚</span> <span class='ocrx_word' id='word_1_32' title='bbox 431 399 524 431; x_wconf 85' lang='lat' dir='ltr'>equus</span> <span class='ocrx_word' id='word_1_33' title='bbox 537 386 574 426; x_wconf 93' lang='grc' dir='ltr'><strong><em>ιβ</em></strong></span> <span class='ocrx_word' id='word_1_34' title='bbox 588 382 742 419; x_wconf 67' lang='grc' dir='ltr'>ὂὲηηὶόὶίίι</span> <span class='ocrx_word' id='word_1_35' title='bbox 753 404 765 421; x_wconf 82' lang='grc'><strong><em>,</em></strong></span> <span class='ocrx_word' id='word_1_36' title='bbox 792 381 847 415; x_wconf 70' lang='grc' dir='ltr'>(π.</span> <span class='ocrx_word' id='word_1_37' title='bbox 876 380 950 413; x_wconf 82' lang='lat' dir='ltr'>sunt</span> <span class='ocrx_word' id='word_1_38' title='bbox 973 378 1087 421; x_wconf 80' lang='lat' dir='ltr'>praedi-</span> 
     </span>
     <span class='ocr_line' id='line_1_6' title="bbox 227 428 1089 478; baseline -0.019 -2"><span class='ocrx_word' id='word_1_39' title='bbox 227 440 374 478; x_wconf 69' lang='lat' dir='ltr'>,cationes</span> <span class='ocrx_word' id='word_1_40' title='bbox 384 436 627 473; x_wconf 77' lang='lat' dir='ltr'>accidentaliter</span> <span class='ocrx_word' id='word_1_41' title='bbox 639 430 784 475; x_wconf 69' lang='lat' dir='ltr'>opposite</span> <span class='ocrx_word' id='word_1_42' title='bbox 796 429 969 467; x_wconf 79' lang='lat' dir='ltr'>essentiali:</span> <span class='ocrx_word' id='word_1_43' title='bbox 998 428 1089 471; x_wconf 88' lang='lat' dir='ltr'>atqui</span> 
     </span>
     <span class='ocr_line' id='line_1_7' title="bbox 226 477 1089 531; baseline -0.014 -8"><span class='ocrx_word' id='word_1_44' title='bbox 226 501 336 528; x_wconf 84' lang='lat' dir='ltr'>tamen</span> <span class='ocrx_word' id='word_1_45' title='bbox 361 490 434 524; x_wconf 88' lang='lat' dir='ltr'>sunt</span> <span class='ocrx_word' id='word_1_46' title='bbox 455 482 699 531; x_wconf 54' lang='lat' dir='ltr'>praedicationes</span> <span class='ocrx_word' id='word_1_47' title='bbox 721 480 899 514; x_wconf 68' lang='lat' dir='ltr'>necessariae</span> <span class='ocrx_word' id='word_1_48' title='bbox 921 490 931 528; x_wconf 52' lang='grc' dir='ltr'><strong>ᾗ</strong></span> <span class='ocrx_word' id='word_1_49' title='bbox 962 478 1002 523; x_wconf 16' lang='lat' dir='ltr'>‘in</span> <span class='ocrx_word' id='word_1_50' title='bbox 1026 477 1089 511; x_wconf 89' lang='lat' dir='ltr'>illis</span> 
     </span>
     <span class='ocr_line' id='line_1_8' title="bbox 227 527 1089 583; baseline -0.013 -11"><span class='ocrx_word' id='word_1_51' title='bbox 227 540 344 583; x_wconf 82' lang='lat' dir='ltr'>quippe</span> <span class='ocrx_word' id='word_1_52' title='bbox 355 537 571 582; x_wconf 75' lang='lat' dir='ltr'>significatum</span> <span class='ocrx_word' id='word_1_53' title='bbox 583 531 720 567; x_wconf 82' lang='lat' dir='ltr'>formale</span> <span class='ocrx_word' id='word_1_54' title='bbox 733 529 893 574; x_wconf 82' lang='lat' dir='ltr'>praedicati</span> <span class='ocrx_word' id='word_1_55' title='bbox 906 529 950 562; x_wconf 91' lang='lat' dir='ltr'>est</span> <span class='ocrx_word' id='word_1_56' title='bbox 963 527 1089 567; x_wconf 77' lang='lat' dir='ltr'>realiter</span> 
     </span>
     <span class='ocr_line' id='line_1_9' title="bbox 225 579 1087 630; baseline -0.016 -6"><span class='ocrx_word' id='word_1_57' title='bbox 225 588 462 630; x_wconf 77' lang='lat' dir='ltr'>identificatum</span> <span class='ocrx_word' id='word_1_58' title='bbox 477 583 636 627; x_wconf 66' lang='lat' dir='ltr'>subit-sto:</span> <span class='ocrx_word' id='word_1_59' title='bbox 656 591 691 624; x_wconf 79' lang='lat' dir='ltr'>ut</span> <span class='ocrx_word' id='word_1_60' title='bbox 702 579 914 613; x_wconf 75' lang='lat' dir='ltr'>consideranti</span> <span class='ocrx_word' id='word_1_61' title='bbox 931 579 1026 614; x_wconf 69' lang='lat' dir='ltr'>facile</span> <span class='ocrx_word' id='word_1_62' title='bbox 1038 589 1087 622; x_wconf 86' lang='lat' dir='ltr'>pa-</span> 
     </span>
     <span class='ocr_line' id='line_1_10' title="bbox 226 629 1086 681; baseline -0.013 -8"><span class='ocrx_word' id='word_1_63' title='bbox 226 639 307 675; x_wconf 89' lang='lat' dir='ltr'>tebit</span> <span class='ocrx_word' id='word_1_64' title='bbox 317 663 327 681; x_wconf 87' lang='lat'>‚</span> <span class='ocrx_word' id='word_1_65' title='bbox 352 638 387 674; x_wconf 72' lang='grc' dir='ltr'>ὃι</span> <span class='ocrx_word' id='word_1_66' title='bbox 397 636 431 670; x_wconf 85' lang='lat' dir='ltr'>in</span> <span class='ocrx_word' id='word_1_67' title='bbox 445 635 571 679; x_wconf 74' lang='lat' dir='ltr'>Logica</span> <span class='ocrx_word' id='word_1_68' title='bbox 585 644 627 667; x_wconf 86' lang='lat' dir='ltr'>ex</span> <span class='ocrx_word' id='word_1_69' title='bbox 640 631 782 676; x_wconf 87' lang='lat' dir='ltr'>professo</span> <span class='ocrx_word' id='word_1_70' title='bbox 794 630 964 668; x_wconf 82' lang='lat' dir='ltr'>ostendam</span> <span class='ocrx_word' id='word_1_71' title='bbox 977 654 984 661; x_wconf 94' lang='lat'><em>.</em></span> <span class='ocrx_word' id='word_1_72' title='bbox 997 629 1086 677; x_wconf 84' lang='lat' dir='ltr'>Ergo</span> 
     </span>
     <span class='ocr_line' id='line_1_11' title="bbox 224 679 1086 730; baseline -0.013 -8"><span class='ocrx_word' id='word_1_73' title='bbox 224 690 308 723; x_wconf 79' lang='lat' dir='ltr'>inter</span> <span class='ocrx_word' id='word_1_74' title='bbox 319 685 559 730; x_wconf 76' lang='lat' dir='ltr'>praedicationes</span> <span class='ocrx_word' id='word_1_75' title='bbox 570 681 782 717; x_wconf 85' lang='lat' dir='ltr'>accidentales</span> <span class='ocrx_word' id='word_1_76' title='bbox 794 679 954 725; x_wconf 65' lang='lat' dir='ltr'>essentiali</span> <span class='ocrx_word' id='word_1_77' title='bbox 962 680 1086 725; x_wconf 67' lang='lat' dir='ltr'>opposi-</span> 
     </span>
     <span class='ocr_line' id='line_1_12' title="bbox 222 732 750 780; baseline -0.013 -8"><span class='ocrx_word' id='word_1_78' title='bbox 222 748 271 778; x_wconf 82' lang='lat' dir='ltr'>tas</span> <span class='ocrx_word' id='word_1_79' title='bbox 282 761 293 778; x_wconf 89' lang='lat'><em>,</em></span> <span class='ocrx_word' id='word_1_80' title='bbox 318 735 465 780; x_wconf 74' lang='lat' dir='ltr'>quaedam</span> <span class='ocrx_word' id='word_1_81' title='bbox 479 736 552 778; x_wconf 78' lang='lat' dir='ltr'>sunt</span> <span class='ocrx_word' id='word_1_82' title='bbox 564 732 733 774; x_wconf 67' lang='lat' dir='ltr'>necessarie</span> <span class='ocrx_word' id='word_1_83' title='bbox 742 755 750 764; x_wconf 87' lang='lat'><strong>.</strong></span> 
     </span>
    </p>

    <p class='ocr_par' dir='ltr' id='par_1_3' title="bbox 219 778 1086 1129">
     <span class='ocr_line' id='line_1_13' title="bbox 273 778 1086 835; baseline -0.011 -15"><span class='ocrx_word' id='word_1_84' title='bbox 273 797 328 835; x_wconf 81' lang='lat'>43.</span> <span class='ocrx_word' id='word_1_85' title='bbox 354 785 404 826; x_wconf 79' lang='lat' dir='ltr'>Ex</span> <span class='ocrx_word' id='word_1_86' title='bbox 416 784 534 829; x_wconf 86' lang='lat' dir='ltr'>quibus</span> <span class='ocrx_word' id='word_1_87' title='bbox 544 782 698 823; x_wconf 81' lang='lat' dir='ltr'>omnibus</span> <span class='ocrx_word' id='word_1_88' title='bbox 717 780 833 827; x_wconf 82' lang='lat' dir='ltr'>colligi</span> <span class='ocrx_word' id='word_1_89' title='bbox 855 778 958 823; x_wconf 76' lang='lat' dir='ltr'>potest</span> <span class='ocrx_word' id='word_1_90' title='bbox 973 800 983 819; x_wconf 86' lang='lat'>‚</span> <span class='ocrx_word' id='word_1_91' title='bbox 1009 778 1086 821; x_wconf 85' lang='lat' dir='ltr'>quid</span> 
     </span>
     <span class='ocr_line' id='line_1_14' title="bbox 224 830 1085 879; baseline -0.015 -7"><span class='ocrx_word' id='word_1_92' title='bbox 224 839 262 874; x_wconf 83' lang='lat' dir='ltr'>sit</span> <span class='ocrx_word' id='word_1_93' title='bbox 273 836 406 874; x_wconf 83' lang='lat' dir='ltr'>materia</span> <span class='ocrx_word' id='word_1_94' title='bbox 417 837 614 879; x_wconf 85' lang='lat' dir='ltr'>contingens</span> <span class='ocrx_word' id='word_1_95' title='bbox 626 857 636 873; x_wconf 91' lang='lat'><em>,</em></span> <span class='ocrx_word' id='word_1_96' title='bbox 655 830 734 876; x_wconf 78' lang='lat' dir='ltr'>quid</span> <span class='ocrx_word' id='word_1_97' title='bbox 748 830 880 873; x_wconf 76' lang='lat' dir='ltr'>materia</span> <span class='ocrx_word' id='word_1_98' title='bbox 893 830 1062 861; x_wconf 75' lang='lat' dir='ltr'>necessaria</span> <span class='ocrx_word' id='word_1_99' title='bbox 1074 852 1085 869; x_wconf 85' lang='lat'>‚</span> 
     </span>
     <span class='ocr_line' id='line_1_15' title="bbox 222 879 1086 931; baseline -0.013 -9"><span class='ocrx_word' id='word_1_100' title='bbox 222 886 301 931; x_wconf 71' lang='lat' dir='ltr'>quid</span> <span class='ocrx_word' id='word_1_101' title='bbox 309 886 441 924; x_wconf 82' lang='lat' dir='ltr'>materia</span> <span class='ocrx_word' id='word_1_102' title='bbox 453 882 654 930; x_wconf 82' lang='lat' dir='ltr'>impoffibilis</span> <span class='ocrx_word' id='word_1_103' title='bbox 666 906 673 915; x_wconf 90' lang='lat'><strong>.</strong></span> <span class='ocrx_word' id='word_1_104' title='bbox 700 879 781 923; x_wconf 79' lang='lat' dir='ltr'>Item</span> <span class='ocrx_word' id='word_1_105' title='bbox 794 903 806 921; x_wconf 84' lang='lat'>‚</span> <span class='ocrx_word' id='word_1_106' title='bbox 832 879 909 924; x_wconf 83' lang='lat' dir='ltr'>quid</span> <span class='ocrx_word' id='word_1_107' title='bbox 923 879 958 915; x_wconf 85' lang='lat' dir='ltr'>sit</span> <span class='ocrx_word' id='word_1_108' title='bbox 972 888 1086 921; x_wconf 91' lang='lat' dir='ltr'>propo-</span> 
     </span>
     <span class='ocr_line' id='line_1_16' title="bbox 222 928 1085 978; baseline -0.016 -5"><span class='ocrx_word' id='word_1_109' title='bbox 222 938 295 977; x_wconf 77' lang='lat' dir='ltr'>sitio</span> <span class='ocrx_word' id='word_1_110' title='bbox 310 937 351 971; x_wconf 86' lang='lat' dir='ltr'>de</span> <span class='ocrx_word' id='word_1_111' title='bbox 361 936 492 970; x_wconf 85' lang='lat' dir='ltr'>materia</span> <span class='ocrx_word' id='word_1_112' title='bbox 503 930 710 978; x_wconf 70' lang='lat' dir='ltr'>contingenti</span> <span class='ocrx_word' id='word_1_113' title='bbox 724 954 735 969; x_wconf 89' lang='lat'>‚</span> <span class='ocrx_word' id='word_1_114' title='bbox 760 928 802 963; x_wconf 86' lang='lat' dir='ltr'>de</span> <span class='ocrx_word' id='word_1_115' title='bbox 823 928 954 973; x_wconf 81' lang='lat' dir='ltr'>materia</span> <span class='ocrx_word' id='word_1_116' title='bbox 980 928 1085 961; x_wconf 87' lang='lat' dir='ltr'>neces·</span> 
     </span>
     <span class='ocr_line' id='line_1_17' title="bbox 222 977 1084 1027; baseline -0.012 -5"><span class='ocrx_word' id='word_1_117' title='bbox 222 988 300 1022; x_wconf 75' lang='lat' dir='ltr'>saria</span> <span class='ocrx_word' id='word_1_118' title='bbox 317 1011 327 1027; x_wconf 92' lang='lat'><strong>,</strong></span> <span class='ocrx_word' id='word_1_119' title='bbox 353 985 435 1025; x_wconf 77' lang='lat' dir='ltr'>&amp;de</span> <span class='ocrx_word' id='word_1_120' title='bbox 455 982 588 1026; x_wconf 71' lang='lat' dir='ltr'>materia</span> <span class='ocrx_word' id='word_1_121' title='bbox 609 979 817 1026; x_wconf 78' lang='lat' dir='ltr'>impoffibili.</span> <span class='ocrx_word' id='word_1_122' title='bbox 848 979 974 1017; x_wconf 80' lang='lat' dir='ltr'>Dicunt</span> <span class='ocrx_word' id='word_1_123' title='bbox 995 977 1084 1012; x_wconf 86' lang='lat' dir='ltr'>enim</span> 
     </span>
     <span class='ocr_line' id='line_1_18' title="bbox 220 1028 1084 1080; baseline -0.017 -6"><span class='ocrx_word' id='word_1_124' title='bbox 220 1036 331 1080; x_wconf 78' lang='lat' dir='ltr'>paffim</span> <span class='ocrx_word' id='word_1_125' title='bbox 349 1033 564 1076; x_wconf 62' lang='lat' dir='ltr'>Summulislae</span> <span class='ocrx_word' id='word_1_126' title='bbox 573 1032 661 1076; x_wconf 89' lang='lat' dir='ltr'>quod</span> <span class='ocrx_word' id='word_1_127' title='bbox 677 1031 811 1074; x_wconf 79' lang='lat' dir='ltr'>materia</span> <span class='ocrx_word' id='word_1_128' title='bbox 823 1028 1084 1072; x_wconf 83' lang='lat' dir='ltr'>propositionum</span> 
     </span>
     <span class='ocr_line' id='line_1_19' title="bbox 219 1078 1083 1129; baseline -0.014 -8"><span class='ocrx_word' id='word_1_129' title='bbox 219 1087 260 1122; x_wconf 90' lang='lat' dir='ltr'>de</span> <span class='ocrx_word' id='word_1_130' title='bbox 272 1086 367 1129; x_wconf 69' lang='lat' dir='ltr'>inesse</span> <span class='ocrx_word' id='word_1_131' title='bbox 390 1086 426 1128; x_wconf 82' lang='lat' dir='ltr'>sit</span> <span class='ocrx_word' id='word_1_132' title='bbox 446 1083 562 1128; x_wconf 74' lang='lat' dir='ltr'>triplex</span> <span class='ocrx_word' id='word_1_133' title='bbox 584 1097 596 1124; x_wconf 66' lang='grc' dir='ltr'>ς</span> <span class='ocrx_word' id='word_1_134' title='bbox 623 1081 772 1116; x_wconf 72' lang='lat' dir='ltr'>videlicet</span> <span class='ocrx_word' id='word_1_135' title='bbox 784 1078 981 1123; x_wconf 68' lang='lat' dir='ltr'>necessaria,</span> <span class='ocrx_word' id='word_1_136' title='bbox 1008 1089 1083 1110; x_wconf 84' lang='lat' dir='ltr'>con-</span> 
     </span>
    </p>
   </div>
   <div class='ocr_carea' id='block_1_3' title="bbox 218 1127 1087 1182">
    <p class='ocr_par' dir='ltr' id='par_1_4' title="bbox 218 1127 1087 1182">
     <span class='ocr_line' id='line_1_20' title="bbox 218 1127 1087 1182; baseline -0.012 -12"><span class='ocrx_word' id='word_1_137' title='bbox 218 1137 350 1182; x_wconf 75' lang='lat' dir='ltr'>tingens</span> <span class='ocrx_word' id='word_1_138' title='bbox 361 1160 372 1179; x_wconf 87' lang='lat'><em>,</em></span> <span class='ocrx_word' id='word_1_139' title='bbox 397 1131 660 1179; x_wconf 43' lang='lat' dir='ltr'>&amp;impossibilia</span> <span class='ocrx_word' id='word_1_140' title='bbox 688 1131 772 1165; x_wconf 84' lang='lat' dir='ltr'>Item</span> <span class='ocrx_word' id='word_1_141' title='bbox 784 1130 900 1164; x_wconf 89' lang='lat' dir='ltr'>dicunt</span> <span class='ocrx_word' id='word_1_142' title='bbox 914 1127 1087 1172; x_wconf 89' lang='lat' dir='ltr'>propositi-</span> 
     </span>
    </p>
   </div>
   <div class='ocr_carea' id='block_1_4' title="bbox 205 1178 1084 2221">
    <p class='ocr_par' dir='ltr' id='par_1_5' title="bbox 208 1178 1084 2123">
     <span class='ocr_line' id='line_1_21' title="bbox 217 1178 1084 1226; baseline -0.013 -5"><span class='ocrx_word' id='word_1_143' title='bbox 217 1197 316 1226; x_wconf 71' lang='lat' dir='ltr'>onem</span> <span class='ocrx_word' id='word_1_144' title='bbox 330 1185 454 1226; x_wconf 85' lang='lat' dir='ltr'>ratione</span> <span class='ocrx_word' id='word_1_145' title='bbox 472 1183 615 1219; x_wconf 72' lang='lat' dir='ltr'>materiae</span> <span class='ocrx_word' id='word_1_146' title='bbox 627 1179 730 1223; x_wconf 82' lang='lat' dir='ltr'>dividi</span> <span class='ocrx_word' id='word_1_147' title='bbox 744 1181 776 1219; x_wconf 83' lang='lat' dir='ltr'>in</span> <span class='ocrx_word' id='word_1_148' title='bbox 791 1189 851 1226; x_wconf 76' lang='lat' dir='ltr'>tres</span> <span class='ocrx_word' id='word_1_149' title='bbox 864 1178 984 1222; x_wconf 80' lang='lat' dir='ltr'>species</span> <span class='ocrx_word' id='word_1_150' title='bbox 997 1202 1007 1218; x_wconf 88' lang='lat'>,</span> <span class='ocrx_word' id='word_1_151' title='bbox 1031 1178 1084 1214; x_wconf 89' lang='lat' dir='ltr'>seu</span> 
     </span>
     <span class='ocr_line' id='line_1_22' title="bbox 217 1230 1084 1278; baseline -0.013 -8"><span class='ocrx_word' id='word_1_152' title='bbox 217 1238 253 1269; x_wconf 84' lang='lat' dir='ltr'>in</span> <span class='ocrx_word' id='word_1_153' title='bbox 264 1238 325 1270; x_wconf 83' lang='lat' dir='ltr'>tria</span> <span class='ocrx_word' id='word_1_154' title='bbox 337 1235 481 1277; x_wconf 79' lang='lat' dir='ltr'>membra</span> <span class='ocrx_word' id='word_1_155' title='bbox 495 1246 506 1278; x_wconf 88' lang='lat'>;</span> <span class='ocrx_word' id='word_1_156' title='bbox 534 1232 684 1275; x_wconf 76' lang='lat' dir='ltr'>videlicet</span> <span class='ocrx_word' id='word_1_157' title='bbox 695 1231 730 1265; x_wconf 90' lang='lat' dir='ltr'>in</span> <span class='ocrx_word' id='word_1_158' title='bbox 742 1230 1006 1276; x_wconf 67' lang='lat' dir='ltr'>contingentem,</span> <span class='ocrx_word' id='word_1_159' title='bbox 1015 1238 1084 1270; x_wconf 85' lang='lat' dir='ltr'>quae</span> 
     </span>
     <span class='ocr_line' id='line_1_23' title="bbox 216 1278 1083 1328; baseline -0.012 -9"><span class='ocrx_word' id='word_1_160' title='bbox 216 1286 352 1324; x_wconf 80' lang='lat' dir='ltr'>materia</span> <span class='ocrx_word' id='word_1_161' title='bbox 374 1283 582 1328; x_wconf 78' lang='lat' dir='ltr'>contingenti</span> <span class='ocrx_word' id='word_1_162' title='bbox 593 1282 721 1316; x_wconf 86' lang='lat' dir='ltr'>constat</span> <span class='ocrx_word' id='word_1_163' title='bbox 733 1305 740 1312; x_wconf 94' lang='lat'><strong>.</strong></span> <span class='ocrx_word' id='word_1_164' title='bbox 767 1279 804 1317; x_wconf 83' lang='lat' dir='ltr'>In</span> <span class='ocrx_word' id='word_1_165' title='bbox 829 1278 1083 1322; x_wconf 76' lang='lat' dir='ltr'>propositionem</span> 
     </span>
     <span class='ocr_line' id='line_1_24' title="bbox 218 1326 1082 1377; baseline -0.009 -7"><span class='ocrx_word' id='word_1_166' title='bbox 218 1335 426 1377; x_wconf 70' lang='lat' dir='ltr'>necessariam</span> <span class='ocrx_word' id='word_1_167' title='bbox 440 1350 462 1376; x_wconf 77' lang='lat'>-,</span> <span class='ocrx_word' id='word_1_168' title='bbox 502 1343 570 1376; x_wconf 68' lang='lat' dir='ltr'>quat</span> <span class='ocrx_word' id='word_1_169' title='bbox 592 1331 727 1373; x_wconf 81' lang='lat' dir='ltr'>materia</span> <span class='ocrx_word' id='word_1_170' title='bbox 748 1329 917 1375; x_wconf 76' lang='lat' dir='ltr'>necessaria</span> <span class='ocrx_word' id='word_1_171' title='bbox 934 1326 1082 1362; x_wconf 70' lang='lat' dir='ltr'>constat.</span> 
     </span>
     <span class='ocr_line' id='line_1_25' title="bbox 218 1376 1083 1428; baseline -0.01 -9"><span class='ocrx_word' id='word_1_172' title='bbox 218 1385 314 1423; x_wconf 85' lang='lat' dir='ltr'>Acin</span> <span class='ocrx_word' id='word_1_173' title='bbox 328 1382 556 1427; x_wconf 83' lang='lat' dir='ltr'>impossibilem</span> <span class='ocrx_word' id='word_1_174' title='bbox 570 1406 582 1425; x_wconf 86' lang='lat'>‚</span> <span class='ocrx_word' id='word_1_175' title='bbox 608 1392 676 1428; x_wconf 77' lang='lat' dir='ltr'>quae</span> <span class='ocrx_word' id='word_1_176' title='bbox 687 1379 814 1423; x_wconf 80' lang='lat' dir='ltr'>constat</span> <span class='ocrx_word' id='word_1_177' title='bbox 828 1378 959 1419; x_wconf 78' lang='lat' dir='ltr'>materia</span> <span class='ocrx_word' id='word_1_178' title='bbox 969 1376 1083 1421; x_wconf 81' lang='lat' dir='ltr'>impos-</span> 
     </span>
     <span class='ocr_line' id='line_1_26' title="bbox 215 1425 1083 1478; baseline -0.01 -9"><span class='ocrx_word' id='word_1_179' title='bbox 215 1434 299 1475; x_wconf 75' lang='lat' dir='ltr'>sibili</span> <span class='ocrx_word' id='word_1_180' title='bbox 316 1460 324 1467; x_wconf 87' lang='lat'><strong>.</strong></span> <span class='ocrx_word' id='word_1_181' title='bbox 351 1435 430 1478; x_wconf 78' lang='lat' dir='ltr'>Haec</span> <span class='ocrx_word' id='word_1_182' title='bbox 442 1458 453 1474; x_wconf 87' lang='lat'>‚</span> <span class='ocrx_word' id='word_1_183' title='bbox 465 1434 598 1477; x_wconf 79' lang='lat' dir='ltr'>inquam</span> <span class='ocrx_word' id='word_1_184' title='bbox 614 1457 624 1473; x_wconf 96' lang='lat'>,</span> <span class='ocrx_word' id='word_1_185' title='bbox 649 1431 762 1471; x_wconf 81' lang='lat' dir='ltr'>omnia</span> <span class='ocrx_word' id='word_1_186' title='bbox 785 1430 868 1471; x_wconf 78' lang='lat' dir='ltr'>clara</span> <span class='ocrx_word' id='word_1_187' title='bbox 882 1429 967 1471; x_wconf 82' lang='lat' dir='ltr'>fiunt</span> <span class='ocrx_word' id='word_1_188' title='bbox 977 1439 1018 1462; x_wconf 85' lang='lat' dir='ltr'>ex</span> <span class='ocrx_word' id='word_1_189' title='bbox 1031 1425 1083 1467; x_wconf 74' lang='lat' dir='ltr'>ha·</span> 
     </span>
     <span class='ocr_line' id='line_1_27' title="bbox 214 1475 1082 1525; baseline -0.008 -8"><span class='ocrx_word' id='word_1_190' title='bbox 214 1487 326 1525; x_wconf 61' lang='lat' dir='ltr'>&amp;enus</span> <span class='ocrx_word' id='word_1_191' title='bbox 336 1483 448 1525; x_wconf 57' lang='lat' dir='ltr'>dictis.</span> <span class='ocrx_word' id='word_1_192' title='bbox 478 1483 567 1525; x_wconf 78' lang='lat' dir='ltr'>Nam</span> <span class='ocrx_word' id='word_1_193' title='bbox 580 1481 709 1515; x_wconf 83' lang='lat' dir='ltr'>materia</span> <span class='ocrx_word' id='word_1_194' title='bbox 721 1479 921 1521; x_wconf 87' lang='lat' dir='ltr'>contingens</span> <span class='ocrx_word' id='word_1_195' title='bbox 935 1475 1018 1514; x_wconf 81' lang='lat' dir='ltr'>nihil</span> <span class='ocrx_word' id='word_1_196' title='bbox 1037 1475 1082 1515; x_wconf 74' lang='lat' dir='ltr'>est</span> 
     </span>
     <span class='ocr_line' id='line_1_28' title="bbox 214 1525 1082 1579; baseline -0.012 -11"><span class='ocrx_word' id='word_1_197' title='bbox 214 1534 302 1575; x_wconf 80' lang='lat' dir='ltr'>aliud</span> <span class='ocrx_word' id='word_1_198' title='bbox 314 1558 326 1575; x_wconf 86' lang='lat'>,</span> <span class='ocrx_word' id='word_1_199' title='bbox 344 1544 441 1578; x_wconf 86' lang='lat' dir='ltr'>quarn</span> <span class='ocrx_word' id='word_1_200' title='bbox 455 1531 648 1579; x_wconf 59' lang='lat' dir='ltr'>subjeetum3</span> <span class='ocrx_word' id='word_1_201' title='bbox 664 1540 701 1565; x_wconf 80' lang='lat' dir='ltr'>ac</span> <span class='ocrx_word' id='word_1_202' title='bbox 714 1527 920 1573; x_wconf 75' lang='lat' dir='ltr'>praedicatum</span> <span class='ocrx_word' id='word_1_203' title='bbox 932 1525 981 1560; x_wconf 91' lang='lat' dir='ltr'>illi</span> <span class='ocrx_word' id='word_1_204' title='bbox 997 1536 1082 1561; x_wconf 58' lang='lat' dir='ltr'>con-f</span> 
     </span>
     <span class='ocr_line' id='line_1_29' title="bbox 215 1574 1081 1629; baseline -0.01 -11"><span class='ocrx_word' id='word_1_205' title='bbox 215 1583 345 1629; x_wconf 88' lang='lat' dir='ltr'>tingens</span> <span class='ocrx_word' id='word_1_206' title='bbox 355 1595 369 1627; x_wconf 72' lang='lat'>‚⁴</span> <span class='ocrx_word' id='word_1_207' title='bbox 395 1595 432 1623; x_wconf 74' lang='lat' dir='ltr'>ac</span> <span class='ocrx_word' id='word_1_208' title='bbox 444 1580 622 1626; x_wconf 71' lang='lat' dir='ltr'>propositio</span> <span class='ocrx_word' id='word_1_209' title='bbox 639 1580 696 1613; x_wconf 87' lang='lat' dir='ltr'>tali</span> <span class='ocrx_word' id='word_1_210' title='bbox 709 1576 849 1620; x_wconf 63' lang='lat' dir='ltr'>subiecto</span> <span class='ocrx_word' id='word_1_211' title='bbox 860 1600 871 1617; x_wconf 85' lang='lat'>‚</span> <span class='ocrx_word' id='word_1_212' title='bbox 898 1576 932 1611; x_wconf 88' lang='lat'>&amp;</span> <span class='ocrx_word' id='word_1_213' title='bbox 942 1574 1081 1626; x_wconf 61' lang='lat' dir='ltr'>predica·</span> 
     </span>
     <span class='ocr_line' id='line_1_30' title="bbox 216 1626 1078 1676; baseline -0.01 -8"><span class='ocrx_word' id='word_1_214' title='bbox 216 1646 252 1673; x_wconf 84' lang='lat' dir='ltr'>to</span> <span class='ocrx_word' id='word_1_215' title='bbox 264 1634 414 1676; x_wconf 81' lang='lat' dir='ltr'>constans</span> <span class='ocrx_word' id='word_1_216' title='bbox 438 1642 569 1675; x_wconf 83' lang='lat' dir='ltr'>vocatur</span> <span class='ocrx_word' id='word_1_217' title='bbox 586 1627 761 1673; x_wconf 74' lang='lat' dir='ltr'>propositio</span> <span class='ocrx_word' id='word_1_218' title='bbox 783 1626 1002 1669; x_wconf 83' lang='lat' dir='ltr'>contingens,</span> <span class='ocrx_word' id='word_1_219' title='bbox 1029 1626 1078 1659; x_wconf 90' lang='lat' dir='ltr'>vel</span> 
     </span>
     <span class='ocr_line' id='line_1_31' title="bbox 212 1672 1080 1726; baseline -0.014 -6"><span class='ocrx_word' id='word_1_220' title='bbox 212 1683 253 1720; x_wconf 87' lang='lat' dir='ltr'>de</span> <span class='ocrx_word' id='word_1_221' title='bbox 265 1683 397 1720; x_wconf 80' lang='lat' dir='ltr'>materia</span> <span class='ocrx_word' id='word_1_222' title='bbox 409 1681 617 1726; x_wconf 76' lang='lat' dir='ltr'>contingenti</span> <span class='ocrx_word' id='word_1_223' title='bbox 630 1703 637 1711; x_wconf 92' lang='lat'><strong>.</strong></span> <span class='ocrx_word' id='word_1_224' title='bbox 648 1678 787 1719; x_wconf 84' lang='lat' dir='ltr'>Materia</span> <span class='ocrx_word' id='word_1_225' title='bbox 799 1675 972 1715; x_wconf 80' lang='lat' dir='ltr'>necessaria</span> <span class='ocrx_word' id='word_1_226' title='bbox 996 1672 1080 1712; x_wconf 83' lang='lat' dir='ltr'>nihil</span> 
     </span>
     <span class='ocr_line' id='line_1_32' title="bbox 214 1725 1079 1776; baseline -0.012 -7"><span class='ocrx_word' id='word_1_227' title='bbox 214 1733 355 1772; x_wconf 78' lang='lat' dir='ltr'>aliudest</span> <span class='ocrx_word' id='word_1_228' title='bbox 369 1755 381 1774; x_wconf 90' lang='lat'>‚</span> <span class='ocrx_word' id='word_1_229' title='bbox 400 1743 498 1776; x_wconf 88' lang='lat' dir='ltr'>quam</span> <span class='ocrx_word' id='word_1_230' title='bbox 521 1729 698 1774; x_wconf 68' lang='lat' dir='ltr'>subjestum</span> <span class='ocrx_word' id='word_1_231' title='bbox 717 1753 728 1774; x_wconf 71' lang='lat'>‚</span> <span class='ocrx_word' id='word_1_232' title='bbox 755 1727 788 1761; x_wconf 79' lang='grc' dir='ltr'><strong><em>δι</em></strong></span> <span class='ocrx_word' id='word_1_233' title='bbox 809 1725 1006 1769; x_wconf 75' lang='lat' dir='ltr'>predicatum</span> <span class='ocrx_word' id='word_1_234' title='bbox 1030 1725 1079 1759; x_wconf 87' lang='lat' dir='ltr'>illi</span> 
     </span>
     <span class='ocr_line' id='line_1_33' title="bbox 212 1775 1079 1827; baseline -0.013 -10"><span class='ocrx_word' id='word_1_235' title='bbox 212 1783 425 1821; x_wconf 84' lang='lat' dir='ltr'>necessarium</span> <span class='ocrx_word' id='word_1_236' title='bbox 437 1794 447 1827; x_wconf 76' lang='lat'>;</span> <span class='ocrx_word' id='word_1_237' title='bbox 472 1792 509 1821; x_wconf 72' lang='lat' dir='ltr'>ac</span> <span class='ocrx_word' id='word_1_238' title='bbox 521 1779 698 1824; x_wconf 79' lang='lat' dir='ltr'>propositio</span> <span class='ocrx_word' id='word_1_239' title='bbox 711 1777 767 1811; x_wconf 82' lang='lat' dir='ltr'>tali</span> <span class='ocrx_word' id='word_1_240' title='bbox 781 1775 922 1818; x_wconf 66' lang='lat' dir='ltr'>subjecto</span> <span class='ocrx_word' id='word_1_241' title='bbox 936 1799 948 1815; x_wconf 87' lang='lat'>‚</span> <span class='ocrx_word' id='word_1_242' title='bbox 960 1775 994 1808; x_wconf 72' lang='grc' dir='ltr'>ὅ(</span> <span class='ocrx_word' id='word_1_243' title='bbox 1006 1786 1079 1818; x_wconf 82' lang='lat' dir='ltr'>prae-</span> 
     </span>
     <span class='ocr_line' id='line_1_34' title="bbox 210 1824 1077 1873; baseline -0.014 -5"><span class='ocrx_word' id='word_1_244' title='bbox 210 1834 321 1869; x_wconf 89' lang='lat' dir='ltr'>dicato</span> <span class='ocrx_word' id='word_1_245' title='bbox 332 1833 483 1873; x_wconf 82' lang='lat' dir='ltr'>constans</span> <span class='ocrx_word' id='word_1_246' title='bbox 495 1839 627 1870; x_wconf 77' lang='lat' dir='ltr'>vocatur</span> <span class='ocrx_word' id='word_1_247' title='bbox 638 1826 815 1871; x_wconf 69' lang='lat' dir='ltr'>propositio</span> <span class='ocrx_word' id='word_1_248' title='bbox 830 1826 1014 1873; x_wconf 61' lang='lat' dir='ltr'>necessaria,</span> <span class='ocrx_word' id='word_1_249' title='bbox 1028 1824 1077 1866; x_wconf 84' lang='lat' dir='ltr'>vel</span> 
     </span>
     <span class='ocr_line' id='line_1_35' title="bbox 211 1873 1074 1919; baseline -0.014 -2"><span class='ocrx_word' id='word_1_250' title='bbox 211 1885 251 1917; x_wconf 88' lang='lat' dir='ltr'>de</span> <span class='ocrx_word' id='word_1_251' title='bbox 263 1883 396 1917; x_wconf 86' lang='lat' dir='ltr'>materia</span> <span class='ocrx_word' id='word_1_252' title='bbox 418 1879 592 1919; x_wconf 79' lang='lat' dir='ltr'>necessaria</span> <span class='ocrx_word' id='word_1_253' title='bbox 603 1904 611 1911; x_wconf 92' lang='lat'>.</span> <span class='ocrx_word' id='word_1_254' title='bbox 638 1877 780 1914; x_wconf 81' lang='lat' dir='ltr'>Materia</span> <span class='ocrx_word' id='word_1_255' title='bbox 806 1874 1009 1919; x_wconf 73' lang='lat' dir='ltr'>impossibilis</span> <span class='ocrx_word' id='word_1_256' title='bbox 1031 1873 1074 1912; x_wconf 78' lang='lat' dir='ltr'>est</span> 
     </span>
     <span class='ocr_line' id='line_1_36' title="bbox 211 1924 1077 1973; baseline -0.013 -8"><span class='ocrx_word' id='word_1_257' title='bbox 211 1932 386 1973; x_wconf 66' lang='lat' dir='ltr'>subjet‘tum</span> <span class='ocrx_word' id='word_1_258' title='bbox 398 1955 409 1971; x_wconf 86' lang='lat'><em>‚</em></span> <span class='ocrx_word' id='word_1_259' title='bbox 435 1941 471 1963; x_wconf 87' lang='lat' dir='ltr'>ac</span> <span class='ocrx_word' id='word_1_260' title='bbox 483 1929 689 1972; x_wconf 67' lang='lat' dir='ltr'>praedicatum</span> <span class='ocrx_word' id='word_1_261' title='bbox 702 1927 748 1959; x_wconf 90' lang='lat' dir='ltr'>illi</span> <span class='ocrx_word' id='word_1_262' title='bbox 762 1924 980 1967; x_wconf 86' lang='lat' dir='ltr'>impoffibile‚·</span> <span class='ocrx_word' id='word_1_263' title='bbox 1006 1934 1077 1965; x_wconf 91' lang='lat' dir='ltr'>pro-</span> 
     </span>
     <span class='ocr_line' id='line_1_37' title="bbox 210 1970 1076 2024; baseline -0.013 -9"><span class='ocrx_word' id='word_1_264' title='bbox 210 1981 393 2024; x_wconf 60' lang='lat' dir='ltr'>posttioque</span> <span class='ocrx_word' id='word_1_265' title='bbox 405 1979 469 2017; x_wconf 87' lang='lat' dir='ltr'>tale</span> <span class='ocrx_word' id='word_1_266' title='bbox 481 1977 656 2021; x_wconf 68' lang='lat' dir='ltr'>subjeetum</span> <span class='ocrx_word' id='word_1_267' title='bbox 670 1999 680 2014; x_wconf 93' lang='lat'>‚</span> <span class='ocrx_word' id='word_1_268' title='bbox 691 1975 725 2020; x_wconf 66' lang='grc' dir='ltr'>ὃς</span> <span class='ocrx_word' id='word_1_269' title='bbox 739 1974 944 2017; x_wconf 70' lang='lat' dir='ltr'>praedicatum</span> <span class='ocrx_word' id='word_1_270' title='bbox 956 1970 1076 2007; x_wconf 81' lang='lat' dir='ltr'>habens</span> 
     </span>
     <span class='ocr_line' id='line_1_38' title="bbox 211 2022 1075 2073; baseline -0.009 -11"><span class='ocrx_word' id='word_1_271' title='bbox 211 2040 344 2065; x_wconf 85' lang='lat' dir='ltr'>vocatur</span> <span class='ocrx_word' id='word_1_272' title='bbox 359 2028 536 2073; x_wconf 76' lang='lat' dir='ltr'>propositio</span> <span class='ocrx_word' id='word_1_273' title='bbox 556 2023 780 2069; x_wconf 81' lang='lat' dir='ltr'>impossibilis,</span> <span class='ocrx_word' id='word_1_274' title='bbox 809 2023 858 2060; x_wconf 71' lang='lat' dir='ltr'>vel</span> <span class='ocrx_word' id='word_1_275' title='bbox 877 2022 917 2060; x_wconf 86' lang='lat' dir='ltr'>de</span> <span class='ocrx_word' id='word_1_276' title='bbox 942 2022 1075 2061; x_wconf 74' lang='lat' dir='ltr'>materia</span> 
     </span>
     <span class='ocr_line' id='line_1_39' title="bbox 208 2070 1074 2123; baseline -0.013 -9"><span class='ocrx_word' id='word_1_277' title='bbox 208 2078 398 2123; x_wconf 84' lang='lat' dir='ltr'>impoffibili</span> <span class='ocrx_word' id='word_1_278' title='bbox 410 2102 417 2110; x_wconf 90' lang='lat'>.</span> <span class='ocrx_word' id='word_1_279' title='bbox 433 2079 486 2111; x_wconf 90' lang='lat' dir='ltr'>De</span> <span class='ocrx_word' id='word_1_280' title='bbox 499 2089 565 2121; x_wconf 89' lang='lat' dir='ltr'>quo</span> <span class='ocrx_word' id='word_1_281' title='bbox 578 2075 710 2117; x_wconf 77' lang='lat' dir='ltr'>fortasse</span> <span class='ocrx_word' id='word_1_282' title='bbox 723 2072 830 2108; x_wconf 86' lang='lat' dir='ltr'>adhuc</span> <span class='ocrx_word' id='word_1_283' title='bbox 844 2070 966 2114; x_wconf 85' lang='lat' dir='ltr'>aliquid</span> <span class='ocrx_word' id='word_1_284' title='bbox 982 2071 1074 2115; x_wconf 74' lang='lat' dir='ltr'>infra.</span> 
     </span>
    </p>

    <p class='ocr_par' dir='ltr' id='par_1_6' title="bbox 205 2119 1074 2221">
     <span class='ocr_line' id='line_1_40' title="bbox 257 2119 1074 2175; baseline -0.012 -14"><span class='ocrx_word' id='word_1_285' title='bbox 257 2139 312 2175; x_wconf 89' lang='lat'>44.</span> <span class='ocrx_word' id='word_1_286' title='bbox 342 2130 400 2166; x_wconf 77' lang='lat' dir='ltr'>Pro</span> <span class='ocrx_word' id='word_1_287' title='bbox 410 2137 467 2168; x_wconf 85' lang='lat' dir='ltr'>quo</span> <span class='ocrx_word' id='word_1_288' title='bbox 472 2124 622 2168; x_wconf 57' lang='lat' dir='ltr'>silendum</span> <span class='ocrx_word' id='word_1_289' title='bbox 629 2122 668 2162; x_wconf 88' lang='grc' dir='ltr'><strong><em>ιβ</em></strong></span> <span class='ocrx_word' id='word_1_290' title='bbox 678 2123 808 2164; x_wconf 66' lang='lat' dir='ltr'>breviter</span> <span class='ocrx_word' id='word_1_291' title='bbox 821 2133 828 2152; x_wconf 77' lang='grc' dir='ltr'><strong><em>ε</em></strong></span> <span class='ocrx_word' id='word_1_292' title='bbox 855 2119 947 2166; x_wconf 83' lang='lat' dir='ltr'>Qid</span> <span class='ocrx_word' id='word_1_293' title='bbox 960 2121 996 2156; x_wconf 83' lang='lat' dir='ltr'>sit</span> <span class='ocrx_word' id='word_1_294' title='bbox 1010 2130 1074 2164; x_wconf 64' lang='lat' dir='ltr'>pre-</span> 
     </span>
     <span class='ocr_line' id='line_1_41' title="bbox 205 2168 1074 2221; baseline -0.018 -7"><span class='ocrx_word' id='word_1_295' title='bbox 205 2177 352 2221; x_wconf 78' lang='lat' dir='ltr'>dicatum</span> <span class='ocrx_word' id='word_1_296' title='bbox 365 2174 557 2220; x_wconf 81' lang='lat' dir='ltr'>impossibile</span> <span class='ocrx_word' id='word_1_297' title='bbox 567 2199 574 2206; x_wconf 93' lang='lat'><strong><em>.</em></strong></span> <span class='ocrx_word' id='word_1_298' title='bbox 604 2170 661 2207; x_wconf 86' lang='lat' dir='ltr'>Est</span> <span class='ocrx_word' id='word_1_299' title='bbox 673 2195 684 2212; x_wconf 90' lang='lat'><strong>,</strong></span> <span class='ocrx_word' id='word_1_300' title='bbox 710 2170 864 2213; x_wconf 75' lang='lat' dir='ltr'>inquam,</span> <span class='ocrx_word' id='word_1_301' title='bbox 893 2168 973 2211; x_wconf 78' lang='lat' dir='ltr'>illud</span> <span class='ocrx_word' id='word_1_302' title='bbox 983 2193 994 2208; x_wconf 93' lang='lat'><strong><em>,</em></strong></span> <span class='ocrx_word' id='word_1_303' title='bbox 1021 2179 1074 2202; x_wconf 88' lang='lat' dir='ltr'>cu-</span> 
     </span>
    </p>
   </div>
   <div class='ocr_carea' id='block_1_5' title="bbox 206 2219 1092 2292">
    <p class='ocr_par' dir='ltr' id='par_1_7' title="bbox 206 2219 1092 2292">
     <span class='ocr_line' id='line_1_42' title="bbox 206 2219 1092 2292; baseline -0.012 -30"><span class='ocrx_word' id='word_1_304' title='bbox 206 2228 255 2270; x_wconf 76' lang='lat' dir='ltr'>jus</span> <span class='ocrx_word' id='word_1_305' title='bbox 268 2226 403 2264; x_wconf 70' lang='lat' dir='ltr'>formale</span> <span class='ocrx_word' id='word_1_306' title='bbox 413 2224 630 2271; x_wconf 67' lang='lat' dir='ltr'>significatum</span> <span class='ocrx_word' id='word_1_307' title='bbox 644 2232 711 2254; x_wconf 89' lang='lat' dir='ltr'>non</span> <span class='ocrx_word' id='word_1_308' title='bbox 727 2219 828 2262; x_wconf 86' lang='lat' dir='ltr'>potest</span> <span class='ocrx_word' id='word_1_309' title='bbox 842 2219 1010 2261; x_wconf 80' lang='lat' dir='ltr'>quadrare,</span> <span class='ocrx_word' id='word_1_310' title='bbox 1020 2228 1092 2292; x_wconf 65' lang='lat' dir='ltr'>aut¹</span> 
     </span>
    </p>
   </div>
   <div class='ocr_carea' id='block_1_6' title="bbox 199 2265 1072 3514">
    <p class='ocr_par' dir='ltr' id='par_1_8' title="bbox 201 2265 1072 2963">
     <span class='ocr_line' id='line_1_43' title="bbox 207 2265 1072 2319; baseline -0.017 -8"><span class='ocrx_word' id='word_1_311' title='bbox 207 2277 376 2319; x_wconf 68' lang='lat' dir='ltr'>inexissere</span> <span class='ocrx_word' id='word_1_312' title='bbox 385 2273 521 2315; x_wconf 70' lang='lat' dir='ltr'>sub&#39;Jeeio</span> <span class='ocrx_word' id='word_1_313' title='bbox 531 2296 539 2303; x_wconf 86' lang='lat'><strong>.</strong></span> <span class='ocrx_word' id='word_1_314' title='bbox 549 2270 638 2309; x_wconf 82' lang='lat' dir='ltr'>Tale</span> <span class='ocrx_word' id='word_1_315' title='bbox 652 2279 679 2301; x_wconf 85' lang='lat' dir='ltr'>v.</span> <span class='ocrx_word' id='word_1_316' title='bbox 694 2279 726 2311; x_wconf 88' lang='lat' dir='ltr'>g.</span> <span class='ocrx_word' id='word_1_317' title='bbox 737 2266 941 2310; x_wconf 78' lang='lat' dir='ltr'>praedicatum</span> <span class='ocrx_word' id='word_1_318' title='bbox 955 2267 998 2299; x_wconf 86' lang='lat' dir='ltr'>est</span> <span class='ocrx_word' id='word_1_319' title='bbox 1011 2265 1072 2297; x_wconf 87' lang='lat' dir='ltr'>bru-</span> 
     </span>
     <span class='ocr_line' id='line_1_44' title="bbox 205 2315 1072 2366; baseline -0.017 -6"><span class='ocrx_word' id='word_1_320' title='bbox 205 2336 272 2361; x_wconf 77' lang='lat' dir='ltr'>tum</span> <span class='ocrx_word' id='word_1_321' title='bbox 283 2324 421 2366; x_wconf 58' lang='lat' dir='ltr'>respectu</span> <span class='ocrx_word' id='word_1_322' title='bbox 434 2320 591 2362; x_wconf 66' lang='lat' dir='ltr'>hominis,</span> <span class='ocrx_word' id='word_1_323' title='bbox 613 2327 669 2353; x_wconf 90' lang='lat' dir='ltr'>aut</span> <span class='ocrx_word' id='word_1_324' title='bbox 679 2316 761 2357; x_wconf 72' lang='lat' dir='ltr'>homo</span> <span class='ocrx_word' id='word_1_325' title='bbox 775 2316 911 2358; x_wconf 65' lang='lat' dir='ltr'>respestu</span> <span class='ocrx_word' id='word_1_326' title='bbox 925 2315 1022 2354; x_wconf 88' lang='lat' dir='ltr'>bruti,</span> <span class='ocrx_word' id='word_1_327' title='bbox 1032 2316 1072 2346; x_wconf 88' lang='lat' dir='ltr'>al-</span> 
     </span>
     <span class='ocr_line' id='line_1_45' title="bbox 206 2363 1071 2417; baseline -0.017 -6"><span class='ocrx_word' id='word_1_328' title='bbox 206 2376 277 2410; x_wconf 75' lang='lat' dir='ltr'>bum</span> <span class='ocrx_word' id='word_1_329' title='bbox 298 2374 438 2417; x_wconf 60' lang='lat' dir='ltr'>respectu</span> <span class='ocrx_word' id='word_1_330' title='bbox 460 2370 546 2417; x_wconf 86' lang='lat' dir='ltr'>nigri</span> <span class='ocrx_word' id='word_1_331' title='bbox 560 2374 579 2410; x_wconf 80' lang='lat'>‚&#39;</span> <span class='ocrx_word' id='word_1_332' title='bbox 595 2373 710 2414; x_wconf 77' lang='lat' dir='ltr'>nigrum</span> <span class='ocrx_word' id='word_1_333' title='bbox 732 2366 870 2409; x_wconf 73' lang='lat' dir='ltr'>tespectu</span> <span class='ocrx_word' id='word_1_334' title='bbox 893 2363 958 2398; x_wconf 88' lang='lat' dir='ltr'>albi</span> <span class='ocrx_word' id='word_1_335' title='bbox 980 2386 991 2403; x_wconf 90' lang='lat'>,</span> <span class='ocrx_word' id='word_1_336' title='bbox 1009 2364 1071 2398; x_wconf 75' lang='lat' dir='ltr'>&amp;c-</span> 
     </span>
     <span class='ocr_line' id='line_1_46' title="bbox 206 2416 1070 2464; baseline -0.014 -5"><span class='ocrx_word' id='word_1_337' title='bbox 206 2427 289 2459; x_wconf 79' lang='lat' dir='ltr'>Haec</span> <span class='ocrx_word' id='word_1_338' title='bbox 300 2425 386 2460; x_wconf 84' lang='lat' dir='ltr'>enim</span> <span class='ocrx_word' id='word_1_339' title='bbox 398 2422 511 2458; x_wconf 84' lang='lat' dir='ltr'>omnia</span> <span class='ocrx_word' id='word_1_340' title='bbox 525 2419 693 2464; x_wconf 66' lang='lat' dir='ltr'>praedicata</span> <span class='ocrx_word' id='word_1_341' title='bbox 707 2418 779 2454; x_wconf 83' lang='lat' dir='ltr'>sunt</span> <span class='ocrx_word' id='word_1_342' title='bbox 792 2416 866 2459; x_wconf 73' lang='lat' dir='ltr'>talia</span> <span class='ocrx_word' id='word_1_343' title='bbox 880 2440 891 2454; x_wconf 90' lang='lat'><em>‚</em></span> <span class='ocrx_word' id='word_1_344' title='bbox 915 2424 949 2453; x_wconf 90' lang='lat' dir='ltr'>ut</span> <span class='ocrx_word' id='word_1_345' title='bbox 958 2425 1070 2449; x_wconf 89' lang='lat' dir='ltr'>eorum</span> 
     </span>
     <span class='ocr_line' id='line_1_47' title="bbox 204 2464 1070 2517; baseline -0.009 -9"><span class='ocrx_word' id='word_1_346' title='bbox 204 2472 342 2514; x_wconf 81' lang='lat' dir='ltr'>formale</span> <span class='ocrx_word' id='word_1_347' title='bbox 350 2472 566 2517; x_wconf 80' lang='lat' dir='ltr'>significatum</span> <span class='ocrx_word' id='word_1_348' title='bbox 579 2467 752 2511; x_wconf 81' lang='lat' dir='ltr'>inexistere</span> <span class='ocrx_word' id='word_1_349' title='bbox 764 2478 831 2501; x_wconf 91' lang='lat' dir='ltr'>non</span> <span class='ocrx_word' id='word_1_350' title='bbox 844 2465 937 2508; x_wconf 76' lang='lat' dir='ltr'>possit</span> <span class='ocrx_word' id='word_1_351' title='bbox 949 2464 999 2499; x_wconf 84' lang='lat' dir='ltr'>isti</span> <span class='ocrx_word' id='word_1_352' title='bbox 1019 2466 1070 2500; x_wconf 86' lang='lat' dir='ltr'>su·</span> 
     </span>
     <span class='ocr_line' id='line_1_48' title="bbox 205 2514 1067 2567; baseline -0.013 -9"><span class='ocrx_word' id='word_1_353' title='bbox 205 2523 331 2567; x_wconf 60' lang='lat' dir='ltr'>hicito,</span> <span class='ocrx_word' id='word_1_354' title='bbox 358 2522 398 2562; x_wconf 80' lang='lat' dir='ltr'>ad</span> <span class='ocrx_word' id='word_1_355' title='bbox 420 2520 509 2564; x_wconf 86' lang='lat' dir='ltr'>quod</span> <span class='ocrx_word' id='word_1_356' title='bbox 520 2528 765 2562; x_wconf 79' lang='lat' dir='ltr'>comparantur.</span> <span class='ocrx_word' id='word_1_357' title='bbox 793 2519 878 2550; x_wconf 80' lang='lat' dir='ltr'>Ratio</span> <span class='ocrx_word' id='word_1_358' title='bbox 901 2515 990 2557; x_wconf 70' lang='lat' dir='ltr'><em>hujus</em></span> <span class='ocrx_word' id='word_1_359' title='bbox 1011 2514 1049 2555; x_wconf 86' lang='grc' dir='ltr'><strong><em>ιβ</em></strong></span> <span class='ocrx_word' id='word_1_360' title='bbox 1061 2527 1067 2548; x_wconf 75' lang='lat' dir='ltr'>z</span> 
     </span>
     <span class='ocr_line' id='line_1_49' title="bbox 203 2563 1068 2620; baseline -0.012 -13"><span class='ocrx_word' id='word_1_361' title='bbox 203 2574 294 2620; x_wconf 79' lang='lat' dir='ltr'>Quia</span> <span class='ocrx_word' id='word_1_362' title='bbox 318 2583 387 2607; x_wconf 88' lang='lat' dir='ltr'>non</span> <span class='ocrx_word' id='word_1_363' title='bbox 408 2573 535 2616; x_wconf 87' lang='lat' dir='ltr'>agimus</span> <span class='ocrx_word' id='word_1_364' title='bbox 554 2568 608 2611; x_wconf 80' lang='lat' dir='ltr'>hic</span> <span class='ocrx_word' id='word_1_365' title='bbox 626 2568 668 2601; x_wconf 93' lang='lat' dir='ltr'>de</span> <span class='ocrx_word' id='word_1_366' title='bbox 695 2566 865 2610; x_wconf 68' lang='lat' dir='ltr'>predicato</span> <span class='ocrx_word' id='word_1_367' title='bbox 881 2563 1068 2610; x_wconf 86' lang='lat' dir='ltr'>impoffibili</span> 
     </span>
     <span class='ocr_line' id='line_1_50' title="bbox 204 2613 1068 2666; baseline -0.012 -8"><span class='ocrx_word' id='word_1_368' title='bbox 204 2622 314 2666; x_wconf 85' lang='lat' dir='ltr'>quoad</span> <span class='ocrx_word' id='word_1_369' title='bbox 325 2622 530 2658; x_wconf 81' lang='lat' dir='ltr'>existentiam</span> <span class='ocrx_word' id='word_1_370' title='bbox 543 2631 550 2653; x_wconf 71' lang='grc' dir='ltr'><strong><em>ι</em></strong></span> <span class='ocrx_word' id='word_1_371' title='bbox 564 2619 603 2652; x_wconf 86' lang='lat' dir='ltr'>sic</span> <span class='ocrx_word' id='word_1_372' title='bbox 617 2619 706 2653; x_wconf 80' lang='lat' dir='ltr'>enim</span> <span class='ocrx_word' id='word_1_373' title='bbox 717 2617 784 2656; x_wconf 75' lang='lat' dir='ltr'>sola</span> <span class='ocrx_word' id='word_1_374' title='bbox 795 2613 948 2659; x_wconf 65' lang='lat' dir='ltr'>chymera</span> <span class='ocrx_word' id='word_1_375' title='bbox 959 2613 1068 2651; x_wconf 84' lang='lat' dir='ltr'>hirco-</span> 
     </span>
     <span class='ocr_line' id='line_1_51' title="bbox 204 2664 1067 2714; baseline -0.009 -8"><span class='ocrx_word' id='word_1_376' title='bbox 204 2682 338 2714; x_wconf 72' lang='lat' dir='ltr'>cervus,</span> <span class='ocrx_word' id='word_1_377' title='bbox 364 2679 457 2704; x_wconf 87' lang='lat' dir='ltr'>mons</span> <span class='ocrx_word' id='word_1_378' title='bbox 479 2667 643 2702; x_wconf 83' lang='lat' dir='ltr'>fine-valle</span> <span class='ocrx_word' id='word_1_379' title='bbox 663 2690 674 2711; x_wconf 69' lang='grc'>,</span> <span class='ocrx_word' id='word_1_380' title='bbox 701 2666 828 2708; x_wconf 84' lang='lat' dir='ltr'>aliaque</span> <span class='ocrx_word' id='word_1_381' title='bbox 847 2665 963 2705; x_wconf 80' lang='lat' dir='ltr'>similia</span> <span class='ocrx_word' id='word_1_382' title='bbox 982 2664 1067 2705; x_wconf 83' lang='lat' dir='ltr'>entia</span> 
     </span>
     <span class='ocr_line' id='line_1_52' title="bbox 204 2714 1068 2762; baseline -0.009 -6"><span class='ocrx_word' id='word_1_383' title='bbox 204 2722 342 2758; x_wconf 88' lang='lat' dir='ltr'>rationis</span> <span class='ocrx_word' id='word_1_384' title='bbox 354 2720 423 2756; x_wconf 70' lang='lat' dir='ltr'>fissa</span> <span class='ocrx_word' id='word_1_385' title='bbox 435 2718 543 2759; x_wconf 78' lang='lat' dir='ltr'>forent</span> <span class='ocrx_word' id='word_1_386' title='bbox 554 2715 720 2761; x_wconf 65' lang='lat' dir='ltr'>praedicata</span> <span class='ocrx_word' id='word_1_387' title='bbox 732 2714 936 2757; x_wconf 86' lang='lat' dir='ltr'>impossibilia</span> <span class='ocrx_word' id='word_1_388' title='bbox 950 2739 957 2747; x_wconf 90' lang='lat'><strong><em>.</em></strong></span> <span class='ocrx_word' id='word_1_389' title='bbox 985 2715 1068 2762; x_wconf 82' lang='lat' dir='ltr'>Agi-</span> 
     </span>
     <span class='ocr_line' id='line_1_53' title="bbox 204 2763 1064 2816; baseline -0.009 -10"><span class='ocrx_word' id='word_1_390' title='bbox 204 2783 276 2806; x_wconf 85' lang='lat' dir='ltr'>mus</span> <span class='ocrx_word' id='word_1_391' title='bbox 287 2782 366 2816; x_wconf 85' lang='lat' dir='ltr'>ergo</span> <span class='ocrx_word' id='word_1_392' title='bbox 375 2768 415 2807; x_wconf 83' lang='lat' dir='ltr'>de</span> <span class='ocrx_word' id='word_1_393' title='bbox 427 2767 598 2812; x_wconf 63' lang='lat' dir='ltr'>praedicato,</span> <span class='ocrx_word' id='word_1_394' title='bbox 621 2763 808 2807; x_wconf 79' lang='lat' dir='ltr'>impossibili</span> <span class='ocrx_word' id='word_1_395' title='bbox 830 2764 938 2806; x_wconf 86' lang='lat' dir='ltr'>quoad</span> <span class='ocrx_word' id='word_1_396' title='bbox 950 2775 1064 2799; x_wconf 84' lang='lat' dir='ltr'>conve-</span> 
     </span>
     <span class='ocr_line' id='line_1_54' title="bbox 203 2812 1064 2861; baseline -0.014 -3"><span class='ocrx_word' id='word_1_397' title='bbox 203 2822 363 2858; x_wconf 85' lang='lat' dir='ltr'>nientiam</span> <span class='ocrx_word' id='word_1_398' title='bbox 377 2832 384 2851; x_wconf 88' lang='lat'>:</span> <span class='ocrx_word' id='word_1_399' title='bbox 411 2818 557 2861; x_wconf 76' lang='lat' dir='ltr'>adeoque</span> <span class='ocrx_word' id='word_1_400' title='bbox 569 2814 648 2857; x_wconf 57' lang='lat' dir='ltr'>rede</span> <span class='ocrx_word' id='word_1_401' title='bbox 659 2814 812 2848; x_wconf 81' lang='lat' dir='ltr'>definitur</span> <span class='ocrx_word' id='word_1_402' title='bbox 825 2813 886 2846; x_wconf 76' lang='lat' dir='ltr'>esse</span> <span class='ocrx_word' id='word_1_403' title='bbox 898 2812 980 2847; x_wconf 88' lang='lat' dir='ltr'>illud</span> <span class='ocrx_word' id='word_1_404' title='bbox 991 2837 1003 2857; x_wconf 68' lang='lat'>³.</span> <span class='ocrx_word' id='word_1_405' title='bbox 1014 2825 1064 2852; x_wconf 86' lang='lat' dir='ltr'>cu-</span> 
     </span>
     <span class='ocr_line' id='line_1_55' title="bbox 202 2862 1063 2915; baseline -0.013 -9"><span class='ocrx_word' id='word_1_406' title='bbox 202 2873 253 2915; x_wconf 81' lang='lat' dir='ltr'>jus</span> <span class='ocrx_word' id='word_1_407' title='bbox 277 2871 413 2910; x_wconf 84' lang='lat' dir='ltr'>formale</span> <span class='ocrx_word' id='word_1_408' title='bbox 436 2868 652 2913; x_wconf 79' lang='lat' dir='ltr'>significatum</span> <span class='ocrx_word' id='word_1_409' title='bbox 677 2864 790 2909; x_wconf 85' lang='lat' dir='ltr'>nequit</span> <span class='ocrx_word' id='word_1_410' title='bbox 809 2862 982 2907; x_wconf 74' lang='lat' dir='ltr'>quadrare,¹</span> <span class='ocrx_word' id='word_1_411' title='bbox 1007 2874 1063 2900; x_wconf 79' lang='lat' dir='ltr'>aut</span> 
     </span>
     <span class='ocr_line' id='line_1_56' title="bbox 201 2914 954 2963; baseline -0.016 -7"><span class='ocrx_word' id='word_1_412' title='bbox 201 2922 378 2963; x_wconf 82' lang='lat' dir='ltr'>convenire</span> <span class='ocrx_word' id='word_1_413' title='bbox 389 2918 527 2962; x_wconf 70' lang='lat' dir='ltr'>subjesto</span> <span class='ocrx_word' id='word_1_414' title='bbox 539 2942 551 2962; x_wconf 59' lang='lat'><em>2</em></span> <span class='ocrx_word' id='word_1_415' title='bbox 575 2916 616 2950; x_wconf 87' lang='lat' dir='ltr'>ad</span> <span class='ocrx_word' id='word_1_416' title='bbox 627 2914 715 2959; x_wconf 84' lang='lat' dir='ltr'>quod</span> <span class='ocrx_word' id='word_1_417' title='bbox 729 2923 935 2955; x_wconf 84' lang='lat' dir='ltr'>comparatur</span> <span class='ocrx_word' id='word_1_418' title='bbox 947 2937 954 2944; x_wconf 94' lang='lat'><strong>.</strong></span> 
     </span>
    </p>

    <p class='ocr_par' dir='ltr' id='par_1_9' title="bbox 199 2961 1061 3514">
     <span class='ocr_line' id='line_1_57' title="bbox 251 2961 1061 3018; baseline -0.009 -15"><span class='ocrx_word' id='word_1_419' title='bbox 251 2982 308 3018; x_wconf 81' lang='lat'>45.</span> <span class='ocrx_word' id='word_1_420' title='bbox 336 2971 378 3004; x_wconf 89' lang='lat' dir='ltr'>Et</span> <span class='ocrx_word' id='word_1_421' title='bbox 389 2968 468 3004; x_wconf 84' lang='lat' dir='ltr'>hinc</span> <span class='ocrx_word' id='word_1_422' title='bbox 479 2966 680 3012; x_wconf 77' lang='lat' dir='ltr'>praedicatum</span> <span class='ocrx_word' id='word_1_423' title='bbox 692 2962 885 3007; x_wconf 71' lang='lat' dir='ltr'>impossibile</span> <span class='ocrx_word' id='word_1_424' title='bbox 897 2961 998 2997; x_wconf 88' lang='lat' dir='ltr'>dividi</span> <span class='ocrx_word' id='word_1_425' title='bbox 1011 2961 1061 3004; x_wconf 75' lang='lat' dir='ltr'>de·</span> 
     </span>
     <span class='ocr_line' id='line_1_58' title="bbox 201 3013 1060 3064; baseline -0.012 -9"><span class='ocrx_word' id='word_1_426' title='bbox 201 3020 255 3062; x_wconf 82' lang='lat' dir='ltr'>bet</span> <span class='ocrx_word' id='word_1_427' title='bbox 269 3023 301 3054; x_wconf 86' lang='lat' dir='ltr'>in</span> <span class='ocrx_word' id='word_1_428' title='bbox 315 3020 522 3064; x_wconf 69' lang='lat' dir='ltr'>praedicatum</span> <span class='ocrx_word' id='word_1_429' title='bbox 534 3014 727 3061; x_wconf 69' lang='lat' dir='ltr'>impossibile</span> <span class='ocrx_word' id='word_1_430' title='bbox 737 3014 877 3057; x_wconf 67' lang='lat' dir='ltr'>respectu</span> <span class='ocrx_word' id='word_1_431' title='bbox 890 3013 985 3046; x_wconf 86' lang='lat' dir='ltr'>solius</span> <span class='ocrx_word' id='word_1_432' title='bbox 998 3023 1060 3045; x_wconf 84' lang='lat' dir='ltr'>cre·</span> 
     </span>
     <span class='ocr_line' id='line_1_59' title="bbox 201 3062 1059 3112; baseline -0.012 -8"><span class='ocrx_word' id='word_1_433' title='bbox 201 3081 297 3110; x_wconf 81' lang='lat' dir='ltr'>aturae</span> <span class='ocrx_word' id='word_1_434' title='bbox 307 3093 319 3111; x_wconf 86' lang='lat'><strong><em>,</em></strong></span> <span class='ocrx_word' id='word_1_435' title='bbox 332 3081 371 3104; x_wconf 90' lang='lat' dir='ltr'>ac</span> <span class='ocrx_word' id='word_1_436' title='bbox 385 3071 418 3103; x_wconf 89' lang='lat' dir='ltr'>in</span> <span class='ocrx_word' id='word_1_437' title='bbox 432 3068 635 3112; x_wconf 70' lang='lat' dir='ltr'>praedicatum</span> <span class='ocrx_word' id='word_1_438' title='bbox 648 3062 838 3106; x_wconf 76' lang='lat' dir='ltr'>impossibile</span> <span class='ocrx_word' id='word_1_439' title='bbox 848 3063 986 3106; x_wconf 75' lang='lat' dir='ltr'>respestu</span> <span class='ocrx_word' id='word_1_440' title='bbox 997 3073 1059 3099; x_wconf 82' lang='lat' dir='ltr'>cre-</span> 
     </span>
     <span class='ocr_line' id='line_1_60' title="bbox 200 3112 1058 3160; baseline -0.012 -6"><span class='ocrx_word' id='word_1_441' title='bbox 200 3120 300 3155; x_wconf 86' lang='lat' dir='ltr'>atoris</span> <span class='ocrx_word' id='word_1_442' title='bbox 319 3144 328 3152; x_wconf 92' lang='lat'>.</span> <span class='ocrx_word' id='word_1_443' title='bbox 356 3119 568 3160; x_wconf 75' lang='lat' dir='ltr'>Praedicatum</span> <span class='ocrx_word' id='word_1_444' title='bbox 590 3113 782 3158; x_wconf 83' lang='lat' dir='ltr'>impossibile</span> <span class='ocrx_word' id='word_1_445' title='bbox 802 3114 942 3155; x_wconf 59' lang='lat' dir='ltr'>respectu</span> <span class='ocrx_word' id='word_1_446' title='bbox 962 3112 1058 3150; x_wconf 82' lang='lat' dir='ltr'>solius</span> 
     </span>
     <span class='ocr_line' id='line_1_61' title="bbox 199 3162 1056 3212; baseline -0.008 -8"><span class='ocrx_word' id='word_1_447' title='bbox 199 3179 349 3205; x_wconf 82' lang='lat' dir='ltr'>creaturae</span> <span class='ocrx_word' id='word_1_448' title='bbox 361 3167 556 3212; x_wconf 75' lang='lat' dir='ltr'>vocoissud,</span> <span class='ocrx_word' id='word_1_449' title='bbox 584 3165 672 3207; x_wconf 78' lang='lat' dir='ltr'>cujus</span> <span class='ocrx_word' id='word_1_450' title='bbox 693 3163 827 3198; x_wconf 69' lang='lat' dir='ltr'>formale</span> <span class='ocrx_word' id='word_1_451' title='bbox 843 3162 1056 3207; x_wconf 87' lang='lat' dir='ltr'>significatum</span> 
     </span>
     <span class='ocr_line' id='line_1_62' title="bbox 199 3212 1053 3264; baseline -0.009 -11"><span class='ocrx_word' id='word_1_452' title='bbox 199 3218 480 3264; x_wconf 79' lang='lat' dir='ltr'>nequitquadrare</span> <span class='ocrx_word' id='word_1_453' title='bbox 494 3241 505 3259; x_wconf 89' lang='lat'>,</span> <span class='ocrx_word' id='word_1_454' title='bbox 526 3228 563 3258; x_wconf 72' lang='lat' dir='ltr'>ac</span> <span class='ocrx_word' id='word_1_455' title='bbox 583 3217 683 3250; x_wconf 90' lang='lat' dir='ltr'>inesse</span> <span class='ocrx_word' id='word_1_456' title='bbox 696 3212 831 3254; x_wconf 72' lang='lat' dir='ltr'>subiec&#39;lo</span> <span class='ocrx_word' id='word_1_457' title='bbox 845 3224 898 3253; x_wconf 86' lang='lat' dir='ltr'>per</span> <span class='ocrx_word' id='word_1_458' title='bbox 918 3213 1053 3255; x_wconf 83' lang='lat' dir='ltr'>potenti·</span> 
     </span>
     <span class='ocr_line' id='line_1_63' title="bbox 199 3263 1053 3310; baseline -0.008 -7"><span class='ocrx_word' id='word_1_459' title='bbox 199 3280 252 3304; x_wconf 87' lang='lat' dir='ltr'>am</span> <span class='ocrx_word' id='word_1_460' title='bbox 263 3279 428 3307; x_wconf 56' lang='lat' dir='ltr'>creaturaev</span> <span class='ocrx_word' id='word_1_461' title='bbox 453 3266 755 3310; x_wconf 70' lang='lat' dir='ltr'>Talepratdicatum</span> <span class='ocrx_word' id='word_1_462' title='bbox 766 3263 809 3296; x_wconf 85' lang='lat' dir='ltr'>est</span> <span class='ocrx_word' id='word_1_463' title='bbox 825 3265 904 3296; x_wconf 78' lang='lat' dir='ltr'>Deus</span> <span class='ocrx_word' id='word_1_464' title='bbox 916 3263 1053 3305; x_wconf 60' lang='lat' dir='ltr'>respee&#39;tu</span> 
     </span>
     <span class='ocr_line' id='line_1_64' title="bbox 200 3314 1053 3358; baseline -0.007 -6"><span class='ocrx_word' id='word_1_465' title='bbox 200 3318 346 3357; x_wconf 81' lang='lat' dir='ltr'>hominis</span> <span class='ocrx_word' id='word_1_466' title='bbox 355 3342 365 3357; x_wconf 86' lang='lat'><em>‚</em></span> <span class='ocrx_word' id='word_1_467' title='bbox 393 3317 477 3351; x_wconf 80' lang='lat' dir='ltr'>bomo.</span> <span class='ocrx_word' id='word_1_468' title='bbox 497 3317 634 3358; x_wconf 70' lang='lat' dir='ltr'>respectu</span> <span class='ocrx_word' id='word_1_469' title='bbox 655 3315 718 3356; x_wconf 75' lang='lat' dir='ltr'>Dei</span> <span class='ocrx_word' id='word_1_470' title='bbox 732 3338 742 3354; x_wconf 88' lang='lat'>‚</span> <span class='ocrx_word' id='word_1_471' title='bbox 765 3314 892 3346; x_wconf 80' lang='lat' dir='ltr'>calidum</span> <span class='ocrx_word' id='word_1_472' title='bbox 914 3314 1053 3355; x_wconf 71' lang='lat' dir='ltr'>respectu</span> 
     </span>
     <span class='ocr_line' id='line_1_65' title="bbox 201 3362 1053 3413; baseline -0.008 -10"><span class='ocrx_word' id='word_1_473' title='bbox 201 3369 334 3413; x_wconf 83' lang='lat' dir='ltr'>frigidi,</span> <span class='ocrx_word' id='word_1_474' title='bbox 359 3367 507 3412; x_wconf 77' lang='lat' dir='ltr'>frigidum</span> <span class='ocrx_word' id='word_1_475' title='bbox 520 3365 654 3408; x_wconf 61' lang='lat' dir='ltr'>respeejlu</span> <span class='ocrx_word' id='word_1_476' title='bbox 667 3363 763 3400; x_wconf 89' lang='lat' dir='ltr'>calidi</span> <span class='ocrx_word' id='word_1_477' title='bbox 784 3364 842 3398; x_wconf 72' lang='lat' dir='ltr'>&amp;o</span> <span class='ocrx_word' id='word_1_478' title='bbox 869 3362 911 3395; x_wconf 85' lang='lat' dir='ltr'>Et</span> <span class='ocrx_word' id='word_1_479' title='bbox 923 3373 1053 3406; x_wconf 86' lang='lat' dir='ltr'>genera-</span> 
     </span>
     <span class='ocr_line' id='line_1_66' title="bbox 201 3412 1054 3466; baseline -0.008 -12"><span class='ocrx_word' id='word_1_480' title='bbox 201 3416 273 3458; x_wconf 78' lang='lat' dir='ltr'>liter</span> <span class='ocrx_word' id='word_1_481' title='bbox 283 3429 382 3453; x_wconf 85' lang='lat' dir='ltr'>omne</span> <span class='ocrx_word' id='word_1_482' title='bbox 395 3416 603 3466; x_wconf 62' lang='lat' dir='ltr'>praedicatum</span> <span class='ocrx_word' id='word_1_483' title='bbox 614 3423 802 3459; x_wconf 66' lang='lat' dir='ltr'>coneretum</span> <span class='ocrx_word' id='word_1_484' title='bbox 826 3413 964 3458; x_wconf 64' lang='lat' dir='ltr'>respectu</span> <span class='ocrx_word' id='word_1_485' title='bbox 981 3412 1054 3447; x_wconf 85' lang='lat' dir='ltr'>alte·</span> 
     </span>
     <span class='ocr_line' id='line_1_67' title="bbox 203 3462 1054 3514; baseline -0.005 -13"><span class='ocrx_word' id='word_1_486' title='bbox 203 3466 266 3507; x_wconf 73' lang='lat' dir='ltr'>rius</span> <span class='ocrx_word' id='word_1_487' title='bbox 275 3467 417 3514; x_wconf 77' lang='lat' dir='ltr'>concreti</span> <span class='ocrx_word' id='word_1_488' title='bbox 427 3466 482 3500; x_wconf 84' lang='lat' dir='ltr'>sibi</span> <span class='ocrx_word' id='word_1_489' title='bbox 495 3464 701 3508; x_wconf 86' lang='lat' dir='ltr'>repugnantis</span> <span class='ocrx_word' id='word_1_490' title='bbox 712 3489 719 3496; x_wconf 86' lang='lat'>.</span> <span class='ocrx_word' id='word_1_491' title='bbox 733 3464 814 3497; x_wconf 79' lang='lat' dir='ltr'>Haec</span> <span class='ocrx_word' id='word_1_492' title='bbox 824 3462 910 3497; x_wconf 79' lang='lat' dir='ltr'>enim</span> <span class='ocrx_word' id='word_1_493' title='bbox 919 3473 1054 3498; x_wconf 83' lang='lat' dir='ltr'>concre-</span> 
     </span>
    </p>
   </div>
   <div class='ocr_carea' id='block_1_7' title="bbox 300 3516 767 3558">
    <p class='ocr_par' dir='ltr' id='par_1_10' title="bbox 300 3516 767 3558">
     <span class='ocr_line' id='line_1_68' title="bbox 300 3516 767 3558; baseline -0.009 -8"><span class='ocrx_word' id='word_1_494' title='bbox 300 3516 404 3557; x_wconf 71' lang='lat' dir='ltr'>Cbrist.</span> <span class='ocrx_word' id='word_1_495' title='bbox 417 3521 495 3558; x_wconf 80' lang='lat' dir='ltr'>Lupi</span> <span class='ocrx_word' id='word_1_496' title='bbox 506 3520 602 3557; x_wconf 81' lang='lat' dir='ltr'>opera</span> <span class='ocrx_word' id='word_1_497' title='bbox 612 3516 767 3552; x_wconf 79' lang='lat' dir='ltr'>Tam-XII.</span> 
     </span>
    </p>
   </div>
   <div class='ocr_carea' id='block_1_8' title="bbox 1071 2786 1089 2842">
    <p class='ocr_par' dir='ltr' id='par_1_11' title="bbox 1071 2786 1089 2842">
     <span class='ocr_line' id='line_1_69' title="bbox 1071 2786 1089 2842; baseline 0 928"><span class='ocrx_word' id='word_1_498' title='bbox 1071 2786 1089 2842; x_wconf 95' lang='lat' dir='ltr'> </span> 
     </span>
    </p>
   </div>
   <div class='ocr_carea' id='block_1_9' title="bbox 1063 2941 1086 3476">
    <p class='ocr_par' dir='ltr' id='par_1_12' title="bbox 1063 2941 1086 3476">
     <span class='ocr_line' id='line_1_70' title="bbox 1063 2941 1086 3476; baseline 0 294"><span class='ocrx_word' id='word_1_499' title='bbox 1063 2941 1086 3476; x_wconf 95' lang='lat' dir='ltr'> </span> 
     </span>
    </p>
   </div>
   <div class='ocr_carea' id='block_1_10' title="bbox 1892 159 1985 207">
    <p class='ocr_par' dir='ltr' id='par_1_13' title="bbox 1892 159 1985 207">
     <span class='ocr_line' id='line_1_71' title="bbox 1892 159 1985 207; baseline -0.043 1"><span class='ocrx_word' id='word_1_500' title='bbox 1892 159 1985 207; x_wconf 83' lang='lat'>²73</span> 
     </span>
    </p>
   </div>
   <div class='ocr_carea' id='block_1_11' title="bbox 1129 228 2021 1620">
    <p class='ocr_par' dir='ltr' id='par_1_14' title="bbox 1129 228 2021 1620">
     <span class='ocr_line' id='line_1_72' title="bbox 1151 228 2019 277; baseline 0.006 -15"><span class='ocrx_word' id='word_1_501' title='bbox 1151 239 1182 263; x_wconf 90' lang='lat' dir='ltr'>ta</span> <span class='ocrx_word' id='word_1_502' title='bbox 1192 230 1313 272; x_wconf 86' lang='lat' dir='ltr'>semper</span> <span class='ocrx_word' id='word_1_503' title='bbox 1325 228 1410 263; x_wconf 84' lang='lat' dir='ltr'>seira</span> <span class='ocrx_word' id='word_1_504' title='bbox 1425 228 1569 269; x_wconf 85' lang='lat' dir='ltr'>habent,</span> <span class='ocrx_word' id='word_1_505' title='bbox 1596 232 1855 277; x_wconf 83' lang='lat' dir='ltr'>ursignificatum</span> <span class='ocrx_word' id='word_1_506' title='bbox 1884 231 2019 266; x_wconf 85' lang='lat' dir='ltr'>formale</span> 
     </span>
     <span class='ocr_line' id='line_1_73' title="bbox 1149 281 2014 324; baseline 0.007 -12"><span class='ocrx_word' id='word_1_507' title='bbox 1149 281 1245 313; x_wconf 84' lang='lat' dir='ltr'>unius</span> <span class='ocrx_word' id='word_1_508' title='bbox 1256 289 1392 324; x_wconf 84' lang='lat' dir='ltr'>nequeat</span> <span class='ocrx_word' id='word_1_509' title='bbox 1404 291 1458 322; x_wconf 89' lang='lat' dir='ltr'>per</span> <span class='ocrx_word' id='word_1_510' title='bbox 1471 281 1651 323; x_wconf 87' lang='lat' dir='ltr'>potentiam</span> <span class='ocrx_word' id='word_1_511' title='bbox 1665 294 1812 318; x_wconf 84' lang='lat' dir='ltr'>creaturae</span> <span class='ocrx_word' id='word_1_512' title='bbox 1831 283 2014 323; x_wconf 82' lang='lat' dir='ltr'>inexistere,</span> 
     </span>
     <span class='ocr_line' id='line_1_74' title="bbox 1150 330 2014 374; baseline 0.005 -12"><span class='ocrx_word' id='word_1_513' title='bbox 1150 341 1204 363; x_wconf 88' lang='lat' dir='ltr'>aut</span> <span class='ocrx_word' id='word_1_514' title='bbox 1221 330 1374 372; x_wconf 79' lang='lat' dir='ltr'>quadrare</span> <span class='ocrx_word' id='word_1_515' title='bbox 1386 331 1476 364; x_wconf 87' lang='lat' dir='ltr'>alteri</span> <span class='ocrx_word' id='word_1_516' title='bbox 1488 341 1498 373; x_wconf 84' lang='lat'>;</span> <span class='ocrx_word' id='word_1_517' title='bbox 1526 330 1672 373; x_wconf 87' lang='lat' dir='ltr'>adeoque</span> <span class='ocrx_word' id='word_1_518' title='bbox 1683 336 1820 374; x_wconf 66' lang='lat' dir='ltr'>respectu</span> <span class='ocrx_word' id='word_1_519' title='bbox 1836 335 1881 367; x_wconf 84' lang='lat' dir='ltr'>sui</span> <span class='ocrx_word' id='word_1_520' title='bbox 1897 343 2014 367; x_wconf 88' lang='lat' dir='ltr'>mutuo</span> 
     </span>
     <span class='ocr_line' id='line_1_75' title="bbox 1150 377 2014 423; baseline 0.003 -10"><span class='ocrx_word' id='word_1_521' title='bbox 1150 380 1222 413; x_wconf 89' lang='lat' dir='ltr'>sunt</span> <span class='ocrx_word' id='word_1_522' title='bbox 1244 377 1410 422; x_wconf 83' lang='lat' dir='ltr'>praedicata</span> <span class='ocrx_word' id='word_1_523' title='bbox 1438 378 1644 423; x_wconf 85' lang='lat' dir='ltr'>impossibilia</span> <span class='ocrx_word' id='word_1_524' title='bbox 1669 390 1722 421; x_wconf 89' lang='lat' dir='ltr'>per</span> <span class='ocrx_word' id='word_1_525' title='bbox 1747 393 1887 417; x_wconf 86' lang='lat' dir='ltr'>naturam</span> <span class='ocrx_word' id='word_1_526' title='bbox 1902 396 1908 415; x_wconf 80' lang='lat' dir='ltr'><em>z</em></span> <span class='ocrx_word' id='word_1_527' title='bbox 1937 383 2014 416; x_wconf 85' lang='lat' dir='ltr'>licet</span> 
     </span>
     <span class='ocr_line' id='line_1_76' title="bbox 1149 429 2014 474; baseline 0.003 -13"><span class='ocrx_word' id='word_1_528' title='bbox 1149 430 1278 463; x_wconf 84' lang='lat' dir='ltr'>interitu</span> <span class='ocrx_word' id='word_1_529' title='bbox 1291 431 1350 462; x_wconf 86' lang='lat' dir='ltr'>sint</span> <span class='ocrx_word' id='word_1_530' title='bbox 1365 429 1523 472; x_wconf 77' lang='lat' dir='ltr'>possibilia</span> <span class='ocrx_word' id='word_1_531' title='bbox 1541 429 1626 473; x_wconf 90' lang='lat' dir='ltr'>apud</span> <span class='ocrx_word' id='word_1_532' title='bbox 1652 430 1778 463; x_wconf 89' lang='lat' dir='ltr'>Deum.</span> <span class='ocrx_word' id='word_1_533' title='bbox 1811 432 2014 474; x_wconf 69' lang='lat' dir='ltr'>predicatum</span> 
     </span>
     <span class='ocr_line' id='line_1_77' title="bbox 1149 478 2014 523; baseline 0.003 -11"><span class='ocrx_word' id='word_1_534' title='bbox 1149 478 1344 523; x_wconf 73' lang='lat' dir='ltr'>impossibile</span> <span class='ocrx_word' id='word_1_535' title='bbox 1358 480 1496 523; x_wconf 72' lang='lat' dir='ltr'>respestu</span> <span class='ocrx_word' id='word_1_536' title='bbox 1510 479 1573 513; x_wconf 91' lang='lat' dir='ltr'>Dei</span> <span class='ocrx_word' id='word_1_537' title='bbox 1587 490 1671 513; x_wconf 90' lang='lat' dir='ltr'>voco</span> <span class='ocrx_word' id='word_1_538' title='bbox 1684 479 1764 513; x_wconf 88' lang='lat' dir='ltr'>illud</span> <span class='ocrx_word' id='word_1_539' title='bbox 1776 504 1786 519; x_wconf 92' lang='lat'>,</span> <span class='ocrx_word' id='word_1_540' title='bbox 1800 481 1888 523; x_wconf 85' lang='lat' dir='ltr'>cujus</span> <span class='ocrx_word' id='word_1_541' title='bbox 1901 485 2014 521; x_wconf 80' lang='lat' dir='ltr'>sorma-</span> 
     </span>
     <span class='ocr_line' id='line_1_78' title="bbox 1149 528 2014 573; baseline 0.001 -11"><span class='ocrx_word' id='word_1_542' title='bbox 1149 529 1179 563; x_wconf 91' lang='lat' dir='ltr'>le</span> <span class='ocrx_word' id='word_1_543' title='bbox 1198 528 1414 573; x_wconf 83' lang='lat' dir='ltr'>significatum</span> <span class='ocrx_word' id='word_1_544' title='bbox 1440 542 1480 564; x_wconf 88' lang='lat' dir='ltr'>ne</span> <span class='ocrx_word' id='word_1_545' title='bbox 1502 531 1635 573; x_wconf 86' lang='lat' dir='ltr'>quidem</span> <span class='ocrx_word' id='word_1_546' title='bbox 1661 540 1715 573; x_wconf 92' lang='lat' dir='ltr'>per</span> <span class='ocrx_word' id='word_1_547' title='bbox 1738 530 2014 572; x_wconf 84' lang='lat' dir='ltr'>omnipotentiam</span> 
     </span>
     <span class='ocr_line' id='line_1_79' title="bbox 1149 579 2015 624; baseline 0.001 -11"><span class='ocrx_word' id='word_1_548' title='bbox 1149 579 1311 615; x_wconf 87' lang='lat' dir='ltr'>Creatoris</span> <span class='ocrx_word' id='word_1_549' title='bbox 1322 579 1426 623; x_wconf 85' lang='lat' dir='ltr'>potest</span> <span class='ocrx_word' id='word_1_550' title='bbox 1439 582 1591 624; x_wconf 87' lang='lat' dir='ltr'>quadrare</span> <span class='ocrx_word' id='word_1_551' title='bbox 1604 579 1742 622; x_wconf 56' lang='lat' dir='ltr'>subjecto</span> <span class='ocrx_word' id='word_1_552' title='bbox 1755 605 1765 620; x_wconf 89' lang='lat'>‚</span> <span class='ocrx_word' id='word_1_553' title='bbox 1792 591 1847 612; x_wconf 86' lang='lat' dir='ltr'>aut</span> <span class='ocrx_word' id='word_1_554' title='bbox 1873 580 2015 622; x_wconf 79' lang='lat' dir='ltr'>praedica-</span> 
     </span>
     <span class='ocr_line' id='line_1_80' title="bbox 1148 628 2017 673; baseline 0.002 -11"><span class='ocrx_word' id='word_1_555' title='bbox 1148 628 1173 662; x_wconf 89' lang='lat' dir='ltr'>ri</span> <span class='ocrx_word' id='word_1_556' title='bbox 1186 629 1227 664; x_wconf 85' lang='lat' dir='ltr'>de</span> <span class='ocrx_word' id='word_1_557' title='bbox 1238 629 1315 672; x_wconf 88' lang='lat' dir='ltr'>illo.</span> <span class='ocrx_word' id='word_1_558' title='bbox 1341 629 1428 663; x_wconf 86' lang='lat' dir='ltr'>Tale</span> <span class='ocrx_word' id='word_1_559' title='bbox 1442 631 1485 664; x_wconf 84' lang='lat' dir='ltr'>est</span> <span class='ocrx_word' id='word_1_560' title='bbox 1500 630 1673 663; x_wconf 79' lang='lat' dir='ltr'>humanitas</span> <span class='ocrx_word' id='word_1_561' title='bbox 1685 631 1827 673; x_wconf 70' lang='lat' dir='ltr'>respestu</span> <span class='ocrx_word' id='word_1_562' title='bbox 1854 629 2017 664; x_wconf 83' lang='lat' dir='ltr'>brutalita-</span> 
     </span>
     <span class='ocr_line' id='line_1_81' title="bbox 1148 678 2016 723; baseline 0 -11"><span class='ocrx_word' id='word_1_563' title='bbox 1148 680 1189 718; x_wconf 69' lang='lat' dir='ltr'>tis</span> <span class='ocrx_word' id='word_1_564' title='bbox 1204 702 1214 718; x_wconf 72' lang='lat'><strong><em>³</em></strong></span> <span class='ocrx_word' id='word_1_565' title='bbox 1241 680 1353 716; x_wconf 69' lang='lat' dir='ltr'>albedo</span> <span class='ocrx_word' id='word_1_566' title='bbox 1365 682 1502 723; x_wconf 64' lang='lat' dir='ltr'>respedlu</span> <span class='ocrx_word' id='word_1_567' title='bbox 1518 681 1700 717; x_wconf 85' lang='lat' dir='ltr'>dulcedinis</span> <span class='ocrx_word' id='word_1_568' title='bbox 1713 703 1724 723; x_wconf 64' lang='lat'><em>2</em></span> <span class='ocrx_word' id='word_1_569' title='bbox 1752 678 1925 719; x_wconf 87' lang='lat' dir='ltr'>viredinis‚</span> <span class='ocrx_word' id='word_1_570' title='bbox 1951 680 2016 713; x_wconf 76' lang='lat' dir='ltr'>&amp;c-</span> 
     </span>
     <span class='ocr_line' id='line_1_82' title="bbox 1151 730 2021 773; baseline 0.001 -11"><span class='ocrx_word' id='word_1_571' title='bbox 1151 730 1192 763; x_wconf 89' lang='lat' dir='ltr'>Et</span> <span class='ocrx_word' id='word_1_572' title='bbox 1205 731 1400 773; x_wconf 86' lang='lat' dir='ltr'>generaliter</span> <span class='ocrx_word' id='word_1_573' title='bbox 1411 741 1510 763; x_wconf 85' lang='lat' dir='ltr'>omne</span> <span class='ocrx_word' id='word_1_574' title='bbox 1523 731 1713 767; x_wconf 63' lang='lat' dir='ltr'>abstractum</span> <span class='ocrx_word' id='word_1_575' title='bbox 1730 731 1868 772; x_wconf 56' lang='lat' dir='ltr'>respefiiu</span> <span class='ocrx_word' id='word_1_576' title='bbox 1884 730 2021 768; x_wconf 66' lang='lat' dir='ltr'>alterius</span> 
     </span>
     <span class='ocr_line' id='line_1_83' title="bbox 1147 779 2014 821; baseline 0.001 -9"><span class='ocrx_word' id='word_1_577' title='bbox 1147 780 1322 821; x_wconf 53' lang='lat' dir='ltr'>absimilia</span> <span class='ocrx_word' id='word_1_578' title='bbox 1338 781 1369 813; x_wconf 92' lang='lat' dir='ltr'>se</span> <span class='ocrx_word' id='word_1_579' title='bbox 1380 779 1504 813; x_wconf 86' lang='lat' dir='ltr'>realiter</span> <span class='ocrx_word' id='word_1_580' title='bbox 1524 779 1664 813; x_wconf 64' lang='lat' dir='ltr'>distincti</span> <span class='ocrx_word' id='word_1_581' title='bbox 1679 803 1686 810; x_wconf 81' lang='grc'><strong>.</strong></span> <span class='ocrx_word' id='word_1_582' title='bbox 1715 780 1805 814; x_wconf 83' lang='lat' dir='ltr'>Deus</span> <span class='ocrx_word' id='word_1_583' title='bbox 1826 780 1914 813; x_wconf 89' lang='lat' dir='ltr'>enim</span> <span class='ocrx_word' id='word_1_584' title='bbox 1936 780 2014 813; x_wconf 86' lang='lat' dir='ltr'>licet</span> 
     </span>
     <span class='ocr_line' id='line_1_84' title="bbox 1149 829 2014 873; baseline 0 -11"><span class='ocrx_word' id='word_1_585' title='bbox 1149 829 1241 872; x_wconf 84' lang='lat' dir='ltr'>possit</span> <span class='ocrx_word' id='word_1_586' title='bbox 1254 830 1417 865; x_wconf 84' lang='lat' dir='ltr'>verificare</span> <span class='ocrx_word' id='word_1_587' title='bbox 1429 829 1485 863; x_wconf 82' lang='lat' dir='ltr'>has</span> <span class='ocrx_word' id='word_1_588' title='bbox 1500 830 1753 873; x_wconf 72' lang='lat' dir='ltr'>propositiones,</span> <span class='ocrx_word' id='word_1_589' title='bbox 1779 837 1871 869; x_wconf 76' lang='lat' dir='ltr'>Homo</span> <span class='ocrx_word' id='word_1_590' title='bbox 1882 829 1919 870; x_wconf 72' lang='grc' dir='ltr'><strong><em>ιβ</em></strong></span> <span class='ocrx_word' id='word_1_591' title='bbox 1939 829 2014 862; x_wconf 79' lang='lat' dir='ltr'>bru-</span> 
     </span>
     <span class='ocr_line' id='line_1_85' title="bbox 1129 877 2014 924; baseline 0.001 -12"><span class='ocrx_word' id='word_1_592' title='bbox 1129 878 1133 905; x_wconf 82' lang='lat'>¹</span> <span class='ocrx_word' id='word_1_593' title='bbox 1148 890 1213 913; x_wconf 85' lang='lat' dir='ltr'>tum</span> <span class='ocrx_word' id='word_1_594' title='bbox 1227 903 1238 919; x_wconf 91' lang='lat'><strong>,</strong></span> <span class='ocrx_word' id='word_1_595' title='bbox 1265 879 1367 922; x_wconf 71' lang='lat' dir='ltr'>,album</span> <span class='ocrx_word' id='word_1_596' title='bbox 1382 878 1426 922; x_wconf 84' lang='lat' dir='ltr'>est</span> <span class='ocrx_word' id='word_1_597' title='bbox 1438 887 1554 924; x_wconf 73' lang='lat' dir='ltr'>nigrum</span> <span class='ocrx_word' id='word_1_598' title='bbox 1565 905 1576 923; x_wconf 87' lang='lat'>‚</span> <span class='ocrx_word' id='word_1_599' title='bbox 1593 879 1746 923; x_wconf 78' lang='lat' dir='ltr'>frigidum</span> <span class='ocrx_word' id='word_1_600' title='bbox 1758 877 1798 920; x_wconf 75' lang='lat' dir='ltr'>est</span> <span class='ocrx_word' id='word_1_601' title='bbox 1809 881 1957 918; x_wconf 77' lang='lat' dir='ltr'>calidum,</span> <span class='ocrx_word' id='word_1_602' title='bbox 1983 891 2014 913; x_wconf 85' lang='lat' dir='ltr'>a·</span> 
     </span>
     <span class='ocr_line' id='line_1_86' title="bbox 1149 929 2013 972; baseline -0.001 -10"><span class='ocrx_word' id='word_1_603' title='bbox 1149 929 1266 970; x_wconf 89' lang='lat' dir='ltr'>liasque</span> <span class='ocrx_word' id='word_1_604' title='bbox 1280 929 1397 965; x_wconf 84' lang='lat' dir='ltr'>similes</span> <span class='ocrx_word' id='word_1_605' title='bbox 1413 941 1603 972; x_wconf 86' lang='lat' dir='ltr'>concretas,·</span> <span class='ocrx_word' id='word_1_606' title='bbox 1630 930 1792 963; x_wconf 81' lang='lat' dir='ltr'>verificare</span> <span class='ocrx_word' id='word_1_607' title='bbox 1815 941 1923 964; x_wconf 88' lang='lat' dir='ltr'>tamen</span> <span class='ocrx_word' id='word_1_608' title='bbox 1944 940 2013 967; x_wconf 88' lang='lat' dir='ltr'>non</span> 
     </span>
     <span class='ocr_line' id='line_1_87' title="bbox 1149 972 2015 1022; baseline -0.001 -10"><span class='ocrx_word' id='word_1_609' title='bbox 1149 980 1249 1022; x_wconf 86' lang='lat' dir='ltr'>potest</span> <span class='ocrx_word' id='word_1_610' title='bbox 1280 979 1337 1017; x_wconf 82' lang='lat' dir='ltr'>has</span> <span class='ocrx_word' id='word_1_611' title='bbox 1356 1003 1367 1019; x_wconf 85' lang='lat'><strong>,</strong></span> <span class='ocrx_word' id='word_1_612' title='bbox 1388 984 1570 1015; x_wconf 72' lang='lat' dir='ltr'>Humanitas</span> <span class='ocrx_word' id='word_1_613' title='bbox 1595 979 1638 1022; x_wconf 68' lang='lat' dir='ltr'>est</span> <span class='ocrx_word' id='word_1_614' title='bbox 1662 979 1824 1012; x_wconf 79' lang='lat' dir='ltr'>brutalitas</span> <span class='ocrx_word' id='word_1_615' title='bbox 1837 1004 1847 1018; x_wconf 93' lang='lat'>‚</span> <span class='ocrx_word' id='word_1_616' title='bbox 1872 982 1947 1012; x_wconf 83' lang='lat' dir='ltr'>calor</span> <span class='ocrx_word' id='word_1_617' title='bbox 1973 972 2015 1021; x_wconf 72' lang='lat' dir='ltr'>eft</span> 
     </span>
     <span class='ocr_line' id='line_1_88' title="bbox 1144 1028 2014 1075; baseline 0.001 -14"><span class='ocrx_word' id='word_1_618' title='bbox 1144 1028 1269 1075; x_wconf 76' lang='lat' dir='ltr'>frigus,</span> <span class='ocrx_word' id='word_1_619' title='bbox 1292 1030 1368 1062; x_wconf 79' lang='lat' dir='ltr'>calor</span> <span class='ocrx_word' id='word_1_620' title='bbox 1388 1030 1431 1072; x_wconf 83' lang='lat' dir='ltr'>est</span> <span class='ocrx_word' id='word_1_621' title='bbox 1450 1029 1562 1073; x_wconf 84' lang='lat' dir='ltr'>sapor,</span> <span class='ocrx_word' id='word_1_622' title='bbox 1588 1031 1730 1073; x_wconf 86' lang='lat' dir='ltr'>aliasque</span> <span class='ocrx_word' id='word_1_623' title='bbox 1754 1029 1870 1063; x_wconf 81' lang='lat' dir='ltr'>similes</span> <span class='ocrx_word' id='word_1_624' title='bbox 1880 1028 2014 1063; x_wconf 83' lang='lat' dir='ltr'>abstrae-</span> 
     </span>
     <span class='ocr_line' id='line_1_89' title="bbox 1130 1078 2014 1125; baseline 0 -13"><span class='ocrx_word' id='word_1_625' title='bbox 1130 1078 1194 1113; x_wconf 74' lang='lat' dir='ltr'>i&#39;tas</span> <span class='ocrx_word' id='word_1_626' title='bbox 1206 1103 1215 1112; x_wconf 84' lang='lat'><strong>.</strong></span> <span class='ocrx_word' id='word_1_627' title='bbox 1243 1084 1282 1112; x_wconf 80' lang='lat' dir='ltr'>Ac</span> <span class='ocrx_word' id='word_1_628' title='bbox 1293 1086 1371 1111; x_wconf 76' lang='lat' dir='ltr'>ratio</span> <span class='ocrx_word' id='word_1_629' title='bbox 1381 1078 1423 1122; x_wconf 83' lang='lat' dir='ltr'>est</span> <span class='ocrx_word' id='word_1_630' title='bbox 1439 1092 1445 1111; x_wconf 73' lang='grc' dir='ltr'>ε</span> <span class='ocrx_word' id='word_1_631' title='bbox 1476 1081 1564 1125; x_wconf 86' lang='lat' dir='ltr'>Qiia</span> <span class='ocrx_word' id='word_1_632' title='bbox 1577 1080 1616 1113; x_wconf 83' lang='lat' dir='ltr'>ad</span> <span class='ocrx_word' id='word_1_633' title='bbox 1630 1080 1886 1118; x_wconf 84' lang='lat' dir='ltr'>verificationem</span> <span class='ocrx_word' id='word_1_634' title='bbox 1899 1091 2014 1122; x_wconf 87' lang='lat' dir='ltr'>propo-</span> 
     </span>
     <span class='ocr_line' id='line_1_90' title="bbox 1146 1128 2015 1167; baseline -0.001 -5"><span class='ocrx_word' id='word_1_635' title='bbox 1146 1129 1271 1165; x_wconf 82' lang='lat' dir='ltr'>sitionis</span> <span class='ocrx_word' id='word_1_636' title='bbox 1282 1130 1477 1163; x_wconf 81' lang='lat' dir='ltr'>affirmativa:</span> <span class='ocrx_word' id='word_1_637' title='bbox 1492 1130 1664 1163; x_wconf 87' lang='lat' dir='ltr'>necessaria</span> <span class='ocrx_word' id='word_1_638' title='bbox 1677 1130 1721 1162; x_wconf 90' lang='lat' dir='ltr'>est</span> <span class='ocrx_word' id='word_1_639' title='bbox 1734 1128 1948 1167; x_wconf 75' lang='lat' dir='ltr'>identificatio</span> <span class='ocrx_word' id='word_1_640' title='bbox 1961 1140 2015 1162; x_wconf 86' lang='lat' dir='ltr'>ex-</span> 
     </span>
     <span class='ocr_line' id='line_1_91' title="bbox 1147 1179 2014 1223; baseline -0.001 -10"><span class='ocrx_word' id='word_1_641' title='bbox 1147 1190 1322 1220; x_wconf 80' lang='lat' dir='ltr'>tremorum</span> <span class='ocrx_word' id='word_1_642' title='bbox 1335 1180 1440 1222; x_wconf 88' lang='lat' dir='ltr'>quoad</span> <span class='ocrx_word' id='word_1_643' title='bbox 1454 1179 1630 1223; x_wconf 81' lang='lat' dir='ltr'>significata</span> <span class='ocrx_word' id='word_1_644' title='bbox 1644 1180 1723 1212; x_wconf 75' lang='lat' dir='ltr'>recta</span> <span class='ocrx_word' id='word_1_645' title='bbox 1740 1191 1750 1221; x_wconf 87' lang='lat'>·,</span> <span class='ocrx_word' id='word_1_646' title='bbox 1765 1180 1911 1219; x_wconf 86' lang='lat' dir='ltr'>adeoque</span> <span class='ocrx_word' id='word_1_647' title='bbox 1923 1180 2014 1212; x_wconf 84' lang='lat' dir='ltr'>Deus</span> 
     </span>
     <span class='ocr_line' id='line_1_92' title="bbox 1148 1228 2014 1273; baseline -0.002 -9"><span class='ocrx_word' id='word_1_648' title='bbox 1148 1230 1260 1273; x_wconf 90' lang='lat' dir='ltr'>nequit</span> <span class='ocrx_word' id='word_1_649' title='bbox 1276 1228 1436 1272; x_wconf 74' lang='lat' dir='ltr'>verificare</span> <span class='ocrx_word' id='word_1_650' title='bbox 1448 1230 1519 1265; x_wconf 83' lang='lat' dir='ltr'>istas</span> <span class='ocrx_word' id='word_1_651' title='bbox 1529 1228 1761 1272; x_wconf 77' lang='lat' dir='ltr'>propositiones</span> <span class='ocrx_word' id='word_1_652' title='bbox 1785 1228 1992 1262; x_wconf 86' lang='lat' dir='ltr'>affirmativas</span> <span class='ocrx_word' id='word_1_653' title='bbox 2002 1252 2014 1269; x_wconf 90' lang='lat'>,</span> 
     </span>
     <span class='ocr_line' id='line_1_93' title="bbox 1145 1277 2013 1324; baseline -0.003 -10"><span class='ocrx_word' id='word_1_654' title='bbox 1145 1290 1281 1322; x_wconf 88' lang='lat' dir='ltr'>quarum</span> <span class='ocrx_word' id='word_1_655' title='bbox 1304 1290 1448 1316; x_wconf 81' lang='lat' dir='ltr'>extrema</span> <span class='ocrx_word' id='word_1_656' title='bbox 1476 1280 1589 1324; x_wconf 87' lang='lat' dir='ltr'>nequit</span> <span class='ocrx_word' id='word_1_657' title='bbox 1614 1277 1812 1322; x_wconf 75' lang='lat' dir='ltr'>identificare</span> <span class='ocrx_word' id='word_1_658' title='bbox 1840 1277 1948 1322; x_wconf 87' lang='lat' dir='ltr'>quoad</span> <span class='ocrx_word' id='word_1_659' title='bbox 1960 1288 2013 1311; x_wconf 91' lang='lat' dir='ltr'>eo·</span> 
     </span>
     <span class='ocr_line' id='line_1_94' title="bbox 1146 1328 2012 1374; baseline -0.002 -12"><span class='ocrx_word' id='word_1_660' title='bbox 1146 1339 1216 1365; x_wconf 84' lang='lat' dir='ltr'>rum</span> <span class='ocrx_word' id='word_1_661' title='bbox 1228 1329 1405 1374; x_wconf 82' lang='lat' dir='ltr'>significata</span> <span class='ocrx_word' id='word_1_662' title='bbox 1418 1330 1516 1364; x_wconf 70' lang='lat' dir='ltr'>reeta:</span> <span class='ocrx_word' id='word_1_663' title='bbox 1545 1330 1635 1373; x_wconf 91' lang='lat' dir='ltr'>atqui</span> <span class='ocrx_word' id='word_1_664' title='bbox 1647 1330 1679 1361; x_wconf 89' lang='lat' dir='ltr'>in</span> <span class='ocrx_word' id='word_1_665' title='bbox 1697 1328 1832 1372; x_wconf 84' lang='lat' dir='ltr'>praefatis</span> <span class='ocrx_word' id='word_1_666' title='bbox 1846 1328 2012 1367; x_wconf 83' lang='lat' dir='ltr'>affirmati-</span> 
     </span>
     <span class='ocr_line' id='line_1_95' title="bbox 1146 1377 2015 1424; baseline -0.002 -12"><span class='ocrx_word' id='word_1_667' title='bbox 1146 1379 1195 1413; x_wconf 85' lang='lat' dir='ltr'>vis</span> <span class='ocrx_word' id='word_1_668' title='bbox 1206 1379 1486 1423; x_wconf 79' lang='lat' dir='ltr'>praedicationibus</span> <span class='ocrx_word' id='word_1_669' title='bbox 1509 1380 1620 1424; x_wconf 87' lang='lat' dir='ltr'>nequir</span> <span class='ocrx_word' id='word_1_670' title='bbox 1640 1378 1732 1412; x_wconf 86' lang='lat' dir='ltr'>Deus</span> <span class='ocrx_word' id='word_1_671' title='bbox 1753 1378 1955 1413; x_wconf 80' lang='lat' dir='ltr'>identificare</span> <span class='ocrx_word' id='word_1_672' title='bbox 1978 1377 2015 1410; x_wconf 56' lang='lat' dir='ltr'>siv</span> 
     </span>
     <span class='ocr_line' id='line_1_96' title="bbox 1143 1428 2012 1474; baseline -0.003 -11"><span class='ocrx_word' id='word_1_673' title='bbox 1143 1429 1298 1474; x_wconf 82' lang='lat' dir='ltr'>gnificata</span> <span class='ocrx_word' id='word_1_674' title='bbox 1320 1431 1401 1464; x_wconf 67' lang='lat' dir='ltr'>resta</span> <span class='ocrx_word' id='word_1_675' title='bbox 1416 1439 1663 1464; x_wconf 68' lang='lat' dir='ltr'>extremorum·-</span> <span class='ocrx_word' id='word_1_676' title='bbox 1688 1428 1736 1462; x_wconf 88' lang='lat' dir='ltr'>uti</span> <span class='ocrx_word' id='word_1_677' title='bbox 1760 1438 1847 1472; x_wconf 76' lang='lat' dir='ltr'>patet</span> <span class='ocrx_word' id='word_1_678' title='bbox 1873 1428 2012 1466; x_wconf 89' lang='lat' dir='ltr'>scienti,</span> 
     </span>
     <span class='ocr_line' id='line_1_97' title="bbox 1143 1477 2013 1524; baseline 0 -11"><span class='ocrx_word' id='word_1_679' title='bbox 1143 1490 1291 1524; x_wconf 81' lang='lat' dir='ltr'>quaenam</span> <span class='ocrx_word' id='word_1_680' title='bbox 1304 1480 1364 1514; x_wconf 82' lang='lat' dir='ltr'>sint</span> <span class='ocrx_word' id='word_1_681' title='bbox 1375 1491 1489 1515; x_wconf 87' lang='lat' dir='ltr'>eorum</span> <span class='ocrx_word' id='word_1_682' title='bbox 1501 1481 1584 1513; x_wconf 68' lang='lat' dir='ltr'>resta</span> <span class='ocrx_word' id='word_1_683' title='bbox 1594 1478 1770 1524; x_wconf 84' lang='lat' dir='ltr'>significata</span> <span class='ocrx_word' id='word_1_684' title='bbox 1783 1500 1792 1510; x_wconf 87' lang='lat'>.</span> <span class='ocrx_word' id='word_1_685' title='bbox 1819 1478 1911 1523; x_wconf 89' lang='lat' dir='ltr'>Ergo</span> <span class='ocrx_word' id='word_1_686' title='bbox 1921 1477 2013 1513; x_wconf 80' lang='lat' dir='ltr'>Deus</span> 
     </span>
     <span class='ocr_line' id='line_1_98' title="bbox 1141 1527 2011 1574; baseline -0.001 -12"><span class='ocrx_word' id='word_1_687' title='bbox 1141 1531 1241 1564; x_wconf 88' lang='lat' dir='ltr'>etiam</span> <span class='ocrx_word' id='word_1_688' title='bbox 1252 1529 1365 1573; x_wconf 88' lang='lat' dir='ltr'>nequit</span> <span class='ocrx_word' id='word_1_689' title='bbox 1380 1530 1454 1564; x_wconf 80' lang='lat' dir='ltr'>istas</span> <span class='ocrx_word' id='word_1_690' title='bbox 1476 1529 1712 1574; x_wconf 78' lang='lat' dir='ltr'>propositiones</span> <span class='ocrx_word' id='word_1_691' title='bbox 1736 1528 1898 1570; x_wconf 79' lang='lat' dir='ltr'>verificare</span> <span class='ocrx_word' id='word_1_692' title='bbox 1913 1551 1920 1560; x_wconf 90' lang='lat'><strong>.</strong></span> <span class='ocrx_word' id='word_1_693' title='bbox 1948 1527 2011 1568; x_wconf 81' lang='lat' dir='ltr'>Sed</span> 
     </span>
     <span class='ocr_line' id='line_1_99' title="bbox 1139 1578 1473 1620; baseline -0.003 -7"><span class='ocrx_word' id='word_1_694' title='bbox 1139 1578 1180 1620; x_wconf 77' lang='lat' dir='ltr'>de</span> <span class='ocrx_word' id='word_1_695' title='bbox 1192 1578 1243 1612; x_wconf 86' lang='lat' dir='ltr'>his</span> <span class='ocrx_word' id='word_1_696' title='bbox 1259 1579 1356 1616; x_wconf 85' lang='lat' dir='ltr'>latius</span> <span class='ocrx_word' id='word_1_697' title='bbox 1367 1579 1451 1620; x_wconf 76' lang='lat' dir='ltr'>insta</span> <span class='ocrx_word' id='word_1_698' title='bbox 1465 1602 1473 1612; x_wconf 87' lang='lat'><strong>.</strong></span> 
     </span>
    </p>
   </div>
   <div class='ocr_carea' id='block_1_12' title="bbox 1363 1674 1792 1721">
    <p class='ocr_par' dir='ltr' id='par_1_15' title="bbox 1363 1674 1792 1721">
     <span class='ocr_line' id='line_1_100' title="bbox 1363 1674 1792 1721; baseline -0.007 -10"><span class='ocrx_word' id='word_1_699' title='bbox 1363 1675 1701 1721; x_wconf 71' lang='lat' dir='ltr'>Duarum</span> <span class='ocrx_word' id='word_1_700' title='bbox 1750 1674 1792 1710; x_wconf 74' lang='lat' dir='ltr'>v.</span> 
     </span>
    </p>
   </div>
   <div class='ocr_carea' id='block_1_13' title="bbox 1138 1774 2011 1922">
    <p class='ocr_par' dir='ltr' id='par_1_16' title="bbox 1138 1774 2011 1922">
     <span class='ocr_line' id='line_1_101' title="bbox 1138 1774 2011 1824; baseline -0.001 -13"><span class='ocrx_word' id='word_1_701' title='bbox 1138 1778 1230 1824; x_wconf 70' lang='lat' dir='ltr'>‚Quid</span> <span class='ocrx_word' id='word_1_702' title='bbox 1245 1777 1286 1822; x_wconf 79' lang='lat' dir='ltr'>fit</span> <span class='ocrx_word' id='word_1_703' title='bbox 1305 1778 1482 1821; x_wconf 77' lang='lat' dir='ltr'>praedicatio</span> <span class='ocrx_word' id='word_1_704' title='bbox 1508 1776 1542 1809; x_wconf 86' lang='lat' dir='ltr'>in</span> <span class='ocrx_word' id='word_1_705' title='bbox 1569 1774 1648 1819; x_wconf 87' lang='lat' dir='ltr'>quid</span> <span class='ocrx_word' id='word_1_706' title='bbox 1673 1777 1686 1809; x_wconf 87' lang='lat'>?</span> <span class='ocrx_word' id='word_1_707' title='bbox 1720 1775 1812 1819; x_wconf 75' lang='lat' dir='ltr'>,Quid</span> <span class='ocrx_word' id='word_1_708' title='bbox 1832 1774 2011 1818; x_wconf 63' lang='lat' dir='ltr'>pradicatio</span> 
     </span>
     <span class='ocr_line' id='line_1_102' title="bbox 1324 1826 1826 1872; baseline -0.008 -10"><span class='ocrx_word' id='word_1_709' title='bbox 1324 1829 1359 1870; x_wconf 81' lang='lat' dir='ltr'>in</span> <span class='ocrx_word' id='word_1_710' title='bbox 1377 1826 1473 1872; x_wconf 87' lang='lat' dir='ltr'>quale</span> <span class='ocrx_word' id='word_1_711' title='bbox 1493 1826 1510 1858; x_wconf 73' lang='grc' dir='ltr'><em>ἒ</em></span> <span class='ocrx_word' id='word_1_712' title='bbox 1538 1827 1626 1869; x_wconf 77' lang='lat' dir='ltr'>,Quid</span> <span class='ocrx_word' id='word_1_713' title='bbox 1644 1828 1826 1868; x_wconf 61' lang='lat' dir='ltr'>praedicatio</span> 
     </span>
     <span class='ocr_line' id='line_1_103' title="bbox 1438 1873 1721 1922; baseline -0.004 -13"><span class='ocrx_word' id='word_1_714' title='bbox 1438 1876 1473 1913; x_wconf 82' lang='lat' dir='ltr'>in</span> <span class='ocrx_word' id='word_1_715' title='bbox 1498 1877 1594 1922; x_wconf 83' lang='lat' dir='ltr'>quale</span> <span class='ocrx_word' id='word_1_716' title='bbox 1614 1873 1721 1919; x_wconf 81' lang='lat' dir='ltr'>quid?</span> 
     </span>
    </p>
   </div>
   <div class='ocr_carea' id='block_1_14' title="bbox 1118 1972 2006 3214">
    <p class='ocr_par' dir='ltr' id='par_1_17' title="bbox 1134 1972 2006 2021">
     <span class='ocr_line' id='line_1_104' title="bbox 1134 1972 2006 2021; baseline -0.001 -13"><span class='ocrx_word' id='word_1_717' title='bbox 1134 1974 1191 2021; x_wconf 75' lang='lat'>46.</span> <span class='ocrx_word' id='word_1_718' title='bbox 1330 1988 1333 1991; x_wconf 93' lang='lat'>·</span> <span class='ocrx_word' id='word_1_719' title='bbox 1354 1974 1388 2009; x_wconf 92' lang='lat' dir='ltr'>Ic</span> <span class='ocrx_word' id='word_1_720' title='bbox 1400 1984 1514 2013; x_wconf 80' lang='lat' dir='ltr'>contra</span> <span class='ocrx_word' id='word_1_721' title='bbox 1527 1972 1747 2018; x_wconf 77' lang='lat' dir='ltr'>Porphyrium</span> <span class='ocrx_word' id='word_1_722' title='bbox 1759 1999 1771 2018; x_wconf 75' lang='lat' dir='ltr'>a</span> <span class='ocrx_word' id='word_1_723' title='bbox 1795 1984 1833 2007; x_wconf 86' lang='lat' dir='ltr'>ac</span> <span class='ocrx_word' id='word_1_724' title='bbox 1858 1972 2006 2018; x_wconf 77' lang='lat' dir='ltr'>Porphy-</span> 
     </span>
    </p>

    <p class='ocr_par' dir='ltr' id='par_1_18' title="bbox 1118 2023 2005 3214">
     <span class='ocr_line' id='line_1_105' title="bbox 1246 2023 2005 2071; baseline -0.003 -11"><span class='ocrx_word' id='word_1_725' title='bbox 1246 2064 1248 2067; x_wconf 47' lang='grc'>,</span> <span class='ocrx_word' id='word_1_726' title='bbox 1369 2025 1470 2060; x_wconf 85' lang='lat' dir='ltr'>tiistas</span> <span class='ocrx_word' id='word_1_727' title='bbox 1483 2023 1669 2071; x_wconf 30' lang='lat' dir='ltr'>luc-landum</span> <span class='ocrx_word' id='word_1_728' title='bbox 1681 2025 1725 2059; x_wconf 83' lang='lat' dir='ltr'>est</span> <span class='ocrx_word' id='word_1_729' title='bbox 1737 2049 1745 2057; x_wconf 90' lang='lat'><strong>.</strong></span> <span class='ocrx_word' id='word_1_730' title='bbox 1775 2024 1897 2058; x_wconf 88' lang='lat' dir='ltr'>Eorum</span> <span class='ocrx_word' id='word_1_731' title='bbox 1920 2025 2005 2058; x_wconf 86' lang='lat' dir='ltr'>calu-</span> 
     </span>
     <span class='ocr_line' id='line_1_106' title="bbox 1135 2073 2003 2119; baseline 0 -11"><span class='ocrx_word' id='word_1_732' title='bbox 1135 2075 1240 2111; x_wconf 78' lang='lat' dir='ltr'>mnias</span> <span class='ocrx_word' id='word_1_733' title='bbox 1251 2075 1411 2117; x_wconf 66' lang='lat' dir='ltr'>praevideo</span> <span class='ocrx_word' id='word_1_734' title='bbox 1424 2098 1436 2114; x_wconf 90' lang='lat'>,</span> <span class='ocrx_word' id='word_1_735' title='bbox 1462 2073 1514 2109; x_wconf 80' lang='lat' dir='ltr'>sed</span> <span class='ocrx_word' id='word_1_736' title='bbox 1527 2075 1677 2118; x_wconf 85' lang='lat' dir='ltr'>negligo.</span> <span class='ocrx_word' id='word_1_737' title='bbox 1708 2073 1810 2119; x_wconf 84' lang='lat' dir='ltr'>Qod</span> <span class='ocrx_word' id='word_1_738' title='bbox 1835 2076 2003 2110; x_wconf 78' lang='lat' dir='ltr'>veritatem</span> 
     </span>
     <span class='ocr_line' id='line_1_107' title="bbox 1134 2122 2003 2167; baseline 0.003 -12"><span class='ocrx_word' id='word_1_739' title='bbox 1134 2122 1241 2166; x_wconf 81' lang='lat' dir='ltr'>dicam</span> <span class='ocrx_word' id='word_1_740' title='bbox 1252 2146 1264 2162; x_wconf 89' lang='lat'><strong><em>,</em></strong></span> <span class='ocrx_word' id='word_1_741' title='bbox 1292 2133 1344 2155; x_wconf 87' lang='lat' dir='ltr'>me</span> <span class='ocrx_word' id='word_1_742' title='bbox 1357 2134 1423 2155; x_wconf 89' lang='lat' dir='ltr'>non</span> <span class='ocrx_word' id='word_1_743' title='bbox 1435 2123 1539 2164; x_wconf 64' lang='lat' dir='ltr'>jacto,</span> <span class='ocrx_word' id='word_1_744' title='bbox 1567 2133 1671 2165; x_wconf 89' lang='lat' dir='ltr'>neque</span> <span class='ocrx_word' id='word_1_745' title='bbox 1695 2124 1807 2165; x_wconf 63' lang='lat' dir='ltr'>jactavi</span> <span class='ocrx_word' id='word_1_746' title='bbox 1832 2134 1976 2167; x_wconf 87' lang='lat' dir='ltr'>unquam</span> <span class='ocrx_word' id='word_1_747' title='bbox 1990 2138 2003 2158; x_wconf 86' lang='lat'>.-</span> 
     </span>
     <span class='ocr_line' id='line_1_108' title="bbox 1134 2170 2003 2215; baseline 0.005 -11"><span class='ocrx_word' id='word_1_748' title='bbox 1134 2170 1185 2205; x_wconf 90' lang='lat' dir='ltr'>sed</span> <span class='ocrx_word' id='word_1_749' title='bbox 1198 2171 1287 2207; x_wconf 85' lang='lat' dir='ltr'>illam</span> <span class='ocrx_word' id='word_1_750' title='bbox 1302 2170 1452 2215; x_wconf 86' lang='lat' dir='ltr'>inquiro,</span> <span class='ocrx_word' id='word_1_751' title='bbox 1479 2170 1622 2215; x_wconf 90' lang='lat' dir='ltr'>meisque</span> <span class='ocrx_word' id='word_1_752' title='bbox 1633 2170 1835 2205; x_wconf 87' lang='lat' dir='ltr'>auditoribus</span> <span class='ocrx_word' id='word_1_753' title='bbox 1846 2184 1883 2206; x_wconf 87' lang='lat' dir='ltr'>ac</span> <span class='ocrx_word' id='word_1_754' title='bbox 1906 2174 2003 2209; x_wconf 74' lang='lat' dir='ltr'>lecto-</span> 
     </span>
     <span class='ocr_line' id='line_1_109' title="bbox 1133 2220 2002 2266; baseline 0.005 -13"><span class='ocrx_word' id='word_1_755' title='bbox 1133 2220 1220 2255; x_wconf 85' lang='lat' dir='ltr'>ribus</span> <span class='ocrx_word' id='word_1_756' title='bbox 1232 2221 1321 2254; x_wconf 90' lang='lat' dir='ltr'>illam</span> <span class='ocrx_word' id='word_1_757' title='bbox 1333 2221 1520 2263; x_wconf 80' lang='lat' dir='ltr'>inquirendi</span> <span class='ocrx_word' id='word_1_758' title='bbox 1534 2221 1639 2254; x_wconf 85' lang='lat' dir='ltr'>media</span> <span class='ocrx_word' id='word_1_759' title='bbox 1661 2233 1829 2264; x_wconf 85' lang='lat' dir='ltr'>propono.</span> <span class='ocrx_word' id='word_1_760' title='bbox 1857 2222 1918 2256; x_wconf 83' lang='lat' dir='ltr'>Sed</span> <span class='ocrx_word' id='word_1_761' title='bbox 1947 2235 2002 2266; x_wconf 85' lang='lat' dir='ltr'>pu-</span> 
     </span>
     <span class='ocr_line' id='line_1_110' title="bbox 1133 2269 2002 2315; baseline 0.006 -13"><span class='ocrx_word' id='word_1_762' title='bbox 1133 2279 1204 2309; x_wconf 82' lang='lat' dir='ltr'>tant</span> <span class='ocrx_word' id='word_1_763' title='bbox 1215 2269 1424 2315; x_wconf 74' lang='lat' dir='ltr'>Porphyrisie</span> <span class='ocrx_word' id='word_1_764' title='bbox 1435 2270 1465 2302; x_wconf 84' lang='lat' dir='ltr'>se</span> <span class='ocrx_word' id='word_1_765' title='bbox 1477 2270 1511 2303; x_wconf 85' lang='lat' dir='ltr'>in</span> <span class='ocrx_word' id='word_1_766' title='bbox 1526 2269 1712 2312; x_wconf 70' lang='lat' dir='ltr'>porphyrio</span> <span class='ocrx_word' id='word_1_767' title='bbox 1726 2271 1814 2303; x_wconf 81' lang='lat' dir='ltr'>illam</span> <span class='ocrx_word' id='word_1_768' title='bbox 1828 2273 2002 2308; x_wconf 73' lang='lat' dir='ltr'>invenisse?</span> 
     </span>
     <span class='ocr_line' id='line_1_111' title="bbox 1132 2317 1999 2365; baseline 0.001 -14"><span class='ocrx_word' id='word_1_769' title='bbox 1132 2319 1217 2352; x_wconf 89' lang='lat' dir='ltr'>Fieri</span> <span class='ocrx_word' id='word_1_770' title='bbox 1232 2317 1348 2361; x_wconf 87' lang='lat' dir='ltr'>potest:</span> <span class='ocrx_word' id='word_1_771' title='bbox 1373 2328 1514 2352; x_wconf 87' lang='lat' dir='ltr'>attamen</span> <span class='ocrx_word' id='word_1_772' title='bbox 1528 2328 1591 2362; x_wconf 86' lang='lat' dir='ltr'>ego</span> <span class='ocrx_word' id='word_1_773' title='bbox 1604 2329 1671 2355; x_wconf 89' lang='lat' dir='ltr'>non</span> <span class='ocrx_word' id='word_1_774' title='bbox 1684 2320 1799 2357; x_wconf 77' lang='lat' dir='ltr'>credo.</span> <span class='ocrx_word' id='word_1_775' title='bbox 1825 2320 1896 2353; x_wconf 90' lang='lat' dir='ltr'>Oro</span> <span class='ocrx_word' id='word_1_776' title='bbox 1916 2322 1999 2365; x_wconf 63' lang='lat' dir='ltr'>ergd</span> 
     </span>
     <span class='ocr_line' id='line_1_112' title="bbox 1131 2367 1996 2410; baseline 0.003 -10"><span class='ocrx_word' id='word_1_777' title='bbox 1131 2367 1207 2401; x_wconf 88' lang='lat' dir='ltr'>illos</span> <span class='ocrx_word' id='word_1_778' title='bbox 1220 2377 1254 2400; x_wconf 86' lang='lat' dir='ltr'>ut</span> <span class='ocrx_word' id='word_1_779' title='bbox 1265 2367 1435 2401; x_wconf 88' lang='lat' dir='ltr'>hominem</span> <span class='ocrx_word' id='word_1_780' title='bbox 1462 2368 1603 2405; x_wconf 82' lang='lat' dir='ltr'>veritatis</span> <span class='ocrx_word' id='word_1_781' title='bbox 1626 2367 1829 2410; x_wconf 76' lang='lat' dir='ltr'>inquisitioni</span> <span class='ocrx_word' id='word_1_782' title='bbox 1847 2367 1996 2404; x_wconf 87' lang='lat' dir='ltr'>deditum</span> 
     </span>
     <span class='ocr_line' id='line_1_113' title="bbox 1132 2416 1995 2464; baseline 0.002 -13"><span class='ocrx_word' id='word_1_783' title='bbox 1132 2428 1198 2451; x_wconf 91' lang='lat' dir='ltr'>non</span> <span class='ocrx_word' id='word_1_784' title='bbox 1220 2416 1403 2452; x_wconf 87' lang='lat' dir='ltr'>absttahant</span> <span class='ocrx_word' id='word_1_785' title='bbox 1419 2442 1430 2457; x_wconf 86' lang='lat'>,</span> <span class='ocrx_word' id='word_1_786' title='bbox 1467 2429 1572 2460; x_wconf 88' lang='lat' dir='ltr'>neque</span> <span class='ocrx_word' id='word_1_787' title='bbox 1601 2417 1768 2455; x_wconf 77' lang='lat' dir='ltr'>lacessant:</span> <span class='ocrx_word' id='word_1_788' title='bbox 1798 2418 1880 2453; x_wconf 86' lang='lat' dir='ltr'>nulli</span> <span class='ocrx_word' id='word_1_789' title='bbox 1907 2430 1971 2464; x_wconf 85' lang='lat' dir='ltr'>ego</span> <span class='ocrx_word' id='word_1_790' title='bbox 1983 2443 1995 2459; x_wconf 91' lang='lat'>‚</span> 
     </span>
     <span class='ocr_line' id='line_1_114' title="bbox 1132 2466 1994 2512; baseline -0.006 -11"><span class='ocrx_word' id='word_1_791' title='bbox 1132 2466 1316 2512; x_wconf 89' lang='lat' dir='ltr'>nulliusque</span> <span class='ocrx_word' id='word_1_792' title='bbox 1330 2467 1496 2503; x_wconf 80' lang='lat' dir='ltr'>sententiae</span> <span class='ocrx_word' id='word_1_793' title='bbox 1507 2467 1720 2510; x_wconf 72' lang='lat' dir='ltr'>preindicium</span> <span class='ocrx_word' id='word_1_794' title='bbox 1732 2466 1844 2512; x_wconf 88' lang='lat' dir='ltr'>irrogo</span> <span class='ocrx_word' id='word_1_795' title='bbox 1855 2490 1866 2506; x_wconf 91' lang='lat'>‚</span> <span class='ocrx_word' id='word_1_796' title='bbox 1883 2470 1935 2504; x_wconf 84' lang='lat' dir='ltr'>sed</span> <span class='ocrx_word' id='word_1_797' title='bbox 1946 2470 1994 2504; x_wconf 89' lang='lat' dir='ltr'>so.</span> 
     </span>
     <span class='ocr_line' id='line_1_115' title="bbox 1130 2517 1992 2561; baseline 0.002 -9"><span class='ocrx_word' id='word_1_798' title='bbox 1130 2517 1300 2559; x_wconf 76' lang='lat' dir='ltr'>lummodo</span> <span class='ocrx_word' id='word_1_799' title='bbox 1322 2518 1487 2551; x_wconf 87' lang='lat' dir='ltr'>veritatem</span> <span class='ocrx_word' id='word_1_800' title='bbox 1509 2517 1655 2558; x_wconf 89' lang='lat' dir='ltr'>inquiro.</span> <span class='ocrx_word' id='word_1_801' title='bbox 1687 2518 1730 2551; x_wconf 89' lang='lat' dir='ltr'>Et</span> <span class='ocrx_word' id='word_1_802' title='bbox 1751 2519 1824 2560; x_wconf 84' lang='lat' dir='ltr'>quis</span> <span class='ocrx_word' id='word_1_803' title='bbox 1845 2519 1923 2561; x_wconf 87' lang='lat' dir='ltr'>scit,</span> <span class='ocrx_word' id='word_1_804' title='bbox 1949 2531 1992 2559; x_wconf 79' lang='lat' dir='ltr'>an</span> 
     </span>
     <span class='ocr_line' id='line_1_116' title="bbox 1130 2567 1990 2610; baseline 0 -7"><span class='ocrx_word' id='word_1_805' title='bbox 1130 2580 1197 2606; x_wconf 84' lang='lat' dir='ltr'>non</span> <span class='ocrx_word' id='word_1_806' title='bbox 1210 2569 1365 2603; x_wconf 85' lang='lat' dir='ltr'>invenio?</span> <span class='ocrx_word' id='word_1_807' title='bbox 1391 2568 1504 2610; x_wconf 87' lang='lat' dir='ltr'>ltaque</span> <span class='ocrx_word' id='word_1_808' title='bbox 1516 2578 1550 2600; x_wconf 92' lang='lat' dir='ltr'>ut</span> <span class='ocrx_word' id='word_1_809' title='bbox 1564 2567 1665 2601; x_wconf 87' lang='lat' dir='ltr'>verbis</span> <span class='ocrx_word' id='word_1_810' title='bbox 1677 2567 1783 2601; x_wconf 68' lang='lat' dir='ltr'>Sansti</span> <span class='ocrx_word' id='word_1_811' title='bbox 1801 2567 1905 2602; x_wconf 87' lang='lat' dir='ltr'>Patris</span> <span class='ocrx_word' id='word_1_812' title='bbox 1925 2571 1990 2603; x_wconf 88' lang='lat' dir='ltr'>mei</span> 
     </span>
     <span class='ocr_line' id='line_1_117' title="bbox 1128 2616 1990 2662; baseline 0.001 -11"><span class='ocrx_word' id='word_1_813' title='bbox 1128 2619 1308 2662; x_wconf 88' lang='lat' dir='ltr'>Augustini</span> <span class='ocrx_word' id='word_1_814' title='bbox 1322 2618 1435 2653; x_wconf 88' lang='lat' dir='ltr'>utarin</span> <span class='ocrx_word' id='word_1_815' title='bbox 1450 2616 1568 2650; x_wconf 90' lang='lat' dir='ltr'>Psalm.</span> <span class='ocrx_word' id='word_1_816' title='bbox 1582 2626 1637 2661; x_wconf 83' lang='lat'>75.</span> <span class='ocrx_word' id='word_1_817' title='bbox 1662 2618 1746 2651; x_wconf 84' lang='lat' dir='ltr'>circa</span> <span class='ocrx_word' id='word_1_818' title='bbox 1759 2618 1877 2658; x_wconf 86' lang='lat' dir='ltr'>finem,</span> <span class='ocrx_word' id='word_1_819' title='bbox 1905 2626 1990 2656; x_wconf 70' lang='lat' dir='ltr'>veri,-</span> 
     </span>
     <span class='ocr_line' id='line_1_118' title="bbox 1129 2665 1986 2710; baseline 0.004 -10"><span class='ocrx_word' id='word_1_820' title='bbox 1129 2675 1179 2701; x_wconf 81' lang='lat' dir='ltr'>tas</span> <span class='ocrx_word' id='word_1_821' title='bbox 1191 2669 1324 2704; x_wconf 75' lang='lat' dir='ltr'>omn-ibus</span> <span class='ocrx_word' id='word_1_822' title='bbox 1335 2671 1492 2703; x_wconf 83' lang='lat' dir='ltr'>communis</span> <span class='ocrx_word' id='word_1_823' title='bbox 1504 2665 1552 2707; x_wconf 86' lang='grc' dir='ltr'>ιβ.</span> <span class='ocrx_word' id='word_1_824' title='bbox 1582 2671 1655 2699; x_wconf 86' lang='lat' dir='ltr'>Non</span> <span class='ocrx_word' id='word_1_825' title='bbox 1666 2666 1704 2706; x_wconf 88' lang='grc' dir='ltr'><strong><em>ιβ</em></strong></span> <span class='ocrx_word' id='word_1_826' title='bbox 1716 2678 1779 2699; x_wconf 82' lang='lat' dir='ltr'>mea</span> <span class='ocrx_word' id='word_1_827' title='bbox 1791 2692 1801 2706; x_wconf 89' lang='lat'><em>‚</em></span> <span class='ocrx_word' id='word_1_828' title='bbox 1822 2680 1911 2710; x_wconf 81' lang='lat' dir='ltr'>neque</span> <span class='ocrx_word' id='word_1_829' title='bbox 1922 2678 1986 2704; x_wconf 77' lang='lat' dir='ltr'>tua:</span> 
     </span>
     <span class='ocr_line' id='line_1_119' title="bbox 1127 2716 1984 2759; baseline -0.002 -9"><span class='ocrx_word' id='word_1_830' title='bbox 1127 2729 1184 2752; x_wconf 85' lang='lat' dir='ltr'>non</span> <span class='ocrx_word' id='word_1_831' title='bbox 1195 2718 1231 2759; x_wconf 86' lang='grc' dir='ltr'><strong><em>ιβ</em></strong></span> <span class='ocrx_word' id='word_1_832' title='bbox 1244 2719 1324 2751; x_wconf 71' lang='lat' dir='ltr'>illius</span> <span class='ocrx_word' id='word_1_833' title='bbox 1335 2742 1345 2758; x_wconf 91' lang='lat'>‚</span> <span class='ocrx_word' id='word_1_834' title='bbox 1357 2727 1408 2757; x_wconf 70' lang='lat' dir='ltr'>qut</span> <span class='ocrx_word' id='word_1_835' title='bbox 1417 2718 1497 2751; x_wconf 64' lang='lat' dir='ltr'>illius</span> <span class='ocrx_word' id='word_1_836' title='bbox 1510 2742 1521 2757; x_wconf 90' lang='lat'><em>‚</em></span> <span class='ocrx_word' id='word_1_837' title='bbox 1539 2716 1672 2749; x_wconf 76' lang='lat' dir='ltr'>omnibus</span> <span class='ocrx_word' id='word_1_838' title='bbox 1682 2722 1843 2750; x_wconf 82' lang='lat' dir='ltr'>communis</span> <span class='ocrx_word' id='word_1_839' title='bbox 1855 2717 1893 2755; x_wconf 83' lang='grc' dir='ltr'><strong><em>ιβ</em></strong></span> <span class='ocrx_word' id='word_1_840' title='bbox 1906 2742 1916 2757; x_wconf 93' lang='grc'><strong><em>,</em></strong></span> <span class='ocrx_word' id='word_1_841' title='bbox 1927 2720 1984 2753; x_wconf 67' lang='grc' dir='ltr'>(π,</span> 
     </span>
     <span class='ocr_line' id='line_1_120' title="bbox 1127 2765 1985 2812; baseline -0.001 -11"><span class='ocrx_word' id='word_1_842' title='bbox 1127 2767 1267 2802; x_wconf 80' lang='lat' dir='ltr'>Inveniri</span> <span class='ocrx_word' id='word_1_843' title='bbox 1281 2768 1382 2812; x_wconf 82' lang='lat' dir='ltr'>potest</span> <span class='ocrx_word' id='word_1_844' title='bbox 1395 2778 1462 2804; x_wconf 83' lang='lat' dir='ltr'>tam</span> <span class='ocrx_word' id='word_1_845' title='bbox 1477 2765 1556 2802; x_wconf 70' lang='lat' dir='ltr'>bene</span> <span class='ocrx_word' id='word_1_846' title='bbox 1567 2767 1585 2801; x_wconf 73' lang='lat' dir='ltr'>a</span> <span class='ocrx_word' id='word_1_847' title='bbox 1596 2766 1695 2801; x_wconf 87' lang='lat' dir='ltr'>Petro</span> <span class='ocrx_word' id='word_1_848' title='bbox 1705 2791 1715 2807; x_wconf 92' lang='lat'><strong>,</strong></span> <span class='ocrx_word' id='word_1_849' title='bbox 1731 2767 1852 2809; x_wconf 75' lang='lat' dir='ltr'>quama</span> <span class='ocrx_word' id='word_1_850' title='bbox 1867 2765 1985 2808; x_wconf 88' lang='lat' dir='ltr'>Paulo,</span> 
     </span>
     <span class='ocr_line' id='line_1_121' title="bbox 1126 2816 1985 2861; baseline -0.001 -10"><span class='ocrx_word' id='word_1_851' title='bbox 1126 2828 1192 2852; x_wconf 83' lang='lat' dir='ltr'>tam</span> <span class='ocrx_word' id='word_1_852' title='bbox 1208 2817 1289 2852; x_wconf 75' lang='lat' dir='ltr'>bene</span> <span class='ocrx_word' id='word_1_853' title='bbox 1307 2819 1324 2851; x_wconf 76' lang='lat' dir='ltr'>a</span> <span class='ocrx_word' id='word_1_854' title='bbox 1336 2816 1529 2852; x_wconf 82' lang='lat' dir='ltr'>Christiano</span> <span class='ocrx_word' id='word_1_855' title='bbox 1540 2841 1551 2856; x_wconf 92' lang='lat'>‚</span> <span class='ocrx_word' id='word_1_856' title='bbox 1578 2828 1676 2861; x_wconf 85' lang='lat' dir='ltr'>quam</span> <span class='ocrx_word' id='word_1_857' title='bbox 1687 2817 1705 2851; x_wconf 73' lang='grc' dir='ltr'>ὲ</span> <span class='ocrx_word' id='word_1_858' title='bbox 1716 2816 1902 2859; x_wconf 88' lang='lat' dir='ltr'>Porphyrio</span> <span class='ocrx_word' id='word_1_859' title='bbox 1924 2817 1985 2851; x_wconf 83' lang='lat' dir='ltr'>Pa-</span> 
     </span>
     <span class='ocr_line' id='line_1_122' title="bbox 1124 2866 1985 2912; baseline -0.001 -10"><span class='ocrx_word' id='word_1_860' title='bbox 1124 2879 1226 2912; x_wconf 88' lang='lat' dir='ltr'>gano.</span> <span class='ocrx_word' id='word_1_861' title='bbox 1254 2868 1372 2912; x_wconf 86' lang='lat' dir='ltr'>Neque</span> <span class='ocrx_word' id='word_1_862' title='bbox 1385 2867 1563 2910; x_wconf 82' lang='lat' dir='ltr'>putandum</span> <span class='ocrx_word' id='word_1_863' title='bbox 1573 2888 1586 2908; x_wconf 58' lang='lat'>2</span> <span class='ocrx_word' id='word_1_864' title='bbox 1610 2866 1699 2909; x_wconf 90' lang='lat' dir='ltr'>quod</span> <span class='ocrx_word' id='word_1_865' title='bbox 1712 2867 1805 2901; x_wconf 85' lang='lat' dir='ltr'>illum</span> <span class='ocrx_word' id='word_1_866' title='bbox 1816 2867 1918 2911; x_wconf 86' lang='lat' dir='ltr'>magis</span> <span class='ocrx_word' id='word_1_867' title='bbox 1930 2868 1985 2901; x_wconf 85' lang='lat' dir='ltr'>sua</span> 
     </span>
     <span class='ocr_line' id='line_1_123' title="bbox 1123 2915 1982 2960; baseline -0.002 -9"><span class='ocrx_word' id='word_1_868' title='bbox 1123 2918 1302 2952; x_wconf 63' lang='lat' dir='ltr'>directione</span> <span class='ocrx_word' id='word_1_869' title='bbox 1323 2917 1477 2955; x_wconf 80' lang='lat' dir='ltr'>destituar</span> <span class='ocrx_word' id='word_1_870' title='bbox 1499 2940 1509 2956; x_wconf 91' lang='lat'>‚</span> <span class='ocrx_word' id='word_1_871' title='bbox 1546 2915 1753 2959; x_wconf 86' lang='lat' dir='ltr'>quam.hunc</span> <span class='ocrx_word' id='word_1_872' title='bbox 1782 2916 1982 2960; x_wconf 70' lang='lat' dir='ltr'>apostatam,·</span> 
     </span>
     <span class='ocr_line' id='line_1_124' title="bbox 1123 2965 1984 3011; baseline 0 -10"><span class='ocrx_word' id='word_1_873' title='bbox 1123 2978 1221 3011; x_wconf 89' lang='lat' dir='ltr'>quem</span> <span class='ocrx_word' id='word_1_874' title='bbox 1236 2969 1269 3001; x_wconf 92' lang='lat' dir='ltr'>in</span> <span class='ocrx_word' id='word_1_875' title='bbox 1288 2967 1459 3011; x_wconf 87' lang='lat' dir='ltr'>reprobum</span> <span class='ocrx_word' id='word_1_876' title='bbox 1472 2967 1595 3000; x_wconf 85' lang='lat' dir='ltr'>sensum</span> <span class='ocrx_word' id='word_1_877' title='bbox 1614 2966 1745 3003; x_wconf 86' lang='lat' dir='ltr'>tradidit</span> <span class='ocrx_word' id='word_1_878' title='bbox 1761 2991 1771 3007; x_wconf 91' lang='lat'>‚</span> <span class='ocrx_word' id='word_1_879' title='bbox 1791 2967 1868 2999; x_wconf 84' lang='lat' dir='ltr'>&amp;in</span> <span class='ocrx_word' id='word_1_880' title='bbox 1881 2965 1984 3010; x_wconf 85' lang='lat' dir='ltr'>Paga-</span> 
     </span>
     <span class='ocr_line' id='line_1_125' title="bbox 1124 3015 1981 3061; baseline 0 -11"><span class='ocrx_word' id='word_1_881' title='bbox 1124 3016 1279 3058; x_wconf 84' lang='lat' dir='ltr'>nismum,</span> <span class='ocrx_word' id='word_1_882' title='bbox 1307 3018 1527 3061; x_wconf 82' lang='lat' dir='ltr'>Iudaismum,</span> <span class='ocrx_word' id='word_1_883' title='bbox 1552 3015 1841 3058; x_wconf 85' lang='lat' dir='ltr'>aliosqueinfames</span> <span class='ocrx_word' id='word_1_884' title='bbox 1861 3027 1981 3054; x_wconf 71' lang='lat' dir='ltr'>errores</span> 
     </span>
     <span class='ocr_line' id='line_1_126' title="bbox 1120 3064 1979 3110; baseline -0.001 -11"><span class='ocrx_word' id='word_1_885' title='bbox 1120 3065 1248 3102; x_wconf 85' lang='lat' dir='ltr'>deviare</span> <span class='ocrx_word' id='word_1_886' title='bbox 1269 3068 1424 3110; x_wconf 84' lang='lat' dir='ltr'>permisit.</span> <span class='ocrx_word' id='word_1_887' title='bbox 1450 3064 1573 3101; x_wconf 80' lang='lat' dir='ltr'>Audite</span> <span class='ocrx_word' id='word_1_888' title='bbox 1595 3066 1673 3109; x_wconf 79' lang='lat' dir='ltr'>ergo</span> <span class='ocrx_word' id='word_1_889' title='bbox 1698 3065 1798 3099; x_wconf 79' lang='lat' dir='ltr'>modo</span> <span class='ocrx_word' id='word_1_890' title='bbox 1809 3064 1979 3105; x_wconf 78' lang='lat' dir='ltr'>hominem</span> 
     </span>
     <span class='ocr_line' id='line_1_127' title="bbox 1120 3112 1980 3162; baseline -0.003 -11"><span class='ocrx_word' id='word_1_891' title='bbox 1120 3116 1363 3159; x_wconf 82' lang='lat' dir='ltr'>Christianum,</span> <span class='ocrx_word' id='word_1_892' title='bbox 1390 3117 1445 3161; x_wconf 88' lang='lat' dir='ltr'>qui</span> <span class='ocrx_word' id='word_1_893' title='bbox 1464 3116 1596 3150; x_wconf 76' lang='lat' dir='ltr'>audistis</span> <span class='ocrx_word' id='word_1_894' title='bbox 1609 3112 1761 3149; x_wconf 73' lang='lat' dir='ltr'>hastenus</span> <span class='ocrx_word' id='word_1_895' title='bbox 1773 3116 1908 3160; x_wconf 89' lang='lat' dir='ltr'>impium</span> <span class='ocrx_word' id='word_1_896' title='bbox 1923 3116 1980 3162; x_wconf 63' lang='lat' dir='ltr'>Sy-</span> 
     </span>
     <span class='ocr_line' id='line_1_128' title="bbox 1118 3164 1779 3214; baseline -0.006 -11"><span class='ocrx_word' id='word_1_897' title='bbox 1118 3166 1316 3214; x_wconf 77' lang='lat' dir='ltr'>cophantam</span> <span class='ocrx_word' id='word_1_898' title='bbox 1325 3191 1337 3210; x_wconf 82' lang='lat'>,</span> <span class='ocrx_word' id='word_1_899' title='bbox 1363 3166 1396 3207; x_wconf 75' lang='grc' dir='ltr'>ὃς</span> <span class='ocrx_word' id='word_1_900' title='bbox 1407 3165 1581 3210; x_wconf 84' lang='lat' dir='ltr'>reprobum</span> <span class='ocrx_word' id='word_1_901' title='bbox 1592 3164 1779 3211; x_wconf 84' lang='lat' dir='ltr'>Paganum.</span> 
     </span>
    </p>
   </div>
   <div class='ocr_carea' id='block_1_15' title="bbox 1871 3518 1932 3552">
    <p class='ocr_par' dir='ltr' id='par_1_19' title="bbox 1871 3518 1932 3552">
     <span class='ocr_line' id='line_1_129' title="bbox 1871 3518 1932 3552; baseline -0.033 0"><span class='ocrx_word' id='word_1_902' title='bbox 1871 3518 1932 3552; x_wconf 77' lang='lat' dir='ltr'>SE:-</span> 
     </span>
    </p>
   </div>
  </div>
 </body>
</html>
