2384 3770
222 106 279 143 <Q

232 221 294 257 tio?
307 217 426 256 afficiat
450 231 567 257 vocem
579 220 768 256 immediate
779 231 790 261 ;
814 217 1039 262 scripturarum
1052 225 1101 249 ve·

234 272 271 310 ro
290 271 500 306 solummodo
516 271 675 307 mediate.
802 300 807 307 ,.

263 320 338 369 ''17-
368 319 453 365 Respss
476 321 606 366 sicunde
630 334 638 354 ι
664 319 851 363 siseriptura
864 327 931 351 non
944 313 1103 349 foretim-

237 371 337 417 posita
351 373 390 406 ad
406 372 652 417 fignificandam
673 380 787 403 vocem
802 392 813 408 ‚
845 377 926 401 tunc
938 364 1102 409 impositio

235 422 328 456 vocis
348 423 387 456 ad
413 422 657 472 significandam
680 429 768 459 rem,
797 430 864 452 non
875 417 1103 451 devolveretur

236 473 276 506 ad
290 474 475 519 scripturam
489 497 496 505 .
525 470 690 505 Probatur:
713 471 789 513 quia
802 468 908 502 ablata
926 466 1102 510 impositio·

239 534 280 556 ne
295 523 453 566 scripturae
468 521 506 556 ad
529 531 666 561 vocem,
687 529 765 553 tunc
793 519 883 552 nulla
893 519 936 552 est
957 514 1104 552 ratiohu-

238 573 287 618 jus
309 571 553 607 devolutionis:
581 565 661 610 tunc
685 571 776 604 enim
798 570 952 612 scriptura
977 579 1043 601 non
1056 566 1100 602 est

240 623 357 657 vicaria
378 648 389 664 ‚
421 633 527 665 neque
548 621 696 666 delegata
723 644 733 660 ,
760 630 864 663 neque
887 617 1101 662 significativa

240 667 521 715 vocisiadeoque
541 682 607 704 non
629 670 727 704 habet
750 669 862 704 locum
886 668 946 702 illav
960 667 1102 712 regula,

240 724 275 757 in
288 734 350 766 qua
364 722 544 766 praecedens
555 721 711 756 fundatur
722 721 907 763 responsum
919 733 930 752 t
942 717 1102 761 quidquid

239 772 285 807 est
297 774 423 818 signum
437 771 540 816 signi,
567 772 612 805 est
640 771 739 805 etiam
767 771 894 818 signum
920 767 1100 814 significati.

242 823 330 857 Nam
344 821 464 856 sublata
489 821 696 865 impositione
722 819 880 864 scripturae
900 819 940 852 ad
964 828 1079 851 vocem
1093 841 1103 857 ,
1125 843 1128 845 .

242 873 520 916 vox&scriprura
543 873 616 914 sunt
639 870 708 905 duo
731 870 819 914 signa
843 869 940 912 plane
959 867 1103 909 dispara-

243 927 274 957 t'a
287 935 294 954 :
307 922 396 966 quod
417 922 506 964 enim
517 921 619 956 modo
631 920 783 962 scriptura
793 919 868 953 vocl
882 921 913 952 in
927 918 1103 962 fignifican-

241 973 287 1011 do
299 973 544 1011 subordinetut,
568 970 657 1004 illam
671 969 831 1014 significet
843 993 854 1009 ‚
876 968 964 1002 illius
976 968 1105 1006 vicaria,

242 1034 280 1058 ac
299 1023 446 1068 delegata
459 1023 518 1063 ὗες
532 1018 609 1055 'hoc
630 1032 697 1054 non
718 1030 758 1053 ex
780 1030 891 1055 natura
906 1019 970 1059 rei,
993 1016 1045 1051 sed
1063 1027 1103 1049 ex

242 1071 594 1119 specialideputat'ione
604 1082 641 1104 ac
656 1070 863 1114 impositione
884 1070 1044 1111 scriptura:
1065 1067 1105 1099 ad

242 1133 356 1157 vocem
369 1134 477 1157 ortum
491 1121 603 1155 habet:
626 1121 703 1162 quia
715 1120 868 1163 scriptura
892 1120 1026 1153 inventa
1038 1142 1047 1157 ‚
1071 1127 1107 1149 ac

242 1173 397 1217 deputata
409 1172 453 1206 est
466 1172 506 1205 ad
518 1170 766 1216 significandum
780 1180 892 1203 vocem
903 1193 913 1209 ,
937 1168 1051 1211 illique
1073 1168 1107 1200 in

243 1222 460 1271 significando
473 1221 752 1263 subservientium.
783 1219 886 1262 Atqui
900 1220 988 1263 signa
1008 1218 1111 1260 dispa-

244 1282 310 1306 rata
332 1283 399 1305 non
426 1272 667 1315 imponuntur,
690 1270 790 1303 etiam
808 1269 848 1303 ad
871 1269 960 1303 idem
983 1267 1107 1312 fignifi-

244 1332 355 1362 carum
379 1317 648 1366 significandum,
668 1319 782 1353 eadem
807 1320 1035 1363 impositione3
1059 1328 1108 1350 ne-

244 1382 307 1416 que
327 1371 494 1414 impofitio
516 1370 612 1403 unius
635 1370 767 1415 devolvi
789 1378 845 1403 aut
869 1367 1108 1403 communicari

248 1420 353 1472 potest
375 1422 483 1465 alteri:
504 1431 582 1464 ergo
603 1420 726 1454 sublata
752 1419 958 1464 impositione
977 1419 1108 1460 scriptu-

246 1471 334 1507 raead
349 1482 461 1505 vocem
472 1493 483 1510 ‚
505 1481 560 1513 per
572 1471 816 1513 impositionem
829 1469 918 1501 vocis
931 1493 942 1509 ‚
969 1478 1038 1501 nou
1050 1467 1108 1500 im·

247 1521 382 1566 ponitur
395 1519 548 1564 scriptura
562 1531 571 1561 ;
585 1530 687 1562 neque
699 1519 861 1562 impositio
875 1517 964 1552 vocis
977 1517 1109 1552 devolvi

247 1582 303 1606 aut
325 1570 504 1613 participari
528 1569 630 1613 potest
645 1570 663 1602 ὲ
685 1570 859 1612 scriptura.

302 1619 353 1658 18.
378 1619 464 1663 Resp.
486 1622 572 1666 terti&
593 1631 600 1651 :
627 1619 942 1663 quomodocumque
956 1617 996 1652 de
1029 1629 1109 1652 voce

248 1673 281 1707 ὅ(
303 1669 455 1718 scriptura
474 1670 523 1714 illi
544 1668 813 1712 correspondente
837 1667 1076 1712 philosopheris
1100 1691 1110 1708 ,

248 1722 314 1762 sive
333 1721 493 1770 supposita
508 1745 518 1760 ‚
540 1720 738 1763 sivedempta
764 1720 968 1762 impositione
982 1718 1108 1761 scriptu·

246 1782 288 1809 τε
307 1771 348 1812 ad
369 1772 482 1805 vocem
496 1795 506 1810 ,
529 1770 674 1803 absolute
686 1770 892 1813 requiruntur
912 1769 984 1803 duae
1007 1769 1110 1811 impo-

247 1821 400 1861 sitiones,
421 1820 461 1855 ad
483 1820 548 1854 hoc
569 1831 605 1854 ut
629 1831 694 1854 vox
711 1820 744 1853 δε
758 1820 909 1863 scriptura
927 1818 1109 1861 fianrsigni·

248 1868 452 1911 ficativae'rei.
471 1870 633 1903 Probatur:
662 1871 770 1912 quiasi
785 1869 1027 1912 impositionem
1043 1868 1112 1902 scri·

248 1930 348 1969 pturae
368 1921 408 1963 ad
431 1930 547 1966 vocem
568 1921 747 1965 supponam
771 1920 849 1952 tunc
871 1919 1110 1961 requiriturim·

249 1969 366 2017 positio
388 1968 443 2002 illa
455 1969 611 2011 scripturas⁴
634 1969 674 2001 ad
688 1979 821 2015 vocem,
841 1979 938 2011 quam
951 1967 1112 2011 supponit:

249 2019 284 2053 δε
316 2028 426 2062 praetet·
462 2015 546 2051 hanc
582 2018 754 2061 requiritur
775 2018 941 2061 impositio
963 2018 1054 2052 vocis
1075 2016 1114 2050 ad

249 2079 318 2102 rem
332 2092 343 2110 ‚
369 2078 438 2111 quae
463 2067 649 2101 immediate
666 2068 787 2101 afficiat
799 2078 915 2101 vocem
927 2091 937 2106 ,
964 2067 998 2099 δε
1023 2067 1041 2098 ὲ
1055 2077 1115 2099 vo-

249 2127 286 2153 ce
311 2115 505 2151 devolvatur
530 2117 564 2148 in
593 2115 782 2159 scripturam
809 2116 900 2149 vocis
922 2112 1116 2159 fignificiti-

248 2177 322 2206 vam
335 2191 342 2198 .
371 2166 403 2206 Si
417 2176 492 2199 vero
508 2163 750 2212 impositionem
761 2165 920 2208 scripturae
942 2165 982 2199 ad
1003 2175 1116 2202 vocem

248 2217 366 2255 tollasz
388 2227 468 2259 tunc
486 2217 693 2263 requiruntur
719 2215 770 2250 vel
797 2215 868 2250 duae
893 2216 1118 2259 impositiones

248 2267 429 2308 disparatae:
457 2265 555 2299 altera
566 2277 629 2308 qua
641 2276 706 2298 vox
732 2289 743 2304 ,
768 2265 870 2298 altera
888 2276 949 2308 qua
965 2266 1119 2307 scriptura

249 2315 340 2354 vocis
364 2326 430 2349 non
455 2314 667 2359 significativa.
699 2313 887 2348 immediate
910 2314 952 2347 ad
975 2325 1041 2349 rem
1064 2315 1121 2347 im-

246 2371 406 2418 ponatur.
433 2362 499 2396 Vel
523 2364 696 2408 requiritur
717 2362 824 2407 primo
857 2364 1024 2407 impositio
1048 2364 1118 2397 scri-

245 2426 345 2466 pturae
358 2415 398 2449 ad
413 2424 546 2461 vocem3
565 2415 598 2448 ὅ(
610 2424 689 2448 tunc
707 2414 873 2457 impositio
886 2414 974 2448 vocis
987 2413 1028 2448 ad
1041 2425 1118 2448 rem.

353 2522 852 2580 DlSPUTATIQ
904 2525 1028 2581 V11.

250 2657 313 2702 De
350 2668 439 2696 voce
465 2647 633 2717 simplici
658 2684 670 2708 ‚
709 2649 905 2717 complexa
926 2687 939 2712 ,
974 2667 1121 2718 catego-

424 2723 634 2782 rematica,
670 2723 825 2781 mixta,
850 2726 942 2782 (φο,
1066 2720 1069 2722 ’

243 2870 245 2872 ’
410 2859 523 2901 Nnia,
545 2870 616 2901 quae
636 2858 791 2894 hadienus
816 2859 886 2894 dixi
908 2885 919 2900 ,
937 2860 1117 2896 Summula·

246 2866 395 3005 O
426 2922 497 2945 rum
517 2910 579 2944 sive
613 2909 899 2954 prodidagmatum
932 2912 1021 2944 fuere
1047 2923 1117 2954 prae-

425 2961 554 2995 ambula
570 2973 581 2993 a
605 2959 670 3002 jam
692 2960 791 3002 ipsam
813 2972 879 2994 rem
902 2985 913 3000 ‚
939 2960 1115 3004 proprium-

423 3022 486 3055 que
510 3011 654 3045 nostrum
686 3009 849 3053 objectum
885 3009 1087 3055 ingredimur
1107 3035 1114 3044 .

248 3072 299 3106 rm
324 3074 453 3107 namque
479 3061 558 3104 disp.
586 3071 613 3096 1.
636 3062 704 3093 dixi
720 3061 868 3094 officium
906 3060 1114 3095 summulislae

247 3117 292 3151 est
316 3117 479 3160 explicare
501 3122 622 3146 vocum
657 3109 909 3154 significationes
933 3134 944 3151 ,
975 3111 1114 3156 dirigere

238 3160 760 3213 suppositiones,ampliationes,
782 3161 1024 3201 distractiones,
1045 3162 1107 3196 dcc.

247 3217 372 3251 Omnia
391 3212 469 3258 ergo
483 3235 493 3251 ,
509 3223 579 3255 quae
600 3212 640 3244 de
661 3211 754 3254 signo
775 3212 807 3243 in
831 3222 950 3254 genere
979 3235 990 3252 ,
1010 3223 1049 3246 ac
1072 3211 1112 3245 de

246 3267 381 3305 illiusin
403 3267 473 3300 suas
485 3262 680 3295 subalternas
702 3260 819 3303 species
834 3260 1045 3295 divisionibus
1064 3261 1111 3295 di·

245 3317 279 3350 xi
294 3341 304 3357 ,
325 3318 363 3353 eo
379 3317 584 3358 respexerunt
599 3334 609 3350 ‚
629 3321 664 3344 ut
677 3311 886 3344 ostenderent
908 3323 975 3355 quo
993 3312 1111 3353 &qua-

246 3366 276 3400 le
295 3367 419 3411 signum
442 3365 548 3398 forent
574 3371 667 3394 voces
690 3360 910 3405 significativae
925 3387 933 3396 .
967 3361 1042 3396 Illas
1057 3373 1110 3397 er·-

231 3426 289 3465 *go
309 3411 371 3458 jam
397 3412 635 3460 aggrediamur.

321 3514 427 3558 christ.
443 3517 520 3554 Lupi
532 3515 628 3554 Opera
641 3514 722 3545 Tom·
732 3514 802 3547 ΧΠ,

582 140 796 197 Quffisr.
833 120 1029 198 Quian}
1064 123 1267 177 Cnth
1305 127 1515 174 Scine.
1554 130 1666 177 810.

1902 128 2011 196 '1417

1391 260 1728 298 DUBIUM
1776 266 1802 300 1.

1316 363 1407 406 ,Quid
1427 360 1464 403 fit
1490 373 1552 397 vox
1572 359 1716 405 fimpiex‚
1743 365 1817 407 quid
1840 377 1900 401 vox

1513 414 1686 455 complexa?

1415 514 1437 548 S
1459 513 1488 547 E
1511 512 1542 550 C
1563 512 1602 547 T
1622 512 1638 545 I
1659 515 1695 549 Ο
1746 513 1772 550 1.

1335 612 1439 657 Sensus
1461 594 1500 648 ὀ·
1520 611 1653 656 resolutio
1674 613 1859 657 quastiom‘s.

1168 724 1194 751 1-
1287 713 1499 749 Ummulistae
1518 715 1739 752 communiter
1759 713 2034 759 distinguuntur-

1275 764 1414 808 ·plicem
1449 774 1563 799 vocem
1606 765 1781 810 simplicem
1806 789 1817 806 ,
1861 765 2037 808 triplicem·

1164 824 1227 856 que
1254 825 1366 849 vocem
1407 815 1615 858 complexam
1646 840 1654 849 .
1699 815 1776 851 Alia
1817 815 1862 850 est
1904 815 2040 859 fimplex

1165 865 1198 897 in
1237 864 1370 899 essendo
1415 875 1545 900 tantum
1574 890 1586 906 ,
1616 866 1680 900 five
1716 865 1930 910 grammatice
1970 875 2042 899 tan-

1165 925 1235 947 tum
1261 925 1268 945 ;
1301 915 1366 948 alia
1389 914 1434 948 est
1453 915 1585 959 simplex
1605 917 1639 949 in
1663 916 1878 960 significando
1898 925 2040 955 tantum,

1165 964 1229 997 sive
1251 963 1358 1008 logice
1382 973 1529 1007 tantum;
1553 966 1670 1000 aliaest
1684 966 1818 1010 simplex
1841 967 1875 1000 in
1896 964 2040 1005 essendo,

1167 1014 1200 1048 δε
1219 1012 1439 1059 significando
1460 1015 1579 1057 simul,
1599 1017 1660 1051 sive
1681 1015 1894 1062 grammatice
1918 1017 1952 1050 ὃ(
1974 1016 2041 1050 Lo·

1166 1065 1241 1109 gice
1267 1064 1363 1098 simul
1384 1088 1391 1096 .
1436 1064 1595 1100 Similiter
1615 1066 1678 1100 alia
1702 1066 1746 1100 est
1770 1078 1837 1100 vox
1861 1065 2041 1110 composita

1171 1115 1204 1148 in
1227 1113 1362 1149 essendo
1388 1124 1517 1147 tantum
1541 1127 1549 1147 :
1576 1116 1639 1150 alia
1667 1115 1712 1150 est
1737 1117 1919 1160 composita
1944 1115 1979 1151 in
2006 1115 2042 1149 si-

1169 1165 1360 1210 gnificando
1388 1174 1538 1199 tantum:
1561 1165 1625 1199 alia
1652 1166 1697 1200 est
1725 1166 1905 1210 composita
1933 1166 1967 1199 in
1995 1166 2049 1202 ess

1171 1214 1543 1260 seudo&signif1cando
1572 1216 1683 1250 simul.
1715 1215 1845 1255 Vocem
1871 1215 1950 1261 ergo
1971 1215 2043 1248 sim·

1170 1265 1288 1309 plicem
1302 1265 1353 1299 vel
1375 1266 1587 1308 compositam
1615 1266 1648 1299 in
1678 1266 1812 1301 essendo
1840 1265 2044 1300 vocantsim·

1139 1326 1141 1330 ·
1170 1316 1289 1359 plicem
1312 1315 1363 1349 vel
1388 1317 1599 1360 compositam
1626 1314 1861 1361 grammatice:
1888 1327 1929 1350 eo
1951 1314 2044 1358 quod

1171 1376 1340 1400 autument
1366 1366 1540 1401 entitatem
1568 1367 1660 1401 vocis
1686 1367 1749 1401 esse
1775 1365 2044 1406 considerationis

1169 1416 1399 1460 grammaticae.
1432 1416 1521 1451 Sicut
1549 1427 1664 1451 vocem
1692 1417 1866 1460 simplicem
1893 1416 1943 1450 vel
1954 1426 2043 1450 com.-

1169 1467 1304 1510 positam
1331 1467 1363 1500 in
1393 1467 1611 1512 significando
1637 1478 1759 1506 vocant
1785 1466 1964 1510 simplicem
1992 1465 2042 1502 vel

1168 1517 1386 1559 compositam
1413 1517 1523 1561 logice
1545 1529 1552 1549 ε
1581 1516 1655 1559 quia
1687 1526 1802 1560 putant
1825 1512 2041 1561 significatio-

1170 1577 1246 1599 nem
1270 1577 1388 1599 vocum
1408 1568 1470 1600 effe
1491 1566 1759 1608 considerationis
1805 1567 1919 1610 logicae
1942 1590 1948 1597 .
1987 1563 2044 1598 Ut

1170 1627 1251 1660 ergo
1279 1626 1471 1650 communes
1502 1641 1513 1657 ,
1537 1618 1570 1650 ὃς
1596 1616 1637 1650 ab
1666 1626 1802 1658 utraque
1831 1611 2043 1659 philosophia

1171 1677 1236 1700 tam
1260 1675 1352 1699 nova.
1369 1678 1465 1709 quam
1478 1667 1614 1710 antiqua
1641 1666 1728 1710 quasi
1755 1666 1967 1701 canonizatas
1991 1663 2048 1706 hae

1171 1727 1243 1750 rum
1267 1726 1395 1749 vocum
1407 1716 1618 1756 definitiones
1642 1715 1826 1761 intelligas,

1222 1776 1254 1801 2.
1282 1767 1414 1808 acb-verte
1429 1770 1529 1809 prImb
1557 1779 1564 1799 z
1594 1769 1627 1800 in
1653 1767 1809 1806 omnibus
1836 1764 1925 1800 vocis
1951 1763 2048 1809 signi·

1171 1816 1309 1850 ficativae
1321 1816 1539 1853 divisionibus
1565 1817 1706 1851 dlvisum
1718 1818 1780 1851 esse
1808 1827 1922 1853 vocem
1935 1825 2047 1850 unam.

1174 1866 1230 1900 Est
1257 1875 1367 1900 autem
1396 1879 1459 1902 vox
1487 1878 1552 1900 una
1573 1890 1584 1905 ‚
1611 1878 1681 1910 quae
1708 1867 1756 1900 vel
1783 1866 1827 1898 est
1856 1866 1953 1900 unica
1980 1864 2048 1902 dic-

1174 1915 1247 1950 tio.-
1271 1925 1304 1950 ιιι
1331 1915 1437 1956 bomo,
1456 1917 1592 1955 animal,
1610 1926 1715 1956 curro,
1739 1917 1796 1952 (vc.
1819 1914 1860 1951 Et
1884 1914 1953 1955 haec
1965 1915 2049 1960 dici-

1174 1975 1227 1998 tur
1252 1976 1318 1998 una
1346 1964 1472 2007 unitate
1499 1965 1726 2008 simplicitatis.
1757 1965 1822 2002 Vel
1839 1977 1908 2008 quae
1920 1977 1961 2000 ex
1975 1966 2046 2009 plu-

1177 2014 1261 2049 ribus
1287 2013 1484 2050 dictionibus
1510 2015 1623 2051 debito
1649 2015 1850 2055 modointer
1873 2017 1907 2050 ¹se
1933 2017 2048 2057 unitis,

1177 2077 1213 2097 ac
1233 2064 1425 2098 construeris
1445 2065 1624 2107 composita
1645 2066 1690 2098 est
1722 2078 1729 2097 :
1749 2066 1860 2107 quales
1882 2067 1954 2100 sunt
1979 2064 2045 2102 hae:

1177 2112 1258 2147 homo
1277 2113 1363 2147 albus
1375 2136 1387 2152 ,
1406 2115 1524 2146 animal
1534 2115 1696 2154 rationale,
1720 2126 1769 2158 ego
1792 2125 1894 2156 eiuro,
1914 2116 1948 2149 ὅ(
1962 2115 2048 2151 fimi-

1181 2164 1245 2197 les.
1273 2162 1315 2197 Et
1329 2161 1397 2198 haec
1414 2174 1549 2198 vocatur
1560 2175 1625 2198 una
1649 2164 1774 2199 unitate
1787 2165 2046 2208 compositionis.

1181 2213 1260 2247 Haec
1281 2222 1390 2247 autem
1412 2213 1520 2247 debita
1541 2215 1641 2256 unio,
1666 2226 1720 2258 per
1742 2226 1840 2258 quam
1862 2215 1970 2259 plures
1993 2226 2051 2255 vo-

1181 2274 1232 2297 ces
1262 2263 1346 2296 fiunt
1371 2274 1436 2297 una
1459 2274 1544 2304 vox,
1567 2265 1624 2298 fita
1645 2264 1699 2297 est>
1715 2265 1749 2297 in
1771 2275 1812 2299 eo
1833 2290 1844 2306 ‚
1865 2265 1954 2308 quod
1980 2265 2048 2309 plu-

1183 2323 1228 2347 res
1248 2312 1312 2349 istae
1335 2323 1431 2348 voces
1453 2313 1495 2350 ab
1523 2313 1640 2352 eodem
1666 2311 1803 2351 homine
1823 2339 1834 2355 ,
1866 2314 2046 2359 continue,

1183 2364 1216 2396 δε
1242 2362 1458 2397 consentanee
1483 2363 1523 2397 ad
1550 2363 1911 2407 regulasgrammaticas
1937 2366 2049 2408 profe-

1184 2422 1311 2447 rantur.
1341 2412 1447 2447 Unde
1469 2412 1492 2449 si
1520 2422 1555 2446 tu
1582 2413 1706 2452 diceres
1731 2413 1803 2449 liber
1827 2437 1838 2453 ‚
1858 2414 1892 2457 ὅ(
1914 2424 1977 2459 ego
1997 2413 2048 2454 di·

1183 2472 1289 2497 cerem
1316 2473 1399 2502 meus
1423 2474 1433 2504 ·‚
1468 2473 1525 2500 aut
1555 2462 1576 2496 fi
1599 2474 1663 2507 ego
1684 2461 1782 2505 hodie
1802 2464 1895 2504 liber,
1918 2466 1949 2499 ἀ
1977 2476 2045 2502 cras

1184 2512 1325 2548 dicerem
1335 2524 1426 2548 meus:
1438 2522 1494 2559 aut
1506 2513 1526 2545 si
1537 2514 1733 2555 continuato
1745 2514 1891 2556 sermone
1901 2514 2044 2549 dicerem

1182 2562 1256 2597 liber
1275 2573 1341 2598 mea
1365 2574 1373 2594 ε
1403 2563 1466 2596 istae
1487 2573 1582 2597 voces
1605 2562 1710 2606 plures
1733 2575 1802 2599 non
1823 2564 1966 2600 facerent
1989 2576 2047 2599 vo·

1183 2623 1252 2647 cem
1272 2624 1371 2647 unam
1390 2613 1514 2647 unitate
1525 2612 1795 2656 compositionis,
1816 2615 1943 2649 defectu
1954 2614 2045 2651 debi-

1168 2672 1221 2701 ,εκ
1241 2673 1278 2697 ac
1301 2663 1455 2707 legitimae
1473 2663 1607 2696 unionis
1627 2688 1636 2697 .
1665 2666 1754 2699 Ratio
1774 2663 1862 2705 hujus
1883 2664 1939 2705 est:
1966 2666 2044 2708 quia

1168 2707 1301 2750 ¹vocum
1313 2712 1417 2756 unio,
1444 2724 1499 2756 per
1524 2723 1620 2754 quam
1633 2713 1737 2755 plures
1762 2724 1859 2750 voces
1884 2715 2043 2758 simplices

1182 2763 1348 2797 transeunt
1367 2775 1405 2796 ac
1427 2762 1614 2798 coalescunt
1639 2763 1674 2796 in
1697 2774 1811 2797 vocem
1833 2775 1933 2799 unam
1953 2775 2043 2798 com-

1181 2814 1317 2857 positam
1334 2837 1345 2853 ,
1371 2812 1416 2846 est
1438 2814 1534 2856 plane
1561 2813 1670 2853 idem,
1697 2814 1787 2855 quod
1814 2813 1959 2858 legitima
1987 2826 2042 2853 vo·

1179 2874 1256 2897 cum
1278 2863 1362 2898 inter
1380 2863 1412 2897 se
1434 2862 1633 2906 constructio
1654 2887 1665 2903 ,
1696 2874 1733 2905 ac
1754 2865 1971 2903 consentanea
2004 2865 2039 2898 in

1178 2914 1336 2950 orationis
1356 2921 1516 2947 contextu
1538 2913 1704 2953 ordinatio
1727 2927 1733 2946 :
1767 2915 1857 2956 arqui
1890 2914 2039 2960 legitima

1179 2974 1297 2998 vocum
1328 2964 1364 2997 in
1394 2963 1553 2998 orationis
1572 2973 1730 2997 contextu
1762 2965 1931 2999 ‘ordinatio
1952 2962 2039 3006 nihil

1176 3014 1221 3047 est
1247 3013 1359 3054 aliud,
1382 3023 1480 3056 quam
1502 3014 1659 3047 continua
1682 3013 1715 3054 ὅς
1738 3025 1805 3048 non
1828 3015 2036 3058 interpolata,

1175 3076 1213 3098 ac
1233 3063 1352 3108 regulis
1371 3063 1593 3107 grammaticis
1603 3073 1746 3106 congrua
1759 3087 1769 3103 ‚
1791 3063 1832 3098 ab
1849 3066 1965 3099 eodem
1978 3063 2038 3101 ho-

1175 3114 1264 3147 mine
1283 3113 1363 3147 fasta
1385 3113 1527 3155 prolatio
1547 3125 1554 3145 :
1582 3124 1660 3156 ergo
1682 3114 1782 3146 etiam
1806 3112 1871 3149 haec
1896 3114 2037 3157 prolatio

1173 3163 1219 3197 est
1232 3164 1378 3207 legitima
1391 3173 1509 3197 vocum
1527 3162 1720 3204 simplicium
1746 3164 1827 3198 unio
1841 3189 1851 3204 ,
1874 3175 2037 3208 perquam

1173 3214 1355 3253 coalescant
1384 3213 1419 3245 in
1442 3223 1541 3245 unam
1563 3223 1675 3252 vocem
1698 3215 1912 3256 compositam
1936 3239 1943 3246 .
1978 3214 2037 3252 Sed

1171 3264 1207 3295 de
1227 3262 1274 3295 his
1295 3261 1430 3295 omnibus
1448 3262 1540 3303 plura
1560 3261 1687 3304 inferius
1710 3288 1720 3303 ,
1746 3274 1811 3303 rum
1832 3266 1870 3299 de
1905 3271 2036 3299 oratione

1171 3325 1279 3356 agelm-

1227 3361 1399 3409 3.Adverte
1415 3359 1540 3404 s'ecunda,
1562 3374 1574 3394 .·
1593 3361 1672 3404 quid
1692 3362 1728 3398 sit
1754 3374 1819 3403 vox
1843 3364 1977 3408 simplex
2001 3365 2035 3405 δε

1172 3412 1347 3454 composita
1370 3412 1404 3444 in
1426 3410 1558 3461 effenbdo
1580 3420 1709 3446 tantum
1732 3424 1739 3444 :
1761 3414 1795 3447 iu
1817 3413 2035 3459 significando

1172 3471 1320 3504 tantum:
1342 3461 1375 3501 in
1389 3460 1564 3500 essendo&
1585 3460 1800 3506 significando
1822 3463 1931 3506 simul.
1958 3463 2037 3502 Vox

1569 3510 1602 3546 N
1922 3512 1990 3549 fim-
