<?xml version="1.0" encoding="UTF-8"?>
<!DOCTYPE html PUBLIC "-//W3C//DTD XHTML 1.0 Transitional//EN"
    "http://www.w3.org/TR/xhtml1/DTD/xhtml1-transitional.dtd">
<html xmlns="http://www.w3.org/1999/xhtml" xml:lang="en" lang="en">
 <head>
  <title>
</title>
<meta http-equiv="Content-Type" content="text/html;charset=utf-8" />
  <meta name='ocr-system' content='tesseract 3.04.00' />
  <meta name='ocr-capabilities' content='ocr_page ocr_carea ocr_par ocr_line ocrx_word'/>
</head>
<body>
  <div class='ocr_page' id='page_1' title='image "./operaomniastudio12lupuuoft/operaomniastudio12lupuuoft_0238.png"; bbox 0 0 2384 3770; ppageno 0'>
   <div class='ocr_carea' id='block_1_1' title="bbox 370 129 468 175">
    <p class='ocr_par' dir='ltr' id='par_1_1' title="bbox 370 129 468 175">
     <span class='ocr_line' id='line_1_1' title="bbox 370 129 468 175; baseline -0.01 -12"><span class='ocrx_word' id='word_1_1' title='bbox 370 129 468 175; x_wconf 88' lang='lat'>224</span> 
     </span>
    </p>
   </div>
   <div class='ocr_carea' id='block_1_2' title="bbox 320 185 1201 1595">
    <p class='ocr_par' dir='ltr' id='par_1_2' title="bbox 321 185 1199 730">
     <span class='ocr_line' id='line_1_2' title="bbox 326 185 1195 236; baseline -0.002 -8"><span class='ocrx_word' id='word_1_2' title='bbox 326 197 387 231; x_wconf 65' lang='grc' dir='ltr'>Θι.</span> <span class='ocrx_word' id='word_1_3' title='bbox 415 192 519 236; x_wconf 83' lang='lat' dir='ltr'>Atqui</span> <span class='ocrx_word' id='word_1_4' title='bbox 540 185 749 235; x_wconf 64' lang='lat' dir='ltr'>pradicat&#39;um</span> <span class='ocrx_word' id='word_1_5' title='bbox 771 190 805 226; x_wconf 78' lang='grc' dir='ltr'>δε</span> <span class='ocrx_word' id='word_1_6' title='bbox 830 189 1195 236; x_wconf 68' lang='lat' dir='ltr'>subjeoumidentiflca-</span> 
     </span>
     <span class='ocr_line' id='line_1_3' title="bbox 326 240 1196 287; baseline -0.003 -8"><span class='ocrx_word' id='word_1_7' title='bbox 326 247 353 280; x_wconf 82' lang='lat' dir='ltr'>ti</span> <span class='ocrx_word' id='word_1_8' title='bbox 378 244 496 278; x_wconf 87' lang='lat' dir='ltr'>debent</span> <span class='ocrx_word' id='word_1_9' title='bbox 518 243 553 276; x_wconf 88' lang='lat' dir='ltr'>in</span> <span class='ocrx_word' id='word_1_10' title='bbox 576 240 843 287; x_wconf 78' lang='lat' dir='ltr'>suo-significato</span> <span class='ocrx_word' id='word_1_11' title='bbox 867 244 976 285; x_wconf 70' lang='lat' dir='ltr'>resto3</span> <span class='ocrx_word' id='word_1_12' title='bbox 1002 254 1037 278; x_wconf 90' lang='lat' dir='ltr'>ut</span> <span class='ocrx_word' id='word_1_13' title='bbox 1057 244 1140 277; x_wconf 89' lang='lat' dir='ltr'>infra</span> <span class='ocrx_word' id='word_1_14' title='bbox 1150 242 1196 277; x_wconf 90' lang='lat' dir='ltr'>di-</span> 
     </span>
     <span class='ocr_line' id='line_1_4' title="bbox 324 292 1199 338; baseline -0.001 -10"><span class='ocrx_word' id='word_1_15' title='bbox 324 305 397 329; x_wconf 88' lang='lat' dir='ltr'>cam</span> <span class='ocrx_word' id='word_1_16' title='bbox 423 304 434 335; x_wconf 89' lang='lat'>;</span> <span class='ocrx_word' id='word_1_17' title='bbox 470 292 618 336; x_wconf 82' lang='lat' dir='ltr'>adeoque</span> <span class='ocrx_word' id='word_1_18' title='bbox 645 292 824 334; x_wconf 62' lang='lat' dir='ltr'>subjeetum</span> <span class='ocrx_word' id='word_1_19' title='bbox 851 294 885 326; x_wconf 86' lang='lat' dir='ltr'>in</span> <span class='ocrx_word' id='word_1_20' title='bbox 914 295 1000 327; x_wconf 71' lang='lat' dir='ltr'>resto</span> <span class='ocrx_word' id='word_1_21' title='bbox 1020 295 1199 338; x_wconf 82' lang='lat' dir='ltr'>fignificare</span> 
     </span>
     <span class='ocr_line' id='line_1_5' title="bbox 323 341 1196 387; baseline 0.002 -11"><span class='ocrx_word' id='word_1_22' title='bbox 323 341 419 377; x_wconf 85' lang='lat' dir='ltr'>debet</span> <span class='ocrx_word' id='word_1_23' title='bbox 445 342 529 377; x_wconf 84' lang='lat' dir='ltr'>illud</span> <span class='ocrx_word' id='word_1_24' title='bbox 542 343 665 387; x_wconf 82' lang='lat' dir='ltr'>ipsum,</span> <span class='ocrx_word' id='word_1_25' title='bbox 690 343 777 386; x_wconf 88' lang='lat' dir='ltr'>quod</span> <span class='ocrx_word' id='word_1_26' title='bbox 792 342 950 387; x_wconf 85' lang='lat' dir='ltr'>fignificat</span> <span class='ocrx_word' id='word_1_27' title='bbox 964 344 1170 385; x_wconf 75' lang='lat' dir='ltr'>praedicatum</span> <span class='ocrx_word' id='word_1_28' title='bbox 1187 367 1196 383; x_wconf 92' lang='lat'>,</span> 
     </span>
     <span class='ocr_line' id='line_1_6' title="bbox 322 392 1198 438; baseline -0.002 -10"><span class='ocrx_word' id='word_1_29' title='bbox 322 393 358 428; x_wconf 88' lang='lat'>&amp;</span> <span class='ocrx_word' id='word_1_30' title='bbox 384 392 403 426; x_wconf 84' lang='lat' dir='ltr'>e</span> <span class='ocrx_word' id='word_1_31' title='bbox 428 403 543 428; x_wconf 88' lang='lat' dir='ltr'>contra</span> <span class='ocrx_word' id='word_1_32' title='bbox 564 417 572 425; x_wconf 90' lang='lat'><strong><em>.</em></strong></span> <span class='ocrx_word' id='word_1_33' title='bbox 612 394 701 438; x_wconf 86' lang='lat' dir='ltr'>Ergo</span> <span class='ocrx_word' id='word_1_34' title='bbox 728 403 823 427; x_wconf 86' lang='lat' dir='ltr'>voces</span> <span class='ocrx_word' id='word_1_35' title='bbox 849 392 1024 436; x_wconf 83' lang='lat' dir='ltr'>fingulares</span> <span class='ocrx_word' id='word_1_36' title='bbox 1053 395 1087 427; x_wconf 88' lang='lat' dir='ltr'>in</span> <span class='ocrx_word' id='word_1_37' title='bbox 1115 396 1198 428; x_wconf 61' lang='lat' dir='ltr'>teilo</span> 
     </span>
     <span class='ocr_line' id='line_1_7' title="bbox 323 440 1198 488; baseline -0.001 -11"><span class='ocrx_word' id='word_1_38' title='bbox 323 443 510 488; x_wconf 78' lang='lat' dir='ltr'>significant</span> <span class='ocrx_word' id='word_1_39' title='bbox 535 440 600 477; x_wconf 83' lang='lat' dir='ltr'>hoc</span> <span class='ocrx_word' id='word_1_40' title='bbox 625 443 756 488; x_wconf 83' lang='lat' dir='ltr'>ipsum,</span> <span class='ocrx_word' id='word_1_41' title='bbox 782 443 870 485; x_wconf 89' lang='lat' dir='ltr'>quod</span> <span class='ocrx_word' id='word_1_42' title='bbox 899 442 1086 486; x_wconf 70' lang='lat' dir='ltr'>significant</span> <span class='ocrx_word' id='word_1_43' title='bbox 1104 455 1198 478; x_wconf 86' lang='lat' dir='ltr'>voces</span> 
     </span>
     <span class='ocr_line' id='line_1_8' title="bbox 321 491 1197 538; baseline -0.002 -10"><span class='ocrx_word' id='word_1_44' title='bbox 321 494 502 537; x_wconf 86' lang='lat' dir='ltr'>superiores</span> <span class='ocrx_word' id='word_1_45' title='bbox 523 517 535 534; x_wconf 88' lang='lat'>,</span> <span class='ocrx_word' id='word_1_46' title='bbox 564 505 634 538; x_wconf 79' lang='lat' dir='ltr'>quae</span> <span class='ocrx_word' id='word_1_47' title='bbox 661 494 701 527; x_wconf 90' lang='lat' dir='ltr'>de</span> <span class='ocrx_word' id='word_1_48' title='bbox 729 494 795 526; x_wconf 86' lang='lat' dir='ltr'>illis</span> <span class='ocrx_word' id='word_1_49' title='bbox 822 491 1036 535; x_wconf 82' lang='lat' dir='ltr'>praedicantur</span> <span class='ocrx_word' id='word_1_50' title='bbox 1058 507 1069 529; x_wconf 88' lang='lat'>.·</span> <span class='ocrx_word' id='word_1_51' title='bbox 1106 494 1197 537; x_wconf 86' lang='lat' dir='ltr'>atqui</span> 
     </span>
     <span class='ocr_line' id='line_1_9' title="bbox 323 542 1198 588; baseline -0.002 -9"><span class='ocrx_word' id='word_1_52' title='bbox 323 555 420 579; x_wconf 80' lang='lat' dir='ltr'>voces</span> <span class='ocrx_word' id='word_1_53' title='bbox 460 543 636 587; x_wconf 82' lang='lat' dir='ltr'>superiores</span> <span class='ocrx_word' id='word_1_54' title='bbox 673 542 856 587; x_wconf 86' lang='lat' dir='ltr'>fignificant</span> <span class='ocrx_word' id='word_1_55' title='bbox 895 543 1039 585; x_wconf 79' lang='lat' dir='ltr'>superius</span> <span class='ocrx_word' id='word_1_56' title='bbox 1077 556 1085 576; x_wconf 93' lang='lat'>:</span> <span class='ocrx_word' id='word_1_57' title='bbox 1119 555 1198 588; x_wconf 86' lang='lat' dir='ltr'>ergo</span> 
     </span>
     <span class='ocr_line' id='line_1_10' title="bbox 323 591 1197 636; baseline -0.001 -7"><span class='ocrx_word' id='word_1_58' title='bbox 323 594 424 630; x_wconf 85' lang='lat' dir='ltr'>etiam</span> <span class='ocrx_word' id='word_1_59' title='bbox 452 604 548 628; x_wconf 89' lang='lat' dir='ltr'>voces</span> <span class='ocrx_word' id='word_1_60' title='bbox 575 594 752 636; x_wconf 79' lang='lat' dir='ltr'>singulares</span> <span class='ocrx_word' id='word_1_61' title='bbox 779 591 1079 636; x_wconf 82' lang='lat' dir='ltr'>significantillud;</span> <span class='ocrx_word' id='word_1_62' title='bbox 1105 594 1197 628; x_wconf 87' lang='lat' dir='ltr'>adeo-</span> 
     </span>
     <span class='ocr_line' id='line_1_11' title="bbox 323 642 1196 689; baseline 0 -11"><span class='ocrx_word' id='word_1_63' title='bbox 323 656 387 689; x_wconf 86' lang='lat' dir='ltr'>que</span> <span class='ocrx_word' id='word_1_64' title='bbox 412 643 555 689; x_wconf 86' lang='lat' dir='ltr'>superius</span> <span class='ocrx_word' id='word_1_65' title='bbox 594 643 639 676; x_wconf 89' lang='lat' dir='ltr'>est</span> <span class='ocrx_word' id='word_1_66' title='bbox 665 642 885 686; x_wconf 68' lang='lat' dir='ltr'>significatum</span> <span class='ocrx_word' id='word_1_67' title='bbox 915 653 1035 677; x_wconf 87' lang='lat' dir='ltr'>vocum</span> <span class='ocrx_word' id='word_1_68' title='bbox 1061 644 1196 688; x_wconf 84' lang='lat' dir='ltr'>fingula·</span> 
     </span>
     <span class='ocr_line' id='line_1_12' title="bbox 321 705 426 730; baseline -0.038 0"><span class='ocrx_word' id='word_1_69' title='bbox 321 705 426 730; x_wconf 83' lang='lat' dir='ltr'>rium.</span> 
     </span>
    </p>

    <p class='ocr_par' dir='ltr' id='par_1_3' title="bbox 320 741 1201 1595">
     <span class='ocr_line' id='line_1_13' title="bbox 375 741 1198 790; baseline 0.001 -14"><span class='ocrx_word' id='word_1_70' title='bbox 375 753 434 790; x_wconf 83' lang='lat'>32.</span> <span class='ocrx_word' id='word_1_71' title='bbox 461 741 628 788; x_wconf 82' lang='lat' dir='ltr'><em>Respondet</em></span> <span class='ocrx_word' id='word_1_72' title='bbox 639 746 839 777; x_wconf 67' lang='lat' dir='ltr'>Laurentius:</span> <span class='ocrx_word' id='word_1_73' title='bbox 865 742 992 777; x_wconf 87' lang='lat' dir='ltr'>Verum</span> <span class='ocrx_word' id='word_1_74' title='bbox 1004 744 1083 784; x_wconf 81' lang='lat' dir='ltr'>effe,</span> <span class='ocrx_word' id='word_1_75' title='bbox 1109 743 1198 788; x_wconf 89' lang='lat' dir='ltr'>quod</span> 
     </span>
     <span class='ocr_line' id='line_1_14' title="bbox 325 792 1199 839; baseline -0.001 -11"><span class='ocrx_word' id='word_1_76' title='bbox 325 794 533 839; x_wconf 72' lang='lat' dir='ltr'>praedicatum</span> <span class='ocrx_word' id='word_1_77' title='bbox 547 819 558 835; x_wconf 91' lang='lat'>‚</span> <span class='ocrx_word' id='word_1_78' title='bbox 584 805 621 828; x_wconf 87' lang='lat' dir='ltr'>ac</span> <span class='ocrx_word' id='word_1_79' title='bbox 638 792 814 833; x_wconf 69' lang='lat' dir='ltr'>subjectum</span> <span class='ocrx_word' id='word_1_80' title='bbox 840 793 1082 827; x_wconf 87' lang='lat' dir='ltr'>identificentur</span> <span class='ocrx_word' id='word_1_81' title='bbox 1094 794 1126 827; x_wconf 91' lang='lat' dir='ltr'>in</span> <span class='ocrx_word' id='word_1_82' title='bbox 1141 794 1199 827; x_wconf 89' lang='lat' dir='ltr'>suo</span> 
     </span>
     <span class='ocr_line' id='line_1_15' title="bbox 324 843 1197 890; baseline -0.001 -12"><span class='ocrx_word' id='word_1_83' title='bbox 324 845 506 890; x_wconf 80' lang='lat' dir='ltr'>significato</span> <span class='ocrx_word' id='word_1_84' title='bbox 529 844 636 884; x_wconf 65' lang='lat' dir='ltr'>rest03</span> <span class='ocrx_word' id='word_1_85' title='bbox 666 843 813 886; x_wconf 81' lang='lat' dir='ltr'>adeoque</span> <span class='ocrx_word' id='word_1_86' title='bbox 833 843 920 887; x_wconf 90' lang='lat' dir='ltr'>quod</span> <span class='ocrx_word' id='word_1_87' title='bbox 951 855 1046 877; x_wconf 88' lang='lat' dir='ltr'>voces</span> <span class='ocrx_word' id='word_1_88' title='bbox 1060 844 1197 887; x_wconf 84' lang='lat' dir='ltr'>superio·</span> 
     </span>
     <span class='ocr_line' id='line_1_16' title="bbox 323 892 1198 939; baseline -0.003 -9"><span class='ocrx_word' id='word_1_89' title='bbox 323 905 374 930; x_wconf 75' lang='lat' dir='ltr'>res</span> <span class='ocrx_word' id='word_1_90' title='bbox 397 893 530 938; x_wconf 88' lang='lat' dir='ltr'>quidem</span> <span class='ocrx_word' id='word_1_91' title='bbox 554 893 738 937; x_wconf 84' lang='lat' dir='ltr'>fignificent</span> <span class='ocrx_word' id='word_1_92' title='bbox 758 892 823 928; x_wconf 89' lang='lat' dir='ltr'>hoc</span> <span class='ocrx_word' id='word_1_93' title='bbox 851 894 955 936; x_wconf 86' lang='lat' dir='ltr'>ipsum</span> <span class='ocrx_word' id='word_1_94' title='bbox 969 917 980 934; x_wconf 90' lang='lat'>,</span> <span class='ocrx_word' id='word_1_95' title='bbox 1006 894 1093 937; x_wconf 91' lang='lat' dir='ltr'>quod</span> <span class='ocrx_word' id='word_1_96' title='bbox 1106 892 1198 939; x_wconf 82' lang='lat' dir='ltr'>figni-</span> 
     </span>
     <span class='ocr_line' id='line_1_17' title="bbox 323 942 1197 988; baseline -0.001 -9"><span class='ocrx_word' id='word_1_97' title='bbox 323 945 423 979; x_wconf 80' lang='lat' dir='ltr'>ficant</span> <span class='ocrx_word' id='word_1_98' title='bbox 448 952 544 976; x_wconf 80' lang='lat' dir='ltr'>voces</span> <span class='ocrx_word' id='word_1_99' title='bbox 563 942 731 977; x_wconf 75' lang='lat' dir='ltr'>inferiores</span> <span class='ocrx_word' id='word_1_100' title='bbox 758 968 768 984; x_wconf 88' lang='lat'>,</span> <span class='ocrx_word' id='word_1_101' title='bbox 804 943 890 977; x_wconf 84' lang='lat' dir='ltr'>verb.</span> <span class='ocrx_word' id='word_1_102' title='bbox 912 954 993 988; x_wconf 86' lang='lat' dir='ltr'>grat.</span> <span class='ocrx_word' id='word_1_103' title='bbox 1019 944 1109 986; x_wconf 89' lang='lat' dir='ltr'>quod</span> <span class='ocrx_word' id='word_1_104' title='bbox 1133 955 1197 978; x_wconf 82' lang='lat' dir='ltr'>vox</span> 
     </span>
     <span class='ocr_line' id='line_1_18' title="bbox 322 990 1197 1039; baseline 0 -11"><span class='ocrx_word' id='word_1_105' title='bbox 322 994 407 1028; x_wconf 79' lang='lat' dir='ltr'>bomo</span> <span class='ocrx_word' id='word_1_106' title='bbox 423 990 560 1039; x_wconf 31' lang='lat' dir='ltr'>‚quidem</span> <span class='ocrx_word' id='word_1_107' title='bbox 591 993 754 1038; x_wconf 74' lang='lat' dir='ltr'>significet</span> <span class='ocrx_word' id='word_1_108' title='bbox 778 991 842 1026; x_wconf 89' lang='lat' dir='ltr'>hoc</span> <span class='ocrx_word' id='word_1_109' title='bbox 864 994 993 1037; x_wconf 88' lang='lat' dir='ltr'>ipsum,</span> <span class='ocrx_word' id='word_1_110' title='bbox 1020 993 1109 1037; x_wconf 89' lang='lat' dir='ltr'>quod</span> <span class='ocrx_word' id='word_1_111' title='bbox 1133 1005 1197 1028; x_wconf 85' lang='lat' dir='ltr'>vox</span> 
     </span>
     <span class='ocr_line' id='line_1_19' title="bbox 322 1042 1198 1088; baseline -0.002 -10"><span class='ocrx_word' id='word_1_112' title='bbox 322 1047 452 1078; x_wconf 80' lang='lat' dir='ltr'>Petrus:</span> <span class='ocrx_word' id='word_1_113' title='bbox 481 1042 514 1076; x_wconf 87' lang='lat'>&amp;</span> <span class='ocrx_word' id='word_1_114' title='bbox 537 1054 603 1077; x_wconf 84' lang='lat' dir='ltr'>vox</span> <span class='ocrx_word' id='word_1_115' title='bbox 624 1045 741 1076; x_wconf 71' lang='lat' dir='ltr'>animal</span> <span class='ocrx_word' id='word_1_116' title='bbox 769 1042 876 1083; x_wconf 88' lang='lat' dir='ltr'>idem,</span> <span class='ocrx_word' id='word_1_117' title='bbox 902 1045 990 1088; x_wconf 89' lang='lat' dir='ltr'>quod</span> <span class='ocrx_word' id='word_1_118' title='bbox 1017 1055 1081 1078; x_wconf 87' lang='lat' dir='ltr'>vox</span> <span class='ocrx_word' id='word_1_119' title='bbox 1094 1043 1198 1086; x_wconf 87' lang='lat' dir='ltr'>bomo;</span> 
     </span>
     <span class='ocr_line' id='line_1_20' title="bbox 320 1092 1199 1137; baseline -0.002 -9"><span class='ocrx_word' id='word_1_120' title='bbox 320 1105 389 1129; x_wconf 84' lang='lat' dir='ltr'>non</span> <span class='ocrx_word' id='word_1_121' title='bbox 417 1102 529 1127; x_wconf 80' lang='lat' dir='ltr'>tamen</span> <span class='ocrx_word' id='word_1_122' title='bbox 546 1093 565 1127; x_wconf 82' lang='lat' dir='ltr'>e</span> <span class='ocrx_word' id='word_1_123' title='bbox 586 1104 700 1127; x_wconf 86' lang='lat' dir='ltr'>contra</span> <span class='ocrx_word' id='word_1_124' title='bbox 723 1117 734 1134; x_wconf 92' lang='lat'>,</span> <span class='ocrx_word' id='word_1_125' title='bbox 761 1092 898 1137; x_wconf 76' lang='lat' dir='ltr'>inquit3</span> <span class='ocrx_word' id='word_1_126' title='bbox 931 1093 1010 1129; x_wconf 84' lang='lat' dir='ltr'>Vox</span> <span class='ocrx_word' id='word_1_127' title='bbox 1036 1097 1146 1128; x_wconf 80' lang='lat' dir='ltr'>Petrus</span> <span class='ocrx_word' id='word_1_128' title='bbox 1166 1094 1199 1126; x_wconf 84' lang='lat' dir='ltr'>fi-</span> 
     </span>
     <span class='ocr_line' id='line_1_21' title="bbox 327 1142 1200 1190; baseline -0.002 -12"><span class='ocrx_word' id='word_1_129' title='bbox 327 1143 463 1190; x_wconf 84' lang='lat' dir='ltr'>gnificat</span> <span class='ocrx_word' id='word_1_130' title='bbox 486 1142 568 1177; x_wconf 84' lang='lat' dir='ltr'>illud</span> <span class='ocrx_word' id='word_1_131' title='bbox 582 1167 592 1184; x_wconf 89' lang='lat'>‚</span> <span class='ocrx_word' id='word_1_132' title='bbox 619 1144 710 1188; x_wconf 86' lang='lat' dir='ltr'>quod</span> <span class='ocrx_word' id='word_1_133' title='bbox 730 1142 891 1188; x_wconf 84' lang='lat' dir='ltr'>fignificat</span> <span class='ocrx_word' id='word_1_134' title='bbox 914 1155 980 1178; x_wconf 84' lang='lat' dir='ltr'>vox</span> <span class='ocrx_word' id='word_1_135' title='bbox 1003 1143 1087 1177; x_wconf 76' lang='lat' dir='ltr'>bomo</span> <span class='ocrx_word' id='word_1_136' title='bbox 1105 1167 1116 1183; x_wconf 87' lang='lat'>,</span> <span class='ocrx_word' id='word_1_137' title='bbox 1144 1154 1200 1177; x_wconf 88' lang='lat' dir='ltr'>ne·</span> 
     </span>
     <span class='ocr_line' id='line_1_22' title="bbox 328 1191 1200 1239; baseline -0.002 -10"><span class='ocrx_word' id='word_1_138' title='bbox 328 1205 393 1239; x_wconf 89' lang='lat' dir='ltr'>que</span> <span class='ocrx_word' id='word_1_139' title='bbox 417 1205 484 1227; x_wconf 83' lang='lat' dir='ltr'>vox</span> <span class='ocrx_word' id='word_1_140' title='bbox 506 1192 588 1227; x_wconf 73' lang='lat' dir='ltr'>bomo</span> <span class='ocrx_word' id='word_1_141' title='bbox 609 1193 712 1234; x_wconf 84' lang='lat' dir='ltr'>illud,</span> <span class='ocrx_word' id='word_1_142' title='bbox 738 1193 827 1238; x_wconf 87' lang='lat' dir='ltr'>quod</span> <span class='ocrx_word' id='word_1_143' title='bbox 851 1205 918 1227; x_wconf 82' lang='lat' dir='ltr'>vox</span> <span class='ocrx_word' id='word_1_144' title='bbox 939 1194 1076 1227; x_wconf 79' lang='lat' dir='ltr'>animal:</span> <span class='ocrx_word' id='word_1_145' title='bbox 1103 1191 1200 1227; x_wconf 89' lang='lat' dir='ltr'>adeo·</span> 
     </span>
     <span class='ocr_line' id='line_1_23' title="bbox 328 1242 1199 1288; baseline 0 -10"><span class='ocrx_word' id='word_1_146' title='bbox 328 1255 393 1288; x_wconf 84' lang='lat' dir='ltr'>que</span> <span class='ocrx_word' id='word_1_147' title='bbox 423 1242 576 1277; x_wconf 83' lang='lat' dir='ltr'>inferiora</span> <span class='ocrx_word' id='word_1_148' title='bbox 608 1243 740 1287; x_wconf 88' lang='lat' dir='ltr'>quidem</span> <span class='ocrx_word' id='word_1_149' title='bbox 778 1244 851 1277; x_wconf 89' lang='lat' dir='ltr'>sunt</span> <span class='ocrx_word' id='word_1_150' title='bbox 880 1243 1060 1288; x_wconf 67' lang='lat' dir='ltr'>significata</span> <span class='ocrx_word' id='word_1_151' title='bbox 1081 1253 1199 1278; x_wconf 84' lang='lat' dir='ltr'>vocum</span> 
     </span>
     <span class='ocr_line' id='line_1_24' title="bbox 329 1292 1198 1338; baseline -0.002 -9"><span class='ocrx_word' id='word_1_152' title='bbox 329 1293 563 1329; x_wconf 81' lang='lat' dir='ltr'>universalium</span> <span class='ocrx_word' id='word_1_153' title='bbox 575 1306 588 1336; x_wconf 91' lang='lat'><em>;</em></span> <span class='ocrx_word' id='word_1_154' title='bbox 615 1295 777 1338; x_wconf 83' lang='lat' dir='ltr'>superiora</span> <span class='ocrx_word' id='word_1_155' title='bbox 796 1304 909 1327; x_wconf 85' lang='lat' dir='ltr'>tamen</span> <span class='ocrx_word' id='word_1_156' title='bbox 928 1303 996 1327; x_wconf 86' lang='lat' dir='ltr'>non</span> <span class='ocrx_word' id='word_1_157' title='bbox 1021 1294 1093 1328; x_wconf 84' lang='lat' dir='ltr'>funt</span> <span class='ocrx_word' id='word_1_158' title='bbox 1102 1292 1198 1338; x_wconf 83' lang='lat' dir='ltr'>figni—</span> 
     </span>
     <span class='ocr_line' id='line_1_25' title="bbox 328 1341 1200 1389; baseline -0.002 -10"><span class='ocrx_word' id='word_1_159' title='bbox 328 1345 426 1379; x_wconf 80' lang='lat' dir='ltr'>ficata</span> <span class='ocrx_word' id='word_1_160' title='bbox 451 1353 569 1379; x_wconf 86' lang='lat' dir='ltr'>vocum</span> <span class='ocrx_word' id='word_1_161' title='bbox 588 1344 816 1389; x_wconf 72' lang='lat' dir='ltr'>singularium.</span> <span class='ocrx_word' id='word_1_162' title='bbox 844 1345 902 1376; x_wconf 80' lang='lat' dir='ltr'>Sed</span> <span class='ocrx_word' id='word_1_163' title='bbox 919 1342 1052 1386; x_wconf 59' lang='lat' dir='ltr'>profeci&amp;</span> <span class='ocrx_word' id='word_1_164' title='bbox 1074 1341 1200 1387; x_wconf 56' lang='lat' dir='ltr'>Philosoe</span> 
     </span>
     <span class='ocr_line' id='line_1_26' title="bbox 322 1392 1199 1442; baseline 0.001 -15"><span class='ocrx_word' id='word_1_165' title='bbox 322 1393 401 1437; x_wconf 75' lang='lat' dir='ltr'>pbia</span> <span class='ocrx_word' id='word_1_166' title='bbox 417 1392 485 1427; x_wconf 85' lang='lat' dir='ltr'>baec</span> <span class='ocrx_word' id='word_1_167' title='bbox 504 1398 582 1427; x_wconf 76' lang='lat' dir='ltr'>mim</span> <span class='ocrx_word' id='word_1_168' title='bbox 602 1393 662 1432; x_wconf 76' lang='lat' dir='ltr'>est:</span> <span class='ocrx_word' id='word_1_169' title='bbox 689 1393 778 1442; x_wconf 84' lang='lat' dir='ltr'>Qia</span> <span class='ocrx_word' id='word_1_170' title='bbox 801 1393 823 1426; x_wconf 85' lang='lat' dir='ltr'>fi</span> <span class='ocrx_word' id='word_1_171' title='bbox 845 1404 911 1427; x_wconf 82' lang='lat' dir='ltr'>vox</span> <span class='ocrx_word' id='word_1_172' title='bbox 933 1393 1015 1427; x_wconf 84' lang='lat' dir='ltr'>homo</span> <span class='ocrx_word' id='word_1_173' title='bbox 1036 1394 1199 1438; x_wconf 68' lang='lat' dir='ltr'>significet</span> 
     </span>
     <span class='ocr_line' id='line_1_27' title="bbox 326 1442 1198 1487; baseline 0 -10"><span class='ocrx_word' id='word_1_174' title='bbox 326 1442 394 1478; x_wconf 85' lang='lat' dir='ltr'>hoc</span> <span class='ocrx_word' id='word_1_175' title='bbox 418 1443 548 1487; x_wconf 82' lang='lat' dir='ltr'>ipsum,</span> <span class='ocrx_word' id='word_1_176' title='bbox 575 1442 663 1487; x_wconf 91' lang='lat' dir='ltr'>quod</span> <span class='ocrx_word' id='word_1_177' title='bbox 687 1455 752 1478; x_wconf 88' lang='lat' dir='ltr'>vox</span> <span class='ocrx_word' id='word_1_178' title='bbox 778 1445 904 1486; x_wconf 68' lang='lat' dir='ltr'>Penur,</span> <span class='ocrx_word' id='word_1_179' title='bbox 930 1443 1028 1478; x_wconf 88' lang='lat' dir='ltr'>etiam</span> <span class='ocrx_word' id='word_1_180' title='bbox 1056 1455 1122 1478; x_wconf 86' lang='lat' dir='ltr'>vox</span> <span class='ocrx_word' id='word_1_181' title='bbox 1143 1445 1198 1477; x_wconf 78' lang='lat' dir='ltr'>Pe-</span> 
     </span>
     <span class='ocr_line' id='line_1_28' title="bbox 326 1493 1200 1538; baseline -0.001 -10"><span class='ocrx_word' id='word_1_182' title='bbox 326 1503 392 1528; x_wconf 75' lang='lat' dir='ltr'>trus</span> <span class='ocrx_word' id='word_1_183' title='bbox 420 1493 600 1538; x_wconf 70' lang='lat' dir='ltr'>significare</span> <span class='ocrx_word' id='word_1_184' title='bbox 625 1493 721 1528; x_wconf 88' lang='lat' dir='ltr'>debet</span> <span class='ocrx_word' id='word_1_185' title='bbox 743 1493 808 1528; x_wconf 88' lang='lat' dir='ltr'>hoc</span> <span class='ocrx_word' id='word_1_186' title='bbox 830 1494 935 1537; x_wconf 83' lang='lat' dir='ltr'>ipsum</span> <span class='ocrx_word' id='word_1_187' title='bbox 958 1518 970 1534; x_wconf 91' lang='lat'>,</span> <span class='ocrx_word' id='word_1_188' title='bbox 1006 1494 1096 1538; x_wconf 84' lang='lat' dir='ltr'>quod</span> <span class='ocrx_word' id='word_1_189' title='bbox 1132 1505 1200 1528; x_wconf 87' lang='lat' dir='ltr'>vox</span> 
     </span>
     <span class='ocr_line' id='line_1_29' title="bbox 327 1542 1201 1595; baseline 0.001 -18"><span class='ocrx_word' id='word_1_190' title='bbox 327 1543 567 1595; x_wconf 26' lang='lat' dir='ltr'>bomoxzziicuti,</span> <span class='ocrx_word' id='word_1_191' title='bbox 597 1544 621 1577; x_wconf 81' lang='lat' dir='ltr'>fi</span> <span class='ocrx_word' id='word_1_192' title='bbox 643 1554 679 1578; x_wconf 91' lang='lat' dir='ltr'>tu</span> <span class='ocrx_word' id='word_1_193' title='bbox 702 1542 802 1576; x_wconf 84' lang='lat' dir='ltr'>habes</span> <span class='ocrx_word' id='word_1_194' title='bbox 819 1543 1032 1586; x_wconf 57' lang='lat' dir='ltr'>illamzipsam</span> <span class='ocrx_word' id='word_1_195' title='bbox 1057 1544 1201 1583; x_wconf 84' lang='lat' dir='ltr'>vestem,</span> 
     </span>
    </p>
   </div>
   <div class='ocr_carea' id='block_1_3' title="bbox 324 1591 1245 1640">
    <p class='ocr_par' dir='ltr' id='par_1_4' title="bbox 324 1591 1245 1640">
     <span class='ocr_line' id='line_1_30' title="bbox 324 1591 1245 1640; baseline 0 -13"><span class='ocrx_word' id='word_1_196' title='bbox 324 1603 429 1637; x_wconf 83' lang='lat' dir='ltr'>quam</span> <span class='ocrx_word' id='word_1_197' title='bbox 452 1591 557 1627; x_wconf 83' lang='lat' dir='ltr'>habeo</span> <span class='ocrx_word' id='word_1_198' title='bbox 579 1602 643 1636; x_wconf 87' lang='lat' dir='ltr'>ego</span> <span class='ocrx_word' id='word_1_199' title='bbox 665 1617 676 1633; x_wconf 95' lang='lat'>,</span> <span class='ocrx_word' id='word_1_200' title='bbox 711 1602 765 1635; x_wconf 88' lang='lat' dir='ltr'>per</span> <span class='ocrx_word' id='word_1_201' title='bbox 787 1593 989 1635; x_wconf 83' lang='lat' dir='ltr'>consequens</span> <span class='ocrx_word' id='word_1_202' title='bbox 1013 1604 1076 1638; x_wconf 83' lang='lat' dir='ltr'>ego</span> <span class='ocrx_word' id='word_1_203' title='bbox 1099 1595 1198 1629; x_wconf 84' lang='lat' dir='ltr'>etiam</span> <span class='ocrx_word' id='word_1_204' title='bbox 1243 1629 1245 1640; x_wconf 28' lang='grc' dir='ltr'>ἰ</span> 
     </span>
    </p>
   </div>
   <div class='ocr_carea' id='block_1_4' title="bbox 325 1641 1208 2227">
    <p class='ocr_par' dir='ltr' id='par_1_5' title="bbox 325 1641 1208 2227">
     <span class='ocr_line' id='line_1_31' title="bbox 327 1641 1201 1686; baseline -0.003 -8"><span class='ocrx_word' id='word_1_205' title='bbox 327 1641 438 1678; x_wconf 86' lang='lat' dir='ltr'>habeo</span> <span class='ocrx_word' id='word_1_206' title='bbox 455 1643 548 1677; x_wconf 89' lang='lat' dir='ltr'>illam</span> <span class='ocrx_word' id='word_1_207' title='bbox 580 1643 683 1685; x_wconf 84' lang='lat' dir='ltr'>ipsam</span> <span class='ocrx_word' id='word_1_208' title='bbox 709 1642 826 1677; x_wconf 86' lang='lat' dir='ltr'>vestem</span> <span class='ocrx_word' id='word_1_209' title='bbox 848 1667 860 1684; x_wconf 91' lang='lat'>,</span> <span class='ocrx_word' id='word_1_210' title='bbox 896 1654 993 1686; x_wconf 78' lang='lat' dir='ltr'>quarn</span> <span class='ocrx_word' id='word_1_211' title='bbox 1016 1642 1115 1677; x_wconf 81' lang='lat' dir='ltr'>habes</span> <span class='ocrx_word' id='word_1_212' title='bbox 1136 1654 1171 1678; x_wconf 87' lang='lat' dir='ltr'>tu</span> <span class='ocrx_word' id='word_1_213' title='bbox 1194 1668 1201 1675; x_wconf 93' lang='lat'><strong>.</strong></span> 
     </span>
     <span class='ocr_line' id='line_1_32' title="bbox 329 1692 1202 1740; baseline 0 -14"><span class='ocrx_word' id='word_1_214' title='bbox 329 1693 403 1740; x_wconf 81' lang='lat' dir='ltr'>Qi</span> <span class='ocrx_word' id='word_1_215' title='bbox 422 1692 513 1727; x_wconf 83' lang='lat' dir='ltr'>enim</span> <span class='ocrx_word' id='word_1_216' title='bbox 531 1692 610 1727; x_wconf 72' lang='lat' dir='ltr'>fieri</span> <span class='ocrx_word' id='word_1_217' title='bbox 625 1692 740 1736; x_wconf 84' lang='lat' dir='ltr'>poffit,</span> <span class='ocrx_word' id='word_1_218' title='bbox 768 1702 803 1726; x_wconf 93' lang='lat' dir='ltr'>ut</span> <span class='ocrx_word' id='word_1_219' title='bbox 828 1701 864 1726; x_wconf 83' lang='lat' dir='ltr'>tu</span> <span class='ocrx_word' id='word_1_220' title='bbox 884 1693 1003 1727; x_wconf 84' lang='lat' dir='ltr'>habeas</span> <span class='ocrx_word' id='word_1_221' title='bbox 1017 1693 1135 1727; x_wconf 81' lang='lat' dir='ltr'>vestem</span> <span class='ocrx_word' id='word_1_222' title='bbox 1149 1692 1202 1726; x_wconf 82' lang='lat' dir='ltr'>ha·</span> 
     </span>
     <span class='ocr_line' id='line_1_33' title="bbox 328 1740 1201 1787; baseline 0.001 -11"><span class='ocrx_word' id='word_1_223' title='bbox 328 1742 434 1781; x_wconf 84' lang='lat' dir='ltr'>bitam</span> <span class='ocrx_word' id='word_1_224' title='bbox 452 1741 472 1776; x_wconf 64' lang='grc' dir='ltr'>ὲ</span> <span class='ocrx_word' id='word_1_225' title='bbox 496 1746 582 1787; x_wconf 57' lang='lat' dir='ltr'>meq&#39;</span> <span class='ocrx_word' id='word_1_226' title='bbox 616 1743 650 1777; x_wconf 77' lang='grc' dir='ltr'>ἀ</span> <span class='ocrx_word' id='word_1_227' title='bbox 673 1754 737 1787; x_wconf 83' lang='lat' dir='ltr'>ego</span> <span class='ocrx_word' id='word_1_228' title='bbox 758 1753 826 1776; x_wconf 89' lang='lat' dir='ltr'>non</span> <span class='ocrx_word' id='word_1_229' title='bbox 846 1740 981 1777; x_wconf 78' lang='lat' dir='ltr'>habeam</span> <span class='ocrx_word' id='word_1_230' title='bbox 1008 1742 1127 1777; x_wconf 81' lang='lat' dir='ltr'>vestem</span> <span class='ocrx_word' id='word_1_231' title='bbox 1149 1742 1201 1777; x_wconf 87' lang='lat' dir='ltr'>ha-</span> 
     </span>
     <span class='ocr_line' id='line_1_34' title="bbox 329 1792 1203 1838; baseline 0 -11"><span class='ocrx_word' id='word_1_232' title='bbox 329 1792 433 1828; x_wconf 85' lang='lat' dir='ltr'>bitam</span> <span class='ocrx_word' id='word_1_233' title='bbox 454 1792 472 1827; x_wconf 71' lang='lat' dir='ltr'>a</span> <span class='ocrx_word' id='word_1_234' title='bbox 496 1802 530 1826; x_wconf 89' lang='lat' dir='ltr'>te</span> <span class='ocrx_word' id='word_1_235' title='bbox 548 1793 562 1826; x_wconf 72' lang='grc' dir='ltr'><strong>ἓ</strong></span> <span class='ocrx_word' id='word_1_236' title='bbox 587 1792 745 1827; x_wconf 85' lang='lat' dir='ltr'>Similiter</span> <span class='ocrx_word' id='word_1_237' title='bbox 765 1803 845 1838; x_wconf 89' lang='lat' dir='ltr'>ergo</span> <span class='ocrx_word' id='word_1_238' title='bbox 862 1817 872 1834; x_wconf 88' lang='lat'><strong><em>‚</em></strong></span> <span class='ocrx_word' id='word_1_239' title='bbox 913 1794 971 1836; x_wconf 88' lang='lat' dir='ltr'>qui</span> <span class='ocrx_word' id='word_1_240' title='bbox 990 1793 1059 1827; x_wconf 84' lang='lat' dir='ltr'>fieri</span> <span class='ocrx_word' id='word_1_241' title='bbox 1086 1793 1179 1836; x_wconf 86' lang='lat' dir='ltr'>poffit</span> <span class='ocrx_word' id='word_1_242' title='bbox 1192 1818 1203 1834; x_wconf 91' lang='lat'>,</span> 
     </span>
     <span class='ocr_line' id='line_1_35' title="bbox 325 1839 1204 1887; baseline -0.002 -9"><span class='ocrx_word' id='word_1_243' title='bbox 325 1852 367 1878; x_wconf 72' lang='lat' dir='ltr'>ut</span> <span class='ocrx_word' id='word_1_244' title='bbox 391 1853 460 1878; x_wconf 66' lang='lat' dir='ltr'>vox</span> <span class='ocrx_word' id='word_1_245' title='bbox 484 1840 566 1875; x_wconf 78' lang='lat' dir='ltr'>bom·</span> <span class='ocrx_word' id='word_1_246' title='bbox 585 1839 705 1876; x_wconf 84' lang='lat' dir='ltr'>habeat</span> <span class='ocrx_word' id='word_1_247' title='bbox 729 1842 810 1877; x_wconf 86' lang='lat' dir='ltr'>illud</span> <span class='ocrx_word' id='word_1_248' title='bbox 833 1844 937 1886; x_wconf 83' lang='lat' dir='ltr'>ipsum</span> <span class='ocrx_word' id='word_1_249' title='bbox 962 1843 1178 1887; x_wconf 78' lang='lat' dir='ltr'>significatum</span> <span class='ocrx_word' id='word_1_250' title='bbox 1193 1867 1204 1883; x_wconf 95' lang='lat'>,</span> 
     </span>
     <span class='ocr_line' id='line_1_36' title="bbox 328 1891 1205 1936; baseline -0.001 -9"><span class='ocrx_word' id='word_1_251' title='bbox 328 1892 420 1936; x_wconf 88' lang='lat' dir='ltr'>quod</span> <span class='ocrx_word' id='word_1_252' title='bbox 443 1891 538 1926; x_wconf 84' lang='lat' dir='ltr'>habet</span> <span class='ocrx_word' id='word_1_253' title='bbox 559 1902 623 1925; x_wconf 85' lang='lat' dir='ltr'>vox</span> <span class='ocrx_word' id='word_1_254' title='bbox 638 1894 744 1924; x_wconf 81' lang='lat' dir='ltr'>Petrus</span> <span class='ocrx_word' id='word_1_255' title='bbox 757 1915 768 1931; x_wconf 88' lang='lat'>,</span> <span class='ocrx_word' id='word_1_256' title='bbox 792 1893 902 1925; x_wconf 81' lang='lat' dir='ltr'>&amp;vox</span> <span class='ocrx_word' id='word_1_257' title='bbox 931 1895 1038 1926; x_wconf 79' lang='lat' dir='ltr'>Petrus</span> <span class='ocrx_word' id='word_1_258' title='bbox 1059 1905 1125 1926; x_wconf 89' lang='lat' dir='ltr'>non</span> <span class='ocrx_word' id='word_1_259' title='bbox 1150 1891 1205 1926; x_wconf 89' lang='lat' dir='ltr'>ha·</span> 
     </span>
     <span class='ocr_line' id='line_1_37' title="bbox 330 1940 1204 1987; baseline -0.005 -10"><span class='ocrx_word' id='word_1_260' title='bbox 330 1942 406 1977; x_wconf 89' lang='lat' dir='ltr'>beat</span> <span class='ocrx_word' id='word_1_261' title='bbox 427 1942 643 1987; x_wconf 74' lang='lat' dir='ltr'>significatum</span> <span class='ocrx_word' id='word_1_262' title='bbox 656 1965 667 1980; x_wconf 84' lang='lat'>,</span> <span class='ocrx_word' id='word_1_263' title='bbox 693 1940 781 1984; x_wconf 89' lang='lat' dir='ltr'>quod</span> <span class='ocrx_word' id='word_1_264' title='bbox 805 1940 903 1974; x_wconf 87' lang='lat' dir='ltr'>habet</span> <span class='ocrx_word' id='word_1_265' title='bbox 916 1951 981 1974; x_wconf 80' lang='lat' dir='ltr'>vox</span> <span class='ocrx_word' id='word_1_266' title='bbox 996 1940 1079 1972; x_wconf 82' lang='lat' dir='ltr'>bomo</span> <span class='ocrx_word' id='word_1_267' title='bbox 1093 1942 1109 1971; x_wconf 70' lang='grc' dir='ltr'><strong><em>ἒ</em></strong></span> <span class='ocrx_word' id='word_1_268' title='bbox 1135 1941 1204 1973; x_wconf 89' lang='lat' dir='ltr'>Ha-</span> 
     </span>
     <span class='ocr_line' id='line_1_38' title="bbox 329 1990 1205 2035; baseline -0.005 -8"><span class='ocrx_word' id='word_1_269' title='bbox 329 1993 384 2027; x_wconf 90' lang='lat' dir='ltr'>bet</span> <span class='ocrx_word' id='word_1_270' title='bbox 406 1993 568 2027; x_wconf 73' lang='lat' dir='ltr'>omnino.</span> <span class='ocrx_word' id='word_1_271' title='bbox 595 1991 757 2035; x_wconf 83' lang='lat' dir='ltr'>Adeoque</span> <span class='ocrx_word' id='word_1_272' title='bbox 778 1990 940 2034; x_wconf 76' lang='lat' dir='ltr'>superiora</span> <span class='ocrx_word' id='word_1_273' title='bbox 968 1991 1041 2024; x_wconf 87' lang='lat' dir='ltr'>sunt</span> <span class='ocrx_word' id='word_1_274' title='bbox 1066 2002 1134 2024; x_wconf 89' lang='lat' dir='ltr'>non</span> <span class='ocrx_word' id='word_1_275' title='bbox 1148 1990 1205 2024; x_wconf 88' lang='lat' dir='ltr'>mi-</span> 
     </span>
     <span class='ocr_line' id='line_1_39' title="bbox 330 2040 1207 2087; baseline -0.006 -10"><span class='ocrx_word' id='word_1_276' title='bbox 330 2054 392 2077; x_wconf 81' lang='lat' dir='ltr'>nus</span> <span class='ocrx_word' id='word_1_277' title='bbox 410 2041 588 2087; x_wconf 68' lang='lat' dir='ltr'>significata</span> <span class='ocrx_word' id='word_1_278' title='bbox 611 2052 729 2075; x_wconf 86' lang='lat' dir='ltr'>vocum</span> <span class='ocrx_word' id='word_1_279' title='bbox 751 2040 980 2084; x_wconf 79' lang='lat' dir='ltr'>singularium,</span> <span class='ocrx_word' id='word_1_280' title='bbox 1015 2051 1112 2082; x_wconf 89' lang='lat' dir='ltr'>quam</span> <span class='ocrx_word' id='word_1_281' title='bbox 1127 2041 1207 2073; x_wconf 85' lang='lat' dir='ltr'>infe·</span> 
     </span>
     <span class='ocr_line' id='line_1_40' title="bbox 330 2089 1208 2136; baseline -0.007 -9"><span class='ocrx_word' id='word_1_282' title='bbox 330 2094 415 2127; x_wconf 82' lang='lat' dir='ltr'>riora</span> <span class='ocrx_word' id='word_1_283' title='bbox 430 2095 490 2126; x_wconf 83' lang='lat' dir='ltr'>ssnt</span> <span class='ocrx_word' id='word_1_284' title='bbox 502 2092 683 2136; x_wconf 85' lang='lat' dir='ltr'>fignificata</span> <span class='ocrx_word' id='word_1_285' title='bbox 697 2101 814 2122; x_wconf 88' lang='lat' dir='ltr'>vocum</span> <span class='ocrx_word' id='word_1_286' title='bbox 827 2089 1058 2122; x_wconf 86' lang='lat' dir='ltr'>universalium</span> <span class='ocrx_word' id='word_1_287' title='bbox 1071 2102 1082 2121; x_wconf 84' lang='lat'>.·</span> <span class='ocrx_word' id='word_1_288' title='bbox 1111 2090 1183 2122; x_wconf 88' lang='lat' dir='ltr'>sunt</span> <span class='ocrx_word' id='word_1_289' title='bbox 1197 2114 1208 2129; x_wconf 91' lang='lat'>,</span> 
     </span>
     <span class='ocr_line' id='line_1_41' title="bbox 331 2136 1207 2186; baseline -0.008 -9"><span class='ocrx_word' id='word_1_290' title='bbox 331 2143 489 2186; x_wconf 83' lang='lat' dir='ltr'>inquam,</span> <span class='ocrx_word' id='word_1_291' title='bbox 516 2151 628 2175; x_wconf 83' lang='lat' dir='ltr'>earum</span> <span class='ocrx_word' id='word_1_292' title='bbox 647 2138 826 2183; x_wconf 79' lang='lat' dir='ltr'>fignificata</span> <span class='ocrx_word' id='word_1_293' title='bbox 851 2161 861 2177; x_wconf 82' lang='lat'>,</span> <span class='ocrx_word' id='word_1_294' title='bbox 887 2136 920 2170; x_wconf 67' lang='grc' dir='ltr'>ὃς</span> <span class='ocrx_word' id='word_1_295' title='bbox 945 2136 1077 2179; x_wconf 83' lang='lat' dir='ltr'>quidem</span> <span class='ocrx_word' id='word_1_296' title='bbox 1098 2138 1207 2170; x_wconf 87' lang='lat' dir='ltr'>secun·</span> 
     </span>
     <span class='ocr_line' id='line_1_42' title="bbox 331 2191 441 2227; baseline -0.018 -1"><span class='ocrx_word' id='word_1_297' title='bbox 331 2191 421 2227; x_wconf 86' lang='lat' dir='ltr'>daria</span> <span class='ocrx_word' id='word_1_298' title='bbox 433 2217 441 2224; x_wconf 88' lang='lat'><strong>.</strong></span> 
     </span>
    </p>
   </div>
   <div class='ocr_carea' id='block_1_5' title="bbox 335 2287 1224 3439">
    <p class='ocr_par' dir='ltr' id='par_1_6' title="bbox 335 2287 1224 3439">
     <span class='ocr_line' id='line_1_43' title="bbox 335 2287 1209 2335; baseline -0.01 -6"><span class='ocrx_word' id='word_1_299' title='bbox 335 2292 484 2328; x_wconf 81' lang='lat' dir='ltr'>dubitavi</span> <span class='ocrx_word' id='word_1_300' title='bbox 508 2316 515 2322; x_wconf 94' lang='lat'>.</span> <span class='ocrx_word' id='word_1_301' title='bbox 554 2290 656 2335; x_wconf 67' lang='lat' dir='ltr'>Quod</span> <span class='ocrx_word' id='word_1_302' title='bbox 692 2289 752 2321; x_wconf 81' lang='lat' dir='ltr'>{int</span> <span class='ocrx_word' id='word_1_303' title='bbox 790 2288 969 2332; x_wconf 80' lang='lat' dir='ltr'>fignificata</span> <span class='ocrx_word' id='word_1_304' title='bbox 1001 2287 1209 2326; x_wconf 71' lang='lat' dir='ltr'>secundaria,</span> 
     </span>
     <span class='ocr_line' id='line_1_44' title="bbox 335 2337 1210 2388; baseline -0.008 -11"><span class='ocrx_word' id='word_1_305' title='bbox 335 2344 413 2388; x_wconf 86' lang='lat' dir='ltr'>quia</span> <span class='ocrx_word' id='word_1_306' title='bbox 439 2341 549 2385; x_wconf 83' lang='lat' dir='ltr'>pasfim</span> <span class='ocrx_word' id='word_1_307' title='bbox 575 2340 689 2372; x_wconf 88' lang='lat' dir='ltr'>dicunt</span> <span class='ocrx_word' id='word_1_308' title='bbox 707 2348 822 2372; x_wconf 82' lang='lat' dir='ltr'>omnes</span> <span class='ocrx_word' id='word_1_309' title='bbox 851 2362 861 2377; x_wconf 94' lang='lat'>,</span> <span class='ocrx_word' id='word_1_310' title='bbox 886 2338 919 2371; x_wconf 73' lang='grc' dir='ltr'>δε</span> <span class='ocrx_word' id='word_1_311' title='bbox 945 2337 1021 2379; x_wconf 90' lang='lat' dir='ltr'>quia</span> <span class='ocrx_word' id='word_1_312' title='bbox 1048 2347 1097 2370; x_wconf 86' lang='lat' dir='ltr'>res</span> <span class='ocrx_word' id='word_1_313' title='bbox 1121 2338 1210 2380; x_wconf 85' lang='lat' dir='ltr'>parvi</span> 
     </span>
     <span class='ocr_line' id='line_1_45' title="bbox 338 2387 1210 2432; baseline -0.009 -6"><span class='ocrx_word' id='word_1_314' title='bbox 338 2402 503 2428; x_wconf 80' lang='lat' dir='ltr'>momenti</span> <span class='ocrx_word' id='word_1_315' title='bbox 524 2389 568 2424; x_wconf 86' lang='lat' dir='ltr'>est</span> <span class='ocrx_word' id='word_1_316' title='bbox 584 2412 596 2428; x_wconf 93' lang='lat'>,</span> <span class='ocrx_word' id='word_1_317' title='bbox 620 2399 684 2432; x_wconf 85' lang='lat' dir='ltr'>ego</span> <span class='ocrx_word' id='word_1_318' title='bbox 704 2398 837 2431; x_wconf 89' lang='lat' dir='ltr'>quoque</span> <span class='ocrx_word' id='word_1_319' title='bbox 848 2388 918 2421; x_wconf 84' lang='lat' dir='ltr'>dixi</span> <span class='ocrx_word' id='word_1_320' title='bbox 937 2387 1001 2430; x_wconf 84' lang='lat' dir='ltr'>jam</span> <span class='ocrx_word' id='word_1_321' title='bbox 1014 2387 1189 2430; x_wconf 80' lang='lat' dir='ltr'>aliquoties</span> <span class='ocrx_word' id='word_1_322' title='bbox 1202 2410 1210 2418; x_wconf 94' lang='lat'><strong>.</strong></span> 
     </span>
     <span class='ocr_line' id='line_1_46' title="bbox 337 2438 1212 2482; baseline -0.007 -5"><span class='ocrx_word' id='word_1_323' title='bbox 337 2442 394 2477; x_wconf 81' lang='lat' dir='ltr'>Est</span> <span class='ocrx_word' id='word_1_324' title='bbox 418 2450 527 2476; x_wconf 86' lang='lat' dir='ltr'>tamen</span> <span class='ocrx_word' id='word_1_325' title='bbox 550 2463 560 2480; x_wconf 90' lang='lat'>,</span> <span class='ocrx_word' id='word_1_326' title='bbox 587 2438 678 2482; x_wconf 89' lang='lat' dir='ltr'>quod</span> <span class='ocrx_word' id='word_1_327' title='bbox 702 2439 843 2482; x_wconf 89' lang='lat' dir='ltr'>graviter</span> <span class='ocrx_word' id='word_1_328' title='bbox 865 2438 1052 2480; x_wconf 88' lang='lat' dir='ltr'>dubitetur;</span> <span class='ocrx_word' id='word_1_329' title='bbox 1080 2448 1212 2480; x_wconf 93' lang='lat' dir='ltr'>quoque</span> 
     </span>
     <span class='ocr_line' id='line_1_47' title="bbox 337 2488 1211 2530; baseline -0.007 -3"><span class='ocrx_word' id='word_1_330' title='bbox 337 2492 511 2528; x_wconf 85' lang='lat' dir='ltr'>efficaciter</span> <span class='ocrx_word' id='word_1_331' title='bbox 523 2489 714 2523; x_wconf 80' lang='lat' dir='ltr'>ostendatur</span> <span class='ocrx_word' id='word_1_332' title='bbox 728 2513 739 2527; x_wconf 96' lang='lat'>‚</span> <span class='ocrx_word' id='word_1_333' title='bbox 764 2488 925 2530; x_wconf 83' lang='lat' dir='ltr'>superiora</span> <span class='ocrx_word' id='word_1_334' title='bbox 940 2489 1077 2530; x_wconf 60' lang='lat' dir='ltr'>respectu</span> <span class='ocrx_word' id='word_1_335' title='bbox 1091 2498 1211 2521; x_wconf 88' lang='lat' dir='ltr'>vocum</span> 
     </span>
     <span class='ocr_line' id='line_1_48' title="bbox 339 2537 1212 2583; baseline -0.009 -5"><span class='ocrx_word' id='word_1_336' title='bbox 339 2543 534 2578; x_wconf 87' lang='lat' dir='ltr'>inferiorum</span> <span class='ocrx_word' id='word_1_337' title='bbox 557 2541 618 2573; x_wconf 75' lang='lat' dir='ltr'>ess&#39;e</span> <span class='ocrx_word' id='word_1_338' title='bbox 630 2537 808 2583; x_wconf 75' lang='lat' dir='ltr'>significata</span> <span class='ocrx_word' id='word_1_339' title='bbox 820 2538 897 2579; x_wconf 79' lang='lat' dir='ltr'>vere</span> <span class='ocrx_word' id='word_1_340' title='bbox 908 2537 1056 2580; x_wconf 84' lang='lat' dir='ltr'>primaria</span> <span class='ocrx_word' id='word_1_341' title='bbox 1068 2562 1079 2577; x_wconf 92' lang='lat'>,</span> <span class='ocrx_word' id='word_1_342' title='bbox 1104 2538 1212 2571; x_wconf 89' lang='lat' dir='ltr'>nullo·</span> 
     </span>
     <span class='ocr_line' id='line_1_49' title="bbox 341 2587 1213 2638; baseline -0.007 -11"><span class='ocrx_word' id='word_1_343' title='bbox 341 2604 406 2638; x_wconf 90' lang='lat' dir='ltr'>que</span> <span class='ocrx_word' id='word_1_344' title='bbox 442 2592 544 2625; x_wconf 89' lang='lat' dir='ltr'>modo</span> <span class='ocrx_word' id='word_1_345' title='bbox 572 2588 757 2623; x_wconf 89' lang='lat' dir='ltr'>secundaria</span> <span class='ocrx_word' id='word_1_346' title='bbox 785 2612 792 2620; x_wconf 91' lang='lat'><strong>.</strong></span> <span class='ocrx_word' id='word_1_347' title='bbox 830 2590 918 2620; x_wconf 79' lang='lat' dir='ltr'>Ratio</span> <span class='ocrx_word' id='word_1_348' title='bbox 937 2588 1039 2629; x_wconf 80' lang='lat' dir='ltr'>efficax</span> <span class='ocrx_word' id='word_1_349' title='bbox 1061 2587 1098 2628; x_wconf 86' lang='lat' dir='ltr'>est</span> <span class='ocrx_word' id='word_1_350' title='bbox 1120 2587 1183 2621; x_wconf 81' lang='lat' dir='ltr'>haec</span> <span class='ocrx_word' id='word_1_351' title='bbox 1203 2599 1213 2624; x_wconf 72' lang='grc' dir='ltr'><strong>ι</strong></span> 
     </span>
     <span class='ocr_line' id='line_1_50' title="bbox 338 2638 1213 2689; baseline -0.007 -13"><span class='ocrx_word' id='word_1_352' title='bbox 338 2643 431 2689; x_wconf 78' lang='lat' dir='ltr'>Quia</span> <span class='ocrx_word' id='word_1_353' title='bbox 454 2640 638 2675; x_wconf 85' lang='lat' dir='ltr'>animalitas</span> <span class='ocrx_word' id='word_1_354' title='bbox 660 2639 705 2673; x_wconf 87' lang='lat' dir='ltr'>est</span> <span class='ocrx_word' id='word_1_355' title='bbox 738 2638 903 2682; x_wconf 86' lang='lat' dir='ltr'>quoddam</span> <span class='ocrx_word' id='word_1_356' title='bbox 922 2639 1213 2680; x_wconf 69' lang='lat' dir='ltr'>superiusrespeftu</span> 
     </span>
     <span class='ocr_line' id='line_1_51' title="bbox 340 2686 1213 2732; baseline -0.008 -5"><span class='ocrx_word' id='word_1_357' title='bbox 340 2694 431 2727; x_wconf 85' lang='lat' dir='ltr'>vocis</span> <span class='ocrx_word' id='word_1_358' title='bbox 451 2691 551 2724; x_wconf 86' lang='lat' dir='ltr'>homo:</span> <span class='ocrx_word' id='word_1_359' title='bbox 580 2692 645 2722; x_wconf 86' lang='lat' dir='ltr'>vita</span> <span class='ocrx_word' id='word_1_360' title='bbox 667 2689 712 2722; x_wconf 88' lang='lat' dir='ltr'>est</span> <span class='ocrx_word' id='word_1_361' title='bbox 735 2686 901 2732; x_wconf 85' lang='lat' dir='ltr'>quoddam</span> <span class='ocrx_word' id='word_1_362' title='bbox 916 2689 1061 2731; x_wconf 87' lang='lat' dir='ltr'>superius</span> <span class='ocrx_word' id='word_1_363' title='bbox 1074 2689 1213 2731; x_wconf 60' lang='lat' dir='ltr'>respectu</span> 
     </span>
     <span class='ocr_line' id='line_1_52' title="bbox 342 2738 1215 2781; baseline -0.008 -4"><span class='ocrx_word' id='word_1_364' title='bbox 342 2745 432 2777; x_wconf 84' lang='lat' dir='ltr'>vocis</span> <span class='ocrx_word' id='word_1_365' title='bbox 458 2742 573 2774; x_wconf 80' lang='lat' dir='ltr'>animal</span> <span class='ocrx_word' id='word_1_366' title='bbox 595 2765 605 2781; x_wconf 94' lang='lat'>,</span> <span class='ocrx_word' id='word_1_367' title='bbox 640 2740 703 2773; x_wconf 62' lang='lat' dir='ltr'>&amp;a</span> <span class='ocrx_word' id='word_1_368' title='bbox 727 2738 831 2780; x_wconf 86' lang='lat' dir='ltr'>Atqui</span> <span class='ocrx_word' id='word_1_369' title='bbox 856 2738 1042 2772; x_wconf 85' lang='lat' dir='ltr'>animalitas</span> <span class='ocrx_word' id='word_1_370' title='bbox 1062 2739 1106 2772; x_wconf 86' lang='lat' dir='ltr'>est</span> <span class='ocrx_word' id='word_1_371' title='bbox 1127 2738 1215 2771; x_wconf 89' lang='lat' dir='ltr'>vocis</span> 
     </span>
     <span class='ocr_line' id='line_1_53' title="bbox 341 2788 1215 2836; baseline -0.007 -10"><span class='ocrx_word' id='word_1_372' title='bbox 341 2794 425 2827; x_wconf 79' lang='lat' dir='ltr'>bomo</span> <span class='ocrx_word' id='word_1_373' title='bbox 445 2792 661 2836; x_wconf 80' lang='lat' dir='ltr'>significatum</span> <span class='ocrx_word' id='word_1_374' title='bbox 686 2789 758 2822; x_wconf 81' lang='lat' dir='ltr'>vere</span> <span class='ocrx_word' id='word_1_375' title='bbox 771 2789 977 2831; x_wconf 87' lang='lat' dir='ltr'>primarium:</span> <span class='ocrx_word' id='word_1_376' title='bbox 1004 2788 1050 2822; x_wconf 87' lang='lat' dir='ltr'>est</span> <span class='ocrx_word' id='word_1_377' title='bbox 1078 2789 1167 2822; x_wconf 87' lang='lat' dir='ltr'>euim</span> <span class='ocrx_word' id='word_1_378' title='bbox 1180 2788 1215 2820; x_wconf 81' lang='lat' dir='ltr'>fi-</span> 
     </span>
     <span class='ocr_line' id='line_1_54' title="bbox 342 2836 1216 2890; baseline -0.008 -13"><span class='ocrx_word' id='word_1_379' title='bbox 342 2845 535 2890; x_wconf 82' lang='lat' dir='ltr'>gnificatum</span> <span class='ocrx_word' id='word_1_380' title='bbox 559 2840 625 2883; x_wconf 81' lang='lat' dir='ltr'>ejus</span> <span class='ocrx_word' id='word_1_381' title='bbox 644 2838 797 2873; x_wconf 87' lang='lat' dir='ltr'>formale:</span> <span class='ocrx_word' id='word_1_382' title='bbox 828 2850 896 2873; x_wconf 90' lang='lat' dir='ltr'>non</span> <span class='ocrx_word' id='word_1_383' title='bbox 914 2836 1053 2882; x_wconf 85' lang='lat' dir='ltr'>quidaem</span> <span class='ocrx_word' id='word_1_384' title='bbox 1065 2837 1216 2879; x_wconf 80' lang='lat' dir='ltr'>adaequa-</span> 
     </span>
     <span class='ocr_line' id='line_1_55' title="bbox 344 2888 1217 2934; baseline -0.01 -5"><span class='ocrx_word' id='word_1_385' title='bbox 344 2905 437 2934; x_wconf 89' lang='lat' dir='ltr'>tum,</span> <span class='ocrx_word' id='word_1_386' title='bbox 465 2891 516 2926; x_wconf 80' lang='lat' dir='ltr'>[ed</span> <span class='ocrx_word' id='word_1_387' title='bbox 541 2890 798 2933; x_wconf 79' lang='lat' dir='ltr'>inadaequatum,</span> <span class='ocrx_word' id='word_1_388' title='bbox 827 2900 864 2922; x_wconf 90' lang='lat' dir='ltr'>ac</span> <span class='ocrx_word' id='word_1_389' title='bbox 884 2888 1040 2931; x_wconf 77' lang='lat' dir='ltr'>partiale.</span> <span class='ocrx_word' id='word_1_390' title='bbox 1069 2888 1157 2932; x_wconf 87' lang='lat' dir='ltr'>Ergo</span> <span class='ocrx_word' id='word_1_391' title='bbox 1171 2888 1217 2920; x_wconf 91' lang='lat' dir='ltr'>su-</span> 
     </span>
     <span class='ocr_line' id='line_1_56' title="bbox 344 2938 1218 2989; baseline -0.009 -11"><span class='ocrx_word' id='word_1_392' title='bbox 344 2946 467 2989; x_wconf 84' lang='lat' dir='ltr'>periora</span> <span class='ocrx_word' id='word_1_393' title='bbox 494 2941 635 2984; x_wconf 71' lang='lat' dir='ltr'>respestu</span> <span class='ocrx_word' id='word_1_394' title='bbox 658 2951 775 2974; x_wconf 89' lang='lat' dir='ltr'>vocum</span> <span class='ocrx_word' id='word_1_395' title='bbox 798 2939 990 2972; x_wconf 88' lang='lat' dir='ltr'>inferiorum</span> <span class='ocrx_word' id='word_1_396' title='bbox 1019 2938 1092 2971; x_wconf 87' lang='lat' dir='ltr'>suot</span> <span class='ocrx_word' id='word_1_397' title='bbox 1120 2938 1218 2981; x_wconf 87' lang='lat' dir='ltr'>figni-</span> 
     </span>
     <span class='ocr_line' id='line_1_57' title="bbox 345 2986 1219 3035; baseline -0.011 -6"><span class='ocrx_word' id='word_1_398' title='bbox 345 2995 440 3029; x_wconf 82' lang='lat' dir='ltr'>ficata</span> <span class='ocrx_word' id='word_1_399' title='bbox 469 2991 614 3035; x_wconf 85' lang='lat' dir='ltr'>primaria</span> <span class='ocrx_word' id='word_1_400' title='bbox 628 3003 643 3032; x_wconf 86' lang='lat'><em>;</em></span> <span class='ocrx_word' id='word_1_401' title='bbox 669 2998 853 3024; x_wconf 81' lang='lat' dir='ltr'>nonautem</span> <span class='ocrx_word' id='word_1_402' title='bbox 870 2988 1055 3022; x_wconf 75' lang='lat' dir='ltr'>secundaria</span> <span class='ocrx_word' id='word_1_403' title='bbox 1072 3012 1079 3020; x_wconf 90' lang='lat'><strong>.</strong></span> <span class='ocrx_word' id='word_1_404' title='bbox 1107 2986 1219 3020; x_wconf 77' lang='lat' dir='ltr'>Proba·</span> 
     </span>
     <span class='ocr_line' id='line_1_58' title="bbox 347 3037 1219 3088; baseline -0.01 -10"><span class='ocrx_word' id='word_1_405' title='bbox 347 3053 397 3079; x_wconf 69' lang='lat' dir='ltr'>tur</span> <span class='ocrx_word' id='word_1_406' title='bbox 418 3052 532 3077; x_wconf 80' lang='lat' dir='ltr'>mmor:</span> <span class='ocrx_word' id='word_1_407' title='bbox 558 3041 648 3088; x_wconf 85' lang='lat' dir='ltr'>Qia</span> <span class='ocrx_word' id='word_1_408' title='bbox 661 3039 845 3074; x_wconf 85' lang='lat' dir='ltr'>humanitas</span> <span class='ocrx_word' id='word_1_409' title='bbox 865 3038 910 3071; x_wconf 85' lang='lat' dir='ltr'>est</span> <span class='ocrx_word' id='word_1_410' title='bbox 926 3037 1142 3082; x_wconf 75' lang='lat' dir='ltr'>significatum</span> <span class='ocrx_word' id='word_1_411' title='bbox 1158 3038 1219 3071; x_wconf 88' lang='lat' dir='ltr'>for-</span> 
     </span>
     <span class='ocr_line' id='line_1_59' title="bbox 350 3087 1220 3135; baseline -0.01 -6"><span class='ocrx_word' id='word_1_412' title='bbox 350 3095 435 3129; x_wconf 84' lang='lat' dir='ltr'>male</span> <span class='ocrx_word' id='word_1_413' title='bbox 455 3092 545 3127; x_wconf 83' lang='lat' dir='ltr'>vocis</span> <span class='ocrx_word' id='word_1_414' title='bbox 556 3090 655 3124; x_wconf 85' lang='lat' dir='ltr'>bomo:</span> <span class='ocrx_word' id='word_1_415' title='bbox 683 3101 762 3135; x_wconf 82' lang='lat' dir='ltr'>ergo</span> <span class='ocrx_word' id='word_1_416' title='bbox 786 3088 885 3122; x_wconf 86' lang='lat' dir='ltr'>etiam</span> <span class='ocrx_word' id='word_1_417' title='bbox 900 3087 1083 3122; x_wconf 87' lang='lat' dir='ltr'>animalitas</span> <span class='ocrx_word' id='word_1_418' title='bbox 1096 3088 1140 3121; x_wconf 87' lang='lat' dir='ltr'>est</span> <span class='ocrx_word' id='word_1_419' title='bbox 1154 3087 1220 3129; x_wconf 82' lang='lat' dir='ltr'>ejus</span> 
     </span>
     <span class='ocr_line' id='line_1_60' title="bbox 350 3137 1218 3190; baseline -0.012 -11"><span class='ocrx_word' id='word_1_420' title='bbox 350 3145 570 3190; x_wconf 82' lang='lat' dir='ltr'>significatum</span> <span class='ocrx_word' id='word_1_421' title='bbox 594 3141 746 3174; x_wconf 83' lang='lat' dir='ltr'>formale.</span> <span class='ocrx_word' id='word_1_422' title='bbox 777 3142 867 3172; x_wconf 82' lang='lat' dir='ltr'>Patet</span> <span class='ocrx_word' id='word_1_423' title='bbox 880 3137 1103 3181; x_wconf 73' lang='lat' dir='ltr'>consequentia:</span> <span class='ocrx_word' id='word_1_424' title='bbox 1129 3137 1218 3182; x_wconf 81' lang='lat' dir='ltr'>Quia</span> 
     </span>
     <span class='ocr_line' id='line_1_61' title="bbox 353 3187 1220 3238; baseline -0.009 -10"><span class='ocrx_word' id='word_1_425' title='bbox 353 3195 621 3238; x_wconf 84' lang='lat' dir='ltr'>quotiescumque</span> <span class='ocrx_word' id='word_1_426' title='bbox 642 3188 777 3234; x_wconf 79' lang='lat' dir='ltr'>aliquod</span> <span class='ocrx_word' id='word_1_427' title='bbox 796 3198 906 3223; x_wconf 86' lang='lat' dir='ltr'>totum</span> <span class='ocrx_word' id='word_1_428' title='bbox 929 3189 973 3222; x_wconf 87' lang='lat' dir='ltr'>est</span> <span class='ocrx_word' id='word_1_429' title='bbox 985 3187 1120 3231; x_wconf 77' lang='lat' dir='ltr'>alicujus</span> <span class='ocrx_word' id='word_1_430' title='bbox 1132 3188 1220 3221; x_wconf 91' lang='lat' dir='ltr'>vocis</span> 
     </span>
     <span class='ocr_line' id='line_1_62' title="bbox 352 3237 1221 3287; baseline -0.007 -10"><span class='ocrx_word' id='word_1_431' title='bbox 352 3244 567 3287; x_wconf 76' lang='lat' dir='ltr'>significatum</span> <span class='ocrx_word' id='word_1_432' title='bbox 590 3241 726 3275; x_wconf 82' lang='lat' dir='ltr'>formale</span> <span class='ocrx_word' id='word_1_433' title='bbox 751 3239 953 3283; x_wconf 85' lang='lat' dir='ltr'>adaequatum</span> <span class='ocrx_word' id='word_1_434' title='bbox 979 3262 990 3278; x_wconf 88' lang='lat'>‚</span> <span class='ocrx_word' id='word_1_435' title='bbox 1026 3248 1106 3272; x_wconf 90' lang='lat' dir='ltr'>tune</span> <span class='ocrx_word' id='word_1_436' title='bbox 1132 3237 1221 3271; x_wconf 88' lang='lat' dir='ltr'>istius</span> 
     </span>
     <span class='ocr_line' id='line_1_63' title="bbox 356 3289 1221 3334; baseline -0.005 -8"><span class='ocrx_word' id='word_1_437' title='bbox 356 3294 457 3326; x_wconf 87' lang='lat' dir='ltr'>totius</span> <span class='ocrx_word' id='word_1_438' title='bbox 479 3302 582 3334; x_wconf 85' lang='lat' dir='ltr'>partes</span> <span class='ocrx_word' id='word_1_439' title='bbox 606 3289 779 3326; x_wconf 84' lang='lat' dir='ltr'>suntillius</span> <span class='ocrx_word' id='word_1_440' title='bbox 803 3290 892 3323; x_wconf 89' lang='lat' dir='ltr'>vocis</span> <span class='ocrx_word' id='word_1_441' title='bbox 910 3289 1088 3333; x_wconf 66' lang='lat' dir='ltr'>significata</span> <span class='ocrx_word' id='word_1_442' title='bbox 1102 3289 1221 3322; x_wconf 88' lang='lat' dir='ltr'>forma·</span> 
     </span>
     <span class='ocr_line' id='line_1_64' title="bbox 356 3337 1224 3385; baseline -0.003 -10"><span class='ocrx_word' id='word_1_443' title='bbox 356 3341 400 3375; x_wconf 87' lang='lat' dir='ltr'>lia</span> <span class='ocrx_word' id='word_1_444' title='bbox 421 3342 620 3384; x_wconf 80' lang='lat' dir='ltr'>inadaequata</span> <span class='ocrx_word' id='word_1_445' title='bbox 645 3355 654 3374; x_wconf 77' lang='grc' dir='ltr'>ε</span> <span class='ocrx_word' id='word_1_446' title='bbox 680 3339 770 3385; x_wconf 83' lang='lat' dir='ltr'>atqui</span> <span class='ocrx_word' id='word_1_447' title='bbox 797 3348 868 3373; x_wconf 89' lang='lat' dir='ltr'>tota</span> <span class='ocrx_word' id='word_1_448' title='bbox 888 3337 1075 3374; x_wconf 83' lang='lat' dir='ltr'>humanitas</span> <span class='ocrx_word' id='word_1_449' title='bbox 1096 3363 1107 3379; x_wconf 92' lang='lat'>,</span> <span class='ocrx_word' id='word_1_450' title='bbox 1132 3339 1224 3381; x_wconf 79' lang='lat' dir='ltr'>cujus</span> 
     </span>
     <span class='ocr_line' id='line_1_65' title="bbox 356 3388 1224 3439; baseline -0.003 -13"><span class='ocrx_word' id='word_1_451' title='bbox 356 3399 461 3439; x_wconf 84' lang='lat' dir='ltr'>partes</span> <span class='ocrx_word' id='word_1_452' title='bbox 482 3392 554 3426; x_wconf 81' lang='lat' dir='ltr'>sunt</span> <span class='ocrx_word' id='word_1_453' title='bbox 576 3388 1016 3427; x_wconf 76' lang='lat' dir='ltr'>animalitas&amp;xationalitas</span> <span class='ocrx_word' id='word_1_454' title='bbox 1029 3413 1042 3432; x_wconf 90' lang='lat'>,</span> <span class='ocrx_word' id='word_1_455' title='bbox 1065 3389 1110 3423; x_wconf 86' lang='lat' dir='ltr'>est</span> <span class='ocrx_word' id='word_1_456' title='bbox 1127 3389 1224 3436; x_wconf 77' lang='lat' dir='ltr'>signi-</span> 
     </span>
    </p>
   </div>
   <div class='ocr_carea' id='block_1_6' title="bbox 1233 198 1282 3488">
    <p class='ocr_par' dir='ltr' id='par_1_7' title="bbox 1233 198 1282 3488">
     <span class='ocr_line' id='line_1_66' title="bbox 1233 198 1253 370; baseline 0 -12"><span class='ocrx_word' id='word_1_457' title='bbox 1233 198 1253 370; x_wconf 95' lang='lat' dir='ltr'>    </span> 
     </span>
     <span class='ocr_line' id='line_1_67' title="bbox 1234 370 1253 470; baseline 0 -4"><span class='ocrx_word' id='word_1_458' title='bbox 1234 370 1253 470; x_wconf 95' lang='lat' dir='ltr'>  </span> 
     </span>
     <span class='ocr_line' id='line_1_68' title="bbox 1237 470 1255 660; baseline 0 0"><span class='ocrx_word' id='word_1_459' title='bbox 1237 470 1255 660; x_wconf 95' lang='lat' dir='ltr'>   </span> 
     </span>
     <span class='ocr_line' id='line_1_69' title="bbox 1239 660 1255 809; baseline 0 0"><span class='ocrx_word' id='word_1_460' title='bbox 1239 660 1255 809; x_wconf 95' lang='lat' dir='ltr'>   </span> 
     </span>
     <span class='ocr_line' id='line_1_70' title="bbox 1240 809 1257 957; baseline 0 -108"><span class='ocrx_word' id='word_1_461' title='bbox 1240 809 1257 957; x_wconf 95' lang='lat' dir='ltr'>   </span> 
     </span>
     <span class='ocr_line' id='line_1_71' title="bbox 1240 957 1257 1116; baseline 0 -149"><span class='ocrx_word' id='word_1_462' title='bbox 1240 957 1257 1116; x_wconf 95' lang='lat' dir='ltr'>    </span> 
     </span>
     <span class='ocr_line' id='line_1_72' title="bbox 1238 1116 1267 1685; baseline 0 -341"><span class='ocrx_word' id='word_1_463' title='bbox 1238 1116 1267 1685; x_wconf 95' lang='lat' dir='ltr'>    </span> 
     </span>
     <span class='ocr_line' id='line_1_73' title="bbox 1238 1685 1268 2104; baseline 0 -138"><span class='ocrx_word' id='word_1_464' title='bbox 1238 1685 1268 2104; x_wconf 95' lang='lat' dir='ltr'>    </span> 
     </span>
     <span class='ocr_line' id='line_1_74' title="bbox 1246 2104 1270 2155; baseline 0 1615"><span class='ocrx_word' id='word_1_465' title='bbox 1246 2104 1270 2155; x_wconf 95' lang='lat' dir='ltr'> </span> 
     </span>
     <span class='ocr_line' id='line_1_75' title="bbox 1246 2155 1272 2514; baseline 0 -26"><span class='ocrx_word' id='word_1_466' title='bbox 1246 2155 1272 2514; x_wconf 95' lang='lat' dir='ltr'>   </span> 
     </span>
     <span class='ocr_line' id='line_1_76' title="bbox 1254 2514 1273 2654; baseline 0 0"><span class='ocrx_word' id='word_1_467' title='bbox 1254 2514 1273 2654; x_wconf 95' lang='lat' dir='ltr'>  </span> 
     </span>
     <span class='ocr_line' id='line_1_77' title="bbox 1255 2654 1282 3488; baseline 0 -733"><span class='ocrx_word' id='word_1_468' title='bbox 1255 2654 1282 3488; x_wconf 95' lang='lat' dir='ltr'>     </span> 
     </span>
    </p>
   </div>
   <div class='ocr_carea' id='block_1_7' title="bbox 394 2214 1255 2291">
    <p class='ocr_par' dir='ltr' id='par_1_8' title="bbox 394 2214 1255 2291">
     <span class='ocr_line' id='line_1_78' title="bbox 394 2214 1255 2291; baseline -0.005 -16"><span class='ocrx_word' id='word_1_469' title='bbox 394 2253 445 2291; x_wconf 83' lang='lat'>33.</span> <span class='ocrx_word' id='word_1_470' title='bbox 473 2240 575 2290; x_wconf 84' lang='lat' dir='ltr'>Qod</span> <span class='ocrx_word' id='word_1_471' title='bbox 599 2251 708 2274; x_wconf 90' lang='lat' dir='ltr'>earum</span> <span class='ocrx_word' id='word_1_472' title='bbox 733 2239 909 2283; x_wconf 81' lang='lat' dir='ltr'>fignificata</span> <span class='ocrx_word' id='word_1_473' title='bbox 932 2238 1013 2278; x_wconf 81' lang='lat' dir='ltr'>fint,</span> <span class='ocrx_word' id='word_1_474' title='bbox 1041 2214 1220 2281; x_wconf 73' lang='lat' dir='ltr'>nunquam¹</span> <span class='ocrx_word' id='word_1_475' title='bbox 1252 2274 1255 2279; x_wconf 62' lang='grc'><strong>,</strong></span> 
     </span>
    </p>
   </div>
   <div class='ocr_carea' id='block_1_8' title="bbox 969 105 1575 169">
    <p class='ocr_par' dir='ltr' id='par_1_9' title="bbox 969 105 1575 169">
     <span class='ocr_line' id='line_1_79' title="bbox 969 105 1575 169; baseline 0.002 -15"><span class='ocrx_word' id='word_1_476' title='bbox 969 108 1128 154; x_wconf 80' lang='lat' dir='ltr'>DrsP.</span> <span class='ocrx_word' id='word_1_477' title='bbox 1164 105 1285 155; x_wconf 82' lang='lat' dir='ltr'><strong>XIV.</strong></span> <span class='ocrx_word' id='word_1_478' title='bbox 1326 110 1465 157; x_wconf 76' lang='lat' dir='ltr'>Dun.</span> <span class='ocrx_word' id='word_1_479' title='bbox 1501 109 1575 169; x_wconf 17' lang='lat' dir='ltr'>V.-</span> 
     </span>
    </p>
   </div>
   <div class='ocr_carea' id='block_1_9' title="bbox 1257 189 2138 1287">
    <p class='ocr_par' dir='ltr' id='par_1_10' title="bbox 1257 189 2132 340">
     <span class='ocr_line' id='line_1_80' title="bbox 1257 189 2132 238; baseline 0.001 -11"><span class='ocrx_word' id='word_1_480' title='bbox 1257 193 1388 229; x_wconf 83' lang='lat' dir='ltr'>ficatum</span> <span class='ocrx_word' id='word_1_481' title='bbox 1411 192 1552 229; x_wconf 85' lang='lat' dir='ltr'>formale</span> <span class='ocrx_word' id='word_1_482' title='bbox 1569 189 1772 236; x_wconf 72' lang='lat' dir='ltr'>adaequatum</span> <span class='ocrx_word' id='word_1_483' title='bbox 1793 194 1884 229; x_wconf 74' lang='lat' dir='ltr'>vocis</span> <span class='ocrx_word' id='word_1_484' title='bbox 1910 193 1993 228; x_wconf 76' lang='lat' dir='ltr'><em>bomo</em></span> <span class='ocrx_word' id='word_1_485' title='bbox 2015 207 2023 228; x_wconf 73' lang='grc' dir='ltr'><strong><em>ε</em></strong></span> <span class='ocrx_word' id='word_1_486' title='bbox 2052 204 2132 238; x_wconf 86' lang='lat' dir='ltr'>ergo</span> 
     </span>
     <span class='ocr_line' id='line_1_81' title="bbox 1258 242 2132 288; baseline -0.001 -10"><span class='ocrx_word' id='word_1_487' title='bbox 1258 246 1446 279; x_wconf 76' lang='lat' dir='ltr'>animalitas</span> <span class='ocrx_word' id='word_1_488' title='bbox 1467 244 1514 280; x_wconf 90' lang='lat' dir='ltr'>est</span> <span class='ocrx_word' id='word_1_489' title='bbox 1537 244 1608 288; x_wconf 81' lang='lat' dir='ltr'>ejus</span> <span class='ocrx_word' id='word_1_490' title='bbox 1630 242 1848 288; x_wconf 68' lang='lat' dir='ltr'>significatum</span> <span class='ocrx_word' id='word_1_491' title='bbox 1857 245 1996 280; x_wconf 79' lang='lat' dir='ltr'>formale</span> <span class='ocrx_word' id='word_1_492' title='bbox 2017 244 2132 279; x_wconf 87' lang='lat' dir='ltr'>inadae-</span> 
     </span>
     <span class='ocr_line' id='line_1_82' title="bbox 1259 303 1948 340; baseline -0.003 -11"><span class='ocrx_word' id='word_1_493' title='bbox 1259 303 1411 340; x_wconf 82' lang='lat' dir='ltr'>quatum.</span> <span class='ocrx_word' id='word_1_494' title='bbox 1829 311 1831 318; x_wconf 54' lang='lat'>1</span> <span class='ocrx_word' id='word_1_495' title='bbox 1897 325 1900 327; x_wconf 83' lang='lat'>.</span> <span class='ocrx_word' id='word_1_496' title='bbox 1921 310 1925 315; x_wconf 87' lang='lat'>·</span> <span class='ocrx_word' id='word_1_497' title='bbox 1943 310 1948 317; x_wconf 75' lang='lat'>=</span> 
     </span>
    </p>

    <p class='ocr_par' dir='ltr' id='par_1_11' title="bbox 1261 342 2138 1287">
     <span class='ocr_line' id='line_1_83' title="bbox 1309 342 2130 392; baseline 0 -13"><span class='ocrx_word' id='word_1_498' title='bbox 1309 355 1365 392; x_wconf 85' lang='lat'>34.</span> <span class='ocrx_word' id='word_1_499' title='bbox 1393 348 1438 378; x_wconf 86' lang='lat' dir='ltr'>Et</span> <span class='ocrx_word' id='word_1_500' title='bbox 1467 345 1654 391; x_wconf 65' lang='lat' dir='ltr'>confirmatur</span> <span class='ocrx_word' id='word_1_501' title='bbox 1675 356 1684 376; x_wconf 91' lang='lat'><strong>:</strong></span> <span class='ocrx_word' id='word_1_502' title='bbox 1722 342 1816 388; x_wconf 80' lang='lat' dir='ltr'>Quia</span> <span class='ocrx_word' id='word_1_503' title='bbox 1839 354 1936 378; x_wconf 79' lang='lat' dir='ltr'>voces</span> <span class='ocrx_word' id='word_1_504' title='bbox 1951 345 2130 389; x_wconf 72' lang='lat' dir='ltr'>synonimae</span> 
     </span>
     <span class='ocr_line' id='line_1_84' title="bbox 1261 393 2131 440; baseline -0.001 -11"><span class='ocrx_word' id='word_1_505' title='bbox 1261 394 1380 429; x_wconf 78' lang='lat' dir='ltr'>habere</span> <span class='ocrx_word' id='word_1_506' title='bbox 1391 393 1511 430; x_wconf 83' lang='lat' dir='ltr'>debent</span> <span class='ocrx_word' id='word_1_507' title='bbox 1524 396 1612 429; x_wconf 88' lang='lat' dir='ltr'>idem</span> <span class='ocrx_word' id='word_1_508' title='bbox 1625 395 1839 440; x_wconf 84' lang='lat' dir='ltr'>fignificatum</span> <span class='ocrx_word' id='word_1_509' title='bbox 1851 395 2010 429; x_wconf 73' lang='lat' dir='ltr'>formalet</span> <span class='ocrx_word' id='word_1_510' title='bbox 2034 396 2131 430; x_wconf 91' lang='lat' dir='ltr'>adeo-</span> 
     </span>
     <span class='ocr_line' id='line_1_85' title="bbox 1262 443 2132 490; baseline 0.001 -12"><span class='ocrx_word' id='word_1_511' title='bbox 1262 455 1325 489; x_wconf 88' lang='lat' dir='ltr'>que</span> <span class='ocrx_word' id='word_1_512' title='bbox 1336 443 1418 478; x_wconf 86' lang='lat' dir='ltr'>illud</span> <span class='ocrx_word' id='word_1_513' title='bbox 1430 468 1442 484; x_wconf 88' lang='lat'><em>‚</em></span> <span class='ocrx_word' id='word_1_514' title='bbox 1467 443 1555 489; x_wconf 85' lang='lat' dir='ltr'>quod</span> <span class='ocrx_word' id='word_1_515' title='bbox 1569 445 1614 479; x_wconf 87' lang='lat' dir='ltr'>est</span> <span class='ocrx_word' id='word_1_516' title='bbox 1627 445 1845 490; x_wconf 80' lang='lat' dir='ltr'>significatum</span> <span class='ocrx_word' id='word_1_517' title='bbox 1857 443 1994 478; x_wconf 87' lang='lat' dir='ltr'>formale</span> <span class='ocrx_word' id='word_1_518' title='bbox 2006 443 2042 477; x_wconf 82' lang='lat' dir='ltr'>in</span> <span class='ocrx_word' id='word_1_519' title='bbox 2051 456 2132 487; x_wconf 85' lang='lat' dir='ltr'>uua,</span> 
     </span>
     <span class='ocr_line' id='line_1_86' title="bbox 1261 493 2132 540; baseline -0.002 -12"><span class='ocrx_word' id='word_1_520' title='bbox 1261 495 1362 528; x_wconf 86' lang='lat' dir='ltr'>etiam</span> <span class='ocrx_word' id='word_1_521' title='bbox 1372 495 1447 528; x_wconf 76' lang='lat' dir='ltr'>&#39;effe</span> <span class='ocrx_word' id='word_1_522' title='bbox 1471 493 1570 529; x_wconf 86' lang='lat' dir='ltr'>debet</span> <span class='ocrx_word' id='word_1_523' title='bbox 1578 495 1713 530; x_wconf 84' lang='lat' dir='ltr'>formale</span> <span class='ocrx_word' id='word_1_524' title='bbox 1724 494 1940 540; x_wconf 83' lang='lat' dir='ltr'>fignificatum</span> <span class='ocrx_word' id='word_1_525' title='bbox 1953 494 1986 528; x_wconf 91' lang='lat' dir='ltr'>in</span> <span class='ocrx_word' id='word_1_526' title='bbox 2001 493 2064 527; x_wconf 86' lang='lat' dir='ltr'>alia</span> <span class='ocrx_word' id='word_1_527' title='bbox 2076 504 2132 527; x_wconf 81' lang='lat' dir='ltr'>vo-</span> 
     </span>
     <span class='ocr_line' id='line_1_87' title="bbox 1261 541 2133 589; baseline -0.005 -10"><span class='ocrx_word' id='word_1_528' title='bbox 1261 556 1299 579; x_wconf 88' lang='lat' dir='ltr'>ce</span> <span class='ocrx_word' id='word_1_529' title='bbox 1323 543 1517 588; x_wconf 79' lang='lat' dir='ltr'>synonima.</span> <span class='ocrx_word' id='word_1_530' title='bbox 1543 544 1678 587; x_wconf 86' lang='lat' dir='ltr'>Atqui,</span> <span class='ocrx_word' id='word_1_531' title='bbox 1704 556 1740 579; x_wconf 87' lang='lat' dir='ltr'>ut</span> <span class='ocrx_word' id='word_1_532' title='bbox 1761 545 1853 589; x_wconf 84' lang='lat' dir='ltr'>supra</span> <span class='ocrx_word' id='word_1_533' title='bbox 1876 545 1972 584; x_wconf 85' lang='lat' dir='ltr'>dixi,</span> <span class='ocrx_word' id='word_1_534' title='bbox 1997 554 2064 577; x_wconf 82' lang='lat' dir='ltr'>vox</span> <span class='ocrx_word' id='word_1_535' title='bbox 2086 541 2133 575; x_wconf 83' lang='lat' dir='ltr'>bo·</span> 
     </span>
     <span class='ocr_line' id='line_1_88' title="bbox 1262 591 2135 637; baseline -0.001 -10"><span class='ocrx_word' id='word_1_536' title='bbox 1262 606 1307 627; x_wconf 79' lang='lat' dir='ltr'>mo</span> <span class='ocrx_word' id='word_1_537' title='bbox 1321 619 1333 635; x_wconf 91' lang='lat'>‚</span> <span class='ocrx_word' id='word_1_538' title='bbox 1356 595 1390 627; x_wconf 75' lang='grc' dir='ltr'>δε</span> <span class='ocrx_word' id='word_1_539' title='bbox 1411 600 1477 629; x_wconf 82' lang='lat' dir='ltr'>vox</span> <span class='ocrx_word' id='word_1_540' title='bbox 1501 595 1770 629; x_wconf 71' lang='lat' dir='ltr'>animal-rationale</span> <span class='ocrx_word' id='word_1_541' title='bbox 1793 597 1869 630; x_wconf 89' lang='lat' dir='ltr'>sunt</span> <span class='ocrx_word' id='word_1_542' title='bbox 1890 605 1987 629; x_wconf 84' lang='lat' dir='ltr'>voces</span> <span class='ocrx_word' id='word_1_543' title='bbox 2001 591 2135 637; x_wconf 87' lang='lat' dir='ltr'>synoni-</span> 
     </span>
     <span class='ocr_line' id='line_1_89' title="bbox 1263 643 2136 689; baseline -0.003 -11"><span class='ocrx_word' id='word_1_544' title='bbox 1263 655 1337 678; x_wconf 76' lang='lat' dir='ltr'>mz:</span> <span class='ocrx_word' id='word_1_545' title='bbox 1366 655 1446 689; x_wconf 86' lang='lat' dir='ltr'>ergo</span> <span class='ocrx_word' id='word_1_546' title='bbox 1467 643 1549 678; x_wconf 87' lang='lat' dir='ltr'>illud</span> <span class='ocrx_word' id='word_1_547' title='bbox 1561 668 1572 684; x_wconf 89' lang='lat'>,</span> <span class='ocrx_word' id='word_1_548' title='bbox 1598 644 1688 687; x_wconf 90' lang='lat' dir='ltr'>quod</span> <span class='ocrx_word' id='word_1_549' title='bbox 1705 643 1751 677; x_wconf 86' lang='lat' dir='ltr'>est</span> <span class='ocrx_word' id='word_1_550' title='bbox 1768 644 1905 679; x_wconf 84' lang='lat' dir='ltr'>formale</span> <span class='ocrx_word' id='word_1_551' title='bbox 1915 644 2136 689; x_wconf 69' lang='lat' dir='ltr'>significatum</span> 
     </span>
     <span class='ocr_line' id='line_1_90' title="bbox 1263 690 2136 737; baseline -0.005 -8"><span class='ocrx_word' id='word_1_552' title='bbox 1263 696 1360 729; x_wconf 90' lang='lat' dir='ltr'>unius</span> <span class='ocrx_word' id='word_1_553' title='bbox 1374 718 1385 734; x_wconf 90' lang='lat'>‚</span> <span class='ocrx_word' id='word_1_554' title='bbox 1410 694 1455 728; x_wconf 87' lang='lat' dir='ltr'>est</span> <span class='ocrx_word' id='word_1_555' title='bbox 1477 695 1577 729; x_wconf 84' lang='lat' dir='ltr'>etiam</span> <span class='ocrx_word' id='word_1_556' title='bbox 1592 693 1731 737; x_wconf 68' lang='lat' dir='ltr'>formale</span> <span class='ocrx_word' id='word_1_557' title='bbox 1751 694 1882 729; x_wconf 79' lang='lat' dir='ltr'>alterius</span> <span class='ocrx_word' id='word_1_558' title='bbox 1908 695 2018 729; x_wconf 83' lang='lat' dir='ltr'>vocis:</span> <span class='ocrx_word' id='word_1_559' title='bbox 2043 690 2136 736; x_wconf 87' lang='lat' dir='ltr'>atqui</span> 
     </span>
     <span class='ocr_line' id='line_1_91' title="bbox 1264 743 2138 787; baseline -0.002 -9"><span class='ocrx_word' id='word_1_560' title='bbox 1264 744 1447 778; x_wconf 82' lang='lat' dir='ltr'>animalitas</span> <span class='ocrx_word' id='word_1_561' title='bbox 1477 744 1521 778; x_wconf 89' lang='lat' dir='ltr'>est</span> <span class='ocrx_word' id='word_1_562' title='bbox 1549 743 1766 787; x_wconf 63' lang='lat' dir='ltr'>significatum</span> <span class='ocrx_word' id='word_1_563' title='bbox 1793 743 1930 778; x_wconf 77' lang='lat' dir='ltr'>formale</span> <span class='ocrx_word' id='word_1_564' title='bbox 1953 744 2138 787; x_wconf 84' lang='lat' dir='ltr'>inadaequa·</span> 
     </span>
     <span class='ocr_line' id='line_1_92' title="bbox 1263 792 2131 830; baseline -0.003 -2"><span class='ocrx_word' id='word_1_565' title='bbox 1263 804 1332 829; x_wconf 88' lang='lat' dir='ltr'>tum</span> <span class='ocrx_word' id='word_1_566' title='bbox 1359 795 1450 829; x_wconf 77' lang='lat' dir='ltr'>vocis</span> <span class='ocrx_word' id='word_1_567' title='bbox 1472 795 1770 828; x_wconf 73' lang='lat' dir='ltr'>animal-rationale:</span> <span class='ocrx_word' id='word_1_568' title='bbox 1796 804 1832 828; x_wconf 82' lang='lat' dir='ltr'>ut</span> <span class='ocrx_word' id='word_1_569' title='bbox 1843 793 1966 830; x_wconf 78' lang='lat' dir='ltr'>clarum</span> <span class='ocrx_word' id='word_1_570' title='bbox 1976 793 2021 828; x_wconf 87' lang='lat' dir='ltr'>est</span> <span class='ocrx_word' id='word_1_571' title='bbox 2038 817 2046 826; x_wconf 91' lang='lat'><strong>.</strong></span> <span class='ocrx_word' id='word_1_572' title='bbox 2075 792 2131 826; x_wconf 75' lang='lat' dir='ltr'>Et·</span> 
     </span>
     <span class='ocr_line' id='line_1_93' title="bbox 1264 843 2134 889; baseline -0.006 -10"><span class='ocrx_word' id='word_1_573' title='bbox 1264 856 1308 887; x_wconf 81' lang='lat' dir='ltr'>go</span> <span class='ocrx_word' id='word_1_574' title='bbox 1332 844 1476 878; x_wconf 80' lang='lat' dir='ltr'>(imiliter</span> <span class='ocrx_word' id='word_1_575' title='bbox 1494 845 1538 879; x_wconf 84' lang='lat' dir='ltr'>est</span> <span class='ocrx_word' id='word_1_576' title='bbox 1551 845 1688 878; x_wconf 78' lang='lat' dir='ltr'>formale</span> <span class='ocrx_word' id='word_1_577' title='bbox 1703 843 1921 889; x_wconf 80' lang='lat' dir='ltr'>fignificatum</span> <span class='ocrx_word' id='word_1_578' title='bbox 1932 844 2020 879; x_wconf 83' lang='lat' dir='ltr'>vocis</span> <span class='ocrx_word' id='word_1_579' title='bbox 2031 843 2134 876; x_wconf 81' lang='lat' dir='ltr'>bomo.</span> 
     </span>
     <span class='ocr_line' id='line_1_94' title="bbox 1267 893 2136 936; baseline -0.002 -8"><span class='ocrx_word' id='word_1_580' title='bbox 1267 895 1346 929; x_wconf 82' lang='lat' dir='ltr'>Haec</span> <span class='ocrx_word' id='word_1_581' title='bbox 1366 894 1536 929; x_wconf 60' lang='lat' dir='ltr'>haetenus:</span> <span class='ocrx_word' id='word_1_582' title='bbox 1565 893 1796 928; x_wconf 87' lang='lat' dir='ltr'>Nihilominus</span> <span class='ocrx_word' id='word_1_583' title='bbox 1817 905 1946 936; x_wconf 87' lang='lat' dir='ltr'>tamen,</span> <span class='ocrx_word' id='word_1_584' title='bbox 1970 895 2019 929; x_wconf 87' lang='lat' dir='ltr'>uti</span> <span class='ocrx_word' id='word_1_585' title='bbox 2031 893 2136 927; x_wconf 69' lang='lat' dir='ltr'>haste-</span> 
     </span>
     <span class='ocr_line' id='line_1_95' title="bbox 1266 942 2136 988; baseline -0.003 -9"><span class='ocrx_word' id='word_1_586' title='bbox 1266 955 1327 980; x_wconf 83' lang='lat' dir='ltr'>nus</span> <span class='ocrx_word' id='word_1_587' title='bbox 1346 945 1484 986; x_wconf 85' lang='lat' dir='ltr'>vocavi,</span> <span class='ocrx_word' id='word_1_588' title='bbox 1511 945 1551 979; x_wconf 85' lang='lat' dir='ltr'>sic</span> <span class='ocrx_word' id='word_1_589' title='bbox 1563 944 1671 979; x_wconf 89' lang='lat' dir='ltr'>adhuc</span> <span class='ocrx_word' id='word_1_590' title='bbox 1691 944 1727 978; x_wconf 83' lang='lat' dir='ltr'>in</span> <span class='ocrx_word' id='word_1_591' title='bbox 1749 943 1911 988; x_wconf 87' lang='lat' dir='ltr'>posterum</span> <span class='ocrx_word' id='word_1_592' title='bbox 1937 942 2062 979; x_wconf 81' lang='lat' dir='ltr'>vocabo</span> <span class='ocrx_word' id='word_1_593' title='bbox 2087 944 2136 977; x_wconf 72' lang='lat' dir='ltr'>su-</span> 
     </span>
     <span class='ocr_line' id='line_1_96' title="bbox 1264 991 2137 1039; baseline -0.003 -10"><span class='ocrx_word' id='word_1_594' title='bbox 1264 995 1390 1039; x_wconf 81' lang='lat' dir='ltr'>petiora</span> <span class='ocrx_word' id='word_1_595' title='bbox 1421 1005 1540 1030; x_wconf 88' lang='lat' dir='ltr'>vocum</span> <span class='ocrx_word' id='word_1_596' title='bbox 1563 994 1754 1028; x_wconf 82' lang='lat' dir='ltr'>inferiorum</span> <span class='ocrx_word' id='word_1_597' title='bbox 1779 995 1956 1039; x_wconf 76' lang='lat' dir='ltr'>significata</span> <span class='ocrx_word' id='word_1_598' title='bbox 1980 991 2137 1028; x_wconf 84' lang='lat' dir='ltr'>secunda·</span> 
     </span>
     <span class='ocr_line' id='line_1_97' title="bbox 1265 1044 2137 1090; baseline -0.002 -10"><span class='ocrx_word' id='word_1_599' title='bbox 1265 1047 1333 1080; x_wconf 84' lang='lat' dir='ltr'>ria:</span> <span class='ocrx_word' id='word_1_600' title='bbox 1362 1045 1384 1079; x_wconf 80' lang='lat' dir='ltr'><strong>fi</strong></span> <span class='ocrx_word' id='word_1_601' title='bbox 1405 1056 1471 1090; x_wconf 82' lang='lat' dir='ltr'>ego</span> <span class='ocrx_word' id='word_1_602' title='bbox 1491 1055 1597 1079; x_wconf 79' lang='lat' dir='ltr'>errem</span> <span class='ocrx_word' id='word_1_603' title='bbox 1620 1068 1631 1085; x_wconf 84' lang='lat'>‚</span> <span class='ocrx_word' id='word_1_604' title='bbox 1658 1054 1764 1078; x_wconf 73' lang='lat' dir='ltr'>errant</span> <span class='ocrx_word' id='word_1_605' title='bbox 1787 1044 1912 1087; x_wconf 82' lang='lat' dir='ltr'>plures.</span> <span class='ocrx_word' id='word_1_606' title='bbox 1938 1045 2020 1079; x_wconf 76' lang='lat' dir='ltr'>Haec</span> <span class='ocrx_word' id='word_1_607' title='bbox 2044 1054 2137 1089; x_wconf 86' lang='lat' dir='ltr'>argu·</span> 
     </span>
     <span class='ocr_line' id='line_1_98' title="bbox 1265 1092 2138 1137; baseline -0.002 -8"><span class='ocrx_word' id='word_1_608' title='bbox 1265 1104 1376 1130; x_wconf 76' lang='lat' dir='ltr'>menta</span> <span class='ocrx_word' id='word_1_609' title='bbox 1411 1093 1626 1130; x_wconf 75' lang='lat' dir='ltr'>solummodo</span> <span class='ocrx_word' id='word_1_610' title='bbox 1655 1092 1710 1127; x_wconf 86' lang='lat' dir='ltr'>hic</span> <span class='ocrx_word' id='word_1_611' title='bbox 1732 1092 1827 1137; x_wconf 87' lang='lat' dir='ltr'>posui</span> <span class='ocrx_word' id='word_1_612' title='bbox 1851 1118 1863 1135; x_wconf 86' lang='lat'>‚</span> <span class='ocrx_word' id='word_1_613' title='bbox 1888 1103 1934 1129; x_wconf 52' lang='lat' dir='ltr'>‚ut</span> <span class='ocrx_word' id='word_1_614' title='bbox 1955 1104 2070 1129; x_wconf 87' lang='lat' dir='ltr'>omnes</span> <span class='ocrx_word' id='word_1_615' title='bbox 2090 1093 2138 1127; x_wconf 88' lang='lat' dir='ltr'>vi·</span> 
     </span>
     <span class='ocr_line' id='line_1_99' title="bbox 1265 1140 2137 1189; baseline -0.003 -10"><span class='ocrx_word' id='word_1_616' title='bbox 1265 1147 1383 1186; x_wconf 83' lang='lat' dir='ltr'>deant,</span> <span class='ocrx_word' id='word_1_617' title='bbox 1403 1155 1477 1189; x_wconf 79' lang='lat' dir='ltr'>quo</span> <span class='ocrx_word' id='word_1_618' title='bbox 1497 1144 1572 1188; x_wconf 90' lang='lat' dir='ltr'>Jure</span> <span class='ocrx_word' id='word_1_619' title='bbox 1594 1143 1757 1187; x_wconf 83' lang='lat' dir='ltr'>superiora</span> <span class='ocrx_word' id='word_1_620' title='bbox 1783 1140 1936 1178; x_wconf 62' lang='lat' dir='ltr'>haetenus</span> <span class='ocrx_word' id='word_1_621' title='bbox 1947 1154 2064 1179; x_wconf 81' lang='lat' dir='ltr'>vocata</span> <span class='ocrx_word' id='word_1_622' title='bbox 2074 1143 2137 1176; x_wconf 75' lang='lat' dir='ltr'>fiat</span> 
     </span>
     <span class='ocr_line' id='line_1_100' title="bbox 1267 1192 2138 1238; baseline 0 -10"><span class='ocrx_word' id='word_1_623' title='bbox 1267 1204 1384 1228; x_wconf 86' lang='lat' dir='ltr'>vocum</span> <span class='ocrx_word' id='word_1_624' title='bbox 1404 1195 1597 1229; x_wconf 82' lang='lat' dir='ltr'>inferiorum</span> <span class='ocrx_word' id='word_1_625' title='bbox 1624 1194 1802 1238; x_wconf 74' lang='lat' dir='ltr'>significata</span> <span class='ocrx_word' id='word_1_626' title='bbox 1825 1193 2033 1228; x_wconf 80' lang='lat' dir='ltr'>secundaria.</span> <span class='ocrx_word' id='word_1_627' title='bbox 2060 1192 2138 1228; x_wconf 72' lang='lat' dir='ltr'>Pro·</span> 
     </span>
     <span class='ocr_line' id='line_1_101' title="bbox 1265 1242 2039 1287; baseline -0.004 -7"><span class='ocrx_word' id='word_1_628' title='bbox 1265 1243 1372 1287; x_wconf 64' lang='lat' dir='ltr'>fecto,</span> <span class='ocrx_word' id='word_1_629' title='bbox 1397 1255 1435 1280; x_wconf 87' lang='lat' dir='ltr'>ut</span> <span class='ocrx_word' id='word_1_630' title='bbox 1461 1243 1545 1279; x_wconf 86' lang='lat' dir='ltr'>mihi</span> <span class='ocrx_word' id='word_1_631' title='bbox 1570 1242 1716 1286; x_wconf 85' lang='lat' dir='ltr'>videtur,</span> <span class='ocrx_word' id='word_1_632' title='bbox 1742 1255 1813 1279; x_wconf 82' lang='lat' dir='ltr'>non</span> <span class='ocrx_word' id='word_1_633' title='bbox 1835 1242 1928 1280; x_wconf 74' lang='lat' dir='ltr'>valde</span> <span class='ocrx_word' id='word_1_634' title='bbox 1938 1242 2039 1280; x_wconf 85' lang='lat' dir='ltr'>bene.</span> 
     </span>
    </p>
   </div>
   <div class='ocr_carea' id='block_1_10' title="bbox 1372 1315 2073 1402">
    <p class='ocr_par' dir='ltr' id='par_1_12' title="bbox 1372 1315 2073 1402">
     <span class='ocr_line' id='line_1_102' title="bbox 1372 1315 2073 1402; baseline -0.003 0"><span class='ocrx_word' id='word_1_635' title='bbox 1372 1316 2024 1402; x_wconf 33' lang='lat' dir='ltr'>DIS‘PUTAT‘iorxv.</span> <span class='ocrx_word' id='word_1_636' title='bbox 2067 1315 2073 1320; x_wconf 25' lang='grc' dir='ltr'>Ι</span> 
     </span>
    </p>
   </div>
   <div class='ocr_carea' id='block_1_11' title="bbox 1337 1476 2075 1687">
    <p class='ocr_par' dir='ltr' id='par_1_13' title="bbox 1337 1476 2075 1687">
     <span class='ocr_line' id='line_1_103' title="bbox 1337 1476 2075 1548; baseline -0.003 -21"><span class='ocrx_word' id='word_1_637' title='bbox 1337 1485 1398 1527; x_wconf 85' lang='lat' dir='ltr'>De</span> <span class='ocrx_word' id='word_1_638' title='bbox 1446 1478 1668 1546; x_wconf 77' lang='lat' dir='ltr'>quibufilam</span> <span class='ocrx_word' id='word_1_639' title='bbox 1712 1478 1974 1548; x_wconf 80' lang='lat' dir='ltr'>prae-ambulis</span> <span class='ocrx_word' id='word_1_640' title='bbox 2022 1476 2075 1525; x_wconf 81' lang='lat' dir='ltr'>ad</span> 
     </span>
     <span class='ocr_line' id='line_1_104' title="bbox 1407 1552 2007 1618; baseline 0.002 -22"><span class='ocrx_word' id='word_1_641' title='bbox 1407 1566 1564 1616; x_wconf 72' lang='lat' dir='ltr'>quatuor</span> <span class='ocrx_word' id='word_1_642' title='bbox 1603 1554 1743 1618; x_wconf 79' lang='lat' dir='ltr'>species</span> <span class='ocrx_word' id='word_1_643' title='bbox 1793 1552 2007 1616; x_wconf 78' lang='lat' dir='ltr'>acceptionis</span> 
     </span>
     <span class='ocr_line' id='line_1_105' title="bbox 1471 1618 1937 1687; baseline 0.004 -21"><span class='ocrx_word' id='word_1_644' title='bbox 1471 1618 1678 1687; x_wconf 55' lang='lat' dir='ltr'>personalis</span> <span class='ocrx_word' id='word_1_645' title='bbox 1713 1624 1911 1668; x_wconf 75' lang='lat' dir='ltr'>communis</span> <span class='ocrx_word' id='word_1_646' title='bbox 1924 1655 1937 1668; x_wconf 90' lang='lat'><strong>.</strong></span> 
     </span>
    </p>
   </div>
   <div class='ocr_carea' id='block_1_12' title="bbox 1275 1794 2153 2038">
    <p class='ocr_par' dir='ltr' id='par_1_14' title="bbox 1275 1794 2153 2038">
     <span class='ocr_line' id='line_1_106' title="bbox 1385 1794 2149 1838; baseline 0 -10"><span class='ocrx_word' id='word_1_647' title='bbox 1385 1797 1450 1829; x_wconf 85' lang='lat' dir='ltr'>cies</span> <span class='ocrx_word' id='word_1_648' title='bbox 1473 1796 1553 1830; x_wconf 86' lang='lat' dir='ltr'>scitu</span> <span class='ocrx_word' id='word_1_649' title='bbox 1583 1798 1787 1831; x_wconf 79' lang='lat' dir='ltr'>neceffarias:</span> <span class='ocrx_word' id='word_1_650' title='bbox 1815 1797 1968 1831; x_wconf 89' lang='lat' dir='ltr'>videlicet</span> <span class='ocrx_word' id='word_1_651' title='bbox 1990 1794 2149 1838; x_wconf 77' lang='lat' dir='ltr'>copulati-</span> 
     </span>
     <span class='ocr_line' id='line_1_107' title="bbox 1385 1841 2149 1889; baseline -0.003 -10"><span class='ocrx_word' id='word_1_652' title='bbox 1385 1856 1458 1879; x_wconf 85' lang='lat' dir='ltr'>vam</span> <span class='ocrx_word' id='word_1_653' title='bbox 1468 1870 1480 1886; x_wconf 89' lang='lat'>,</span> <span class='ocrx_word' id='word_1_654' title='bbox 1505 1847 1692 1889; x_wconf 80' lang='lat' dir='ltr'>copulatam</span> <span class='ocrx_word' id='word_1_655' title='bbox 1703 1872 1714 1888; x_wconf 90' lang='lat'>‚</span> <span class='ocrx_word' id='word_1_656' title='bbox 1726 1845 1806 1880; x_wconf 79' lang='lat' dir='ltr'>disin</span> <span class='ocrx_word' id='word_1_657' title='bbox 1813 1847 1950 1881; x_wconf 69' lang='lat' dir='ltr'>nstivam</span> <span class='ocrx_word' id='word_1_658' title='bbox 1962 1841 2018 1886; x_wconf 54' lang='grc' dir='ltr'>,ἃ</span> <span class='ocrx_word' id='word_1_659' title='bbox 2027 1842 2149 1878; x_wconf 77' lang='lat' dir='ltr'>difiun-</span> 
     </span>
     <span class='ocr_line' id='line_1_108' title="bbox 1382 1893 2149 1940; baseline -0.004 -10"><span class='ocrx_word' id='word_1_660' title='bbox 1382 1896 1495 1929; x_wconf 62' lang='lat' dir='ltr'>etam..</span> <span class='ocrx_word' id='word_1_661' title='bbox 1517 1896 1577 1933; x_wconf 75' lang='lat' dir='ltr'>Ast</span> <span class='ocrx_word' id='word_1_662' title='bbox 1602 1895 1651 1931; x_wconf 80' lang='lat' dir='ltr'>hae</span> <span class='ocrx_word' id='word_1_663' title='bbox 1671 1896 1817 1940; x_wconf 87' lang='lat' dir='ltr'>intelligi</span> <span class='ocrx_word' id='word_1_664' title='bbox 1830 1895 2063 1939; x_wconf 68' lang='lat' dir='ltr'>nonpossint,</span> <span class='ocrx_word' id='word_1_665' title='bbox 2090 1893 2149 1927; x_wconf 77' lang='lat' dir='ltr'>nifi</span> 
     </span>
     <span class='ocr_line' id='line_1_109' title="bbox 1276 1943 2150 1985; baseline 0.002 -11"><span class='ocrx_word' id='word_1_666' title='bbox 1276 1943 1364 1984; x_wconf 66' lang='lat' dir='ltr'>prius</span> <span class='ocrx_word' id='word_1_667' title='bbox 1384 1944 1502 1979; x_wconf 72' lang='lat' dir='ltr'>sciatur</span> <span class='ocrx_word' id='word_1_668' title='bbox 1513 1955 1625 1978; x_wconf 83' lang='lat' dir='ltr'>natura</span> <span class='ocrx_word' id='word_1_669' title='bbox 1638 1969 1650 1985; x_wconf 95' lang='lat'>,</span> <span class='ocrx_word' id='word_1_670' title='bbox 1674 1946 1816 1978; x_wconf 81' lang='lat' dir='ltr'>efficacia</span> <span class='ocrx_word' id='word_1_671' title='bbox 1829 1969 1840 1984; x_wconf 85' lang='lat'>,</span> <span class='ocrx_word' id='word_1_672' title='bbox 1858 1957 1904 1978; x_wconf 55' lang='lat' dir='ltr'>mc</span> <span class='ocrx_word' id='word_1_673' title='bbox 1917 1945 2065 1978; x_wconf 73' lang='lat' dir='ltr'>officium</span> <span class='ocrx_word' id='word_1_674' title='bbox 2075 1944 2150 1976; x_wconf 72' lang='lat' dir='ltr'>tui-</span> 
     </span>
     <span class='ocr_line' id='line_1_110' title="bbox 1275 1991 2153 2038; baseline 0.001 -13"><span class='ocrx_word' id='word_1_675' title='bbox 1275 1991 1359 2035; x_wconf 82' lang='lat' dir='ltr'>figni</span> <span class='ocrx_word' id='word_1_676' title='bbox 1379 1993 1729 2038; x_wconf 71' lang='lat' dir='ltr'>syncategorematici,</span> <span class='ocrx_word' id='word_1_677' title='bbox 1753 2004 1823 2028; x_wconf 91' lang='lat' dir='ltr'>tum</span> <span class='ocrx_word' id='word_1_678' title='bbox 1845 1993 2087 2036; x_wconf 66' lang='lat' dir='ltr'>conjunstmis</span> <span class='ocrx_word' id='word_1_679' title='bbox 2097 2003 2153 2026; x_wconf 91' lang='lat' dir='ltr'>co-</span> 
     </span>
    </p>
   </div>
   <div class='ocr_carea' id='block_1_13' title="bbox 1276 2041 2154 2134">
    <p class='ocr_par' dir='ltr' id='par_1_15' title="bbox 1276 2041 2154 2134">
     <span class='ocr_line' id='line_1_111' title="bbox 1276 2041 2154 2090; baseline 0.006 -16"><span class='ocrx_word' id='word_1_680' title='bbox 1276 2043 1428 2084; x_wconf 65' lang='lat' dir='ltr'>pulativae</span> <span class='ocrx_word' id='word_1_681' title='bbox 1447 2067 1457 2082; x_wconf 91' lang='lat'>,</span> <span class='ocrx_word' id='word_1_682' title='bbox 1492 2055 1531 2078; x_wconf 86' lang='lat' dir='ltr'>ac</span> <span class='ocrx_word' id='word_1_683' title='bbox 1553 2043 1751 2080; x_wconf 69' lang='lat' dir='ltr'>difiunstivae</span> <span class='ocrx_word' id='word_1_684' title='bbox 1773 2068 1783 2077; x_wconf 90' lang='lat'><strong>.</strong></span> <span class='ocrx_word' id='word_1_685' title='bbox 1807 2043 1846 2079; x_wconf 87' lang='lat' dir='ltr'>ld</span> <span class='ocrx_word' id='word_1_686' title='bbox 1865 2054 1948 2090; x_wconf 83' lang='lat' dir='ltr'>ergo</span> <span class='ocrx_word' id='word_1_687' title='bbox 1968 2042 2024 2077; x_wconf 86' lang='lat' dir='ltr'>hic</span> <span class='ocrx_word' id='word_1_688' title='bbox 2039 2041 2154 2087; x_wconf 70' lang='lat' dir='ltr'>paucis</span> 
     </span>
     <span class='ocr_line' id='line_1_112' title="bbox 1278 2091 1874 2134; baseline 0.008 -11"><span class='ocrx_word' id='word_1_689' title='bbox 1278 2091 1508 2134; x_wconf 78' lang='lat' dir='ltr'>praestabimus.</span> <span class='ocrx_word' id='word_1_690' title='bbox 1870 2115 1874 2117; x_wconf 96' lang='lat'><em>-</em></span> 
     </span>
    </p>
   </div>
   <div class='ocr_carea' id='block_1_14' title="bbox 1274 1744 2151 1896">
    <p class='ocr_par' dir='ltr' id='par_1_16' title="bbox 1274 1744 2151 1896">
     <span class='ocr_line' id='line_1_113' title="bbox 1274 1744 2151 1896; baseline 0 -117"><span class='ocrx_word' id='word_1_691' title='bbox 1274 1744 1550 1896; x_wconf 72' lang='lat' dir='ltr'>sUppofitio</span> <span class='ocrx_word' id='word_1_692' title='bbox 1582 1746 1758 1791; x_wconf 84' lang='lat' dir='ltr'>personalis</span> <span class='ocrx_word' id='word_1_693' title='bbox 1793 1756 1933 1791; x_wconf 83' lang='lat' dir='ltr'>quatuor</span> <span class='ocrx_word' id='word_1_694' title='bbox 1959 1744 2057 1780; x_wconf 83' lang='lat' dir='ltr'>habet</span> <span class='ocrx_word' id='word_1_695' title='bbox 2081 1745 2151 1789; x_wconf 84' lang='lat' dir='ltr'>spe-</span> 
     </span>
    </p>
   </div>
   <div class='ocr_carea' id='block_1_15' title="bbox 1328 2193 2142 2373">
    <p class='ocr_par' dir='ltr' id='par_1_17' title="bbox 1328 2193 2142 2373">
     <span class='ocr_line' id='line_1_114' title="bbox 1495 2193 2025 2274; baseline -0.004 -14"><span class='ocrx_word' id='word_1_696' title='bbox 1495 2193 1650 2269; x_wconf 51' lang='lat' dir='ltr'>D-u&#39;ss</span> <span class='ocrx_word' id='word_1_697' title='bbox 1676 2207 1692 2259; x_wconf 81' lang='lat' dir='ltr'>r</span> <span class='ocrx_word' id='word_1_698' title='bbox 1719 2223 1760 2260; x_wconf 82' lang='lat' dir='ltr'>u</span> <span class='ocrx_word' id='word_1_699' title='bbox 1786 2223 1830 2266; x_wconf 83' lang='lat' dir='ltr'><strong>M</strong></span> <span class='ocrx_word' id='word_1_700' title='bbox 1899 2203 2025 2274; x_wconf 46' lang='grc' dir='ltr'>1,,ἑῇ</span> 
     </span>
     <span class='ocr_line' id='line_1_115' title="bbox 1328 2307 2142 2373; baseline 0.002 -8"><span class='ocrx_word' id='word_1_701' title='bbox 1328 2333 1377 2365; x_wconf 80' lang='lat' dir='ltr'>De</span> <span class='ocrx_word' id='word_1_702' title='bbox 1401 2329 1604 2371; x_wconf 51' lang='lat' dir='ltr'>conjunctione</span> <span class='ocrx_word' id='word_1_703' title='bbox 1619 2330 1795 2373; x_wconf 81' lang='lat' dir='ltr'>copulativa</span> <span class='ocrx_word' id='word_1_704' title='bbox 1808 2354 1819 2371; x_wconf 92' lang='lat'>,</span> <span class='ocrx_word' id='word_1_705' title='bbox 1844 2332 1879 2366; x_wconf 65' lang='grc' dir='ltr'>ὡ·</span> <span class='ocrx_word' id='word_1_706' title='bbox 1900 2307 2102 2372; x_wconf 53' lang='lat' dir='ltr'>dfianaeiva.</span> <span class='ocrx_word' id='word_1_707' title='bbox 2118 2311 2142 2355; x_wconf 38' lang='grc' dir='ltr'>-ν</span> 
     </span>
    </p>
   </div>
   <div class='ocr_carea' id='block_1_16' title="bbox 1275 2437 2163 3482">
    <p class='ocr_par' dir='ltr' id='par_1_18' title="bbox 1282 2437 2153 2482">
     <span class='ocr_line' id='line_1_116' title="bbox 1282 2437 2153 2482; baseline 0.002 -11"><span class='ocrx_word' id='word_1_708' title='bbox 1282 2449 1313 2475; x_wconf 89' lang='lat'>1.</span> <span class='ocrx_word' id='word_1_709' title='bbox 1436 2437 1678 2480; x_wconf 76' lang='lat' dir='ltr'>0njunffiones</span> <span class='ocrx_word' id='word_1_710' title='bbox 1697 2439 1887 2482; x_wconf 75' lang='lat' dir='ltr'>copulativz</span> <span class='ocrx_word' id='word_1_711' title='bbox 1912 2440 1986 2473; x_wconf 87' lang='lat' dir='ltr'>sunt</span> <span class='ocrx_word' id='word_1_712' title='bbox 2010 2442 2064 2481; x_wconf 63' lang='grc' dir='ltr'>Θ,</span> <span class='ocrx_word' id='word_1_713' title='bbox 2091 2450 2153 2482; x_wconf 78' lang='lat' dir='ltr'>ac,</span> 
     </span>
    </p>

    <p class='ocr_par' dir='ltr' id='par_1_19' title="bbox 1275 2488 2163 3435">
     <span class='ocr_line' id='line_1_117' title="bbox 1449 2488 2150 2533; baseline 0.004 -13"><span class='ocrx_word' id='word_1_714' title='bbox 1449 2498 1540 2531; x_wconf 82' lang='lat' dir='ltr'>atque</span> <span class='ocrx_word' id='word_1_715' title='bbox 1556 2510 1577 2526; x_wconf 49' lang='grc' dir='ltr'>,Ἰ</span> <span class='ocrx_word' id='word_1_716' title='bbox 1601 2490 1735 2532; x_wconf 74' lang='lat' dir='ltr'>aliaeque</span> <span class='ocrx_word' id='word_1_717' title='bbox 1759 2488 1877 2522; x_wconf 77' lang='lat' dir='ltr'>ssmiles</span> <span class='ocrx_word' id='word_1_718' title='bbox 1898 2489 2150 2533; x_wconf 81' lang='lat' dir='ltr'>aequivalentes;</span> 
     </span>
     <span class='ocr_line' id='line_1_118' title="bbox 1280 2536 2153 2581; baseline 0 -8"><span class='ocrx_word' id='word_1_719' title='bbox 1280 2538 1474 2573; x_wconf 71' lang='lat' dir='ltr'>difiunstivae</span> <span class='ocrx_word' id='word_1_720' title='bbox 1499 2536 1743 2581; x_wconf 68' lang='lat' dir='ltr'>conjunstiones</span> <span class='ocrx_word' id='word_1_721' title='bbox 1767 2538 1842 2572; x_wconf 89' lang='lat' dir='ltr'>sunt</span> <span class='ocrx_word' id='word_1_722' title='bbox 1860 2539 1914 2570; x_wconf 78' lang='lat' dir='ltr'>vel</span> <span class='ocrx_word' id='word_1_723' title='bbox 1930 2562 1941 2577; x_wconf 91' lang='lat'>‚</span> <span class='ocrx_word' id='word_1_724' title='bbox 1969 2548 2044 2579; x_wconf 77' lang='lat' dir='ltr'>aue,</span> <span class='ocrx_word' id='word_1_725' title='bbox 2067 2539 2153 2580; x_wconf 78' lang='lat' dir='ltr'>five,</span> 
     </span>
     <span class='ocr_line' id='line_1_119' title="bbox 1275 2587 2153 2632; baseline 0 -10"><span class='ocrx_word' id='word_1_726' title='bbox 1275 2587 1347 2632; x_wconf 76' lang='lat' dir='ltr'>seu,</span> <span class='ocrx_word' id='word_1_727' title='bbox 1381 2587 1559 2628; x_wconf 74' lang='lat' dir='ltr'>similesque</span> <span class='ocrx_word' id='word_1_728' title='bbox 1585 2587 1670 2620; x_wconf 69' lang='lat' dir='ltr'>aliz.</span> <span class='ocrx_word' id='word_1_729' title='bbox 1697 2587 1907 2631; x_wconf 75' lang='lat' dir='ltr'>Copulativae</span> <span class='ocrx_word' id='word_1_730' title='bbox 1925 2587 2153 2632; x_wconf 80' lang='lat' dir='ltr'>sumipoffune</span> 
     </span>
     <span class='ocr_line' id='line_1_120' title="bbox 1279 2637 2152 2680; baseline 0 -7"><span class='ocrx_word' id='word_1_731' title='bbox 1279 2639 1410 2674; x_wconf 87' lang='lat' dir='ltr'>duobus</span> <span class='ocrx_word' id='word_1_732' title='bbox 1446 2637 1554 2671; x_wconf 88' lang='lat' dir='ltr'>modis</span> <span class='ocrx_word' id='word_1_733' title='bbox 1580 2660 1587 2669; x_wconf 89' lang='lat'><strong><em>.</em></strong></span> <span class='ocrx_word' id='word_1_734' title='bbox 1626 2637 1819 2680; x_wconf 82' lang='lat' dir='ltr'>Aliquando</span> <span class='ocrx_word' id='word_1_735' title='bbox 1837 2637 2023 2680; x_wconf 75' lang='lat' dir='ltr'>copulative</span> <span class='ocrx_word' id='word_1_736' title='bbox 2046 2661 2058 2679; x_wconf 82' lang='lat'>‚</span> <span class='ocrx_word' id='word_1_737' title='bbox 2083 2639 2152 2673; x_wconf 46' lang='lat' dir='ltr'>⁹ali·</span> 
     </span>
     <span class='ocr_line' id='line_1_121' title="bbox 1280 2686 2154 2732; baseline 0.001 -9"><span class='ocrx_word' id='word_1_738' title='bbox 1280 2690 1414 2732; x_wconf 86' lang='lat' dir='ltr'>quando</span> <span class='ocrx_word' id='word_1_739' title='bbox 1434 2687 1635 2731; x_wconf 87' lang='lat' dir='ltr'>copulatim.</span> <span class='ocrx_word' id='word_1_740' title='bbox 1664 2686 1864 2730; x_wconf 66' lang='lat' dir='ltr'>conjunctio</span> <span class='ocrx_word' id='word_1_741' title='bbox 1877 2686 2062 2729; x_wconf 83' lang='lat' dir='ltr'>copulativa</span> <span class='ocrx_word' id='word_1_742' title='bbox 2073 2698 2154 2724; x_wconf 82' lang='lat' dir='ltr'>tune</span> 
     </span>
     <span class='ocr_line' id='line_1_122' title="bbox 1282 2736 2156 2783; baseline 0 -10"><span class='ocrx_word' id='word_1_743' title='bbox 1282 2740 1420 2774; x_wconf 87' lang='lat' dir='ltr'>sumitur</span> <span class='ocrx_word' id='word_1_744' title='bbox 1456 2736 1645 2780; x_wconf 75' lang='lat' dir='ltr'>copulative</span> <span class='ocrx_word' id='word_1_745' title='bbox 1670 2761 1682 2778; x_wconf 92' lang='lat'>,</span> <span class='ocrx_word' id='word_1_746' title='bbox 1726 2738 1862 2780; x_wconf 73' lang='lat' dir='ltr'>quando</span> <span class='ocrx_word' id='word_1_747' title='bbox 1899 2737 2073 2783; x_wconf 85' lang='lat' dir='ltr'>conjungit</span> <span class='ocrx_word' id='word_1_748' title='bbox 2098 2739 2156 2773; x_wconf 79' lang='lat' dir='ltr'>seu.</span> 
     </span>
     <span class='ocr_line' id='line_1_123' title="bbox 1282 2786 2155 2833; baseline -0.001 -10"><span class='ocrx_word' id='word_1_749' title='bbox 1282 2788 1414 2833; x_wconf 88' lang='lat' dir='ltr'>copulat</span> <span class='ocrx_word' id='word_1_750' title='bbox 1442 2789 1527 2821; x_wconf 85' lang='lat' dir='ltr'>inter</span> <span class='ocrx_word' id='word_1_751' title='bbox 1553 2787 1584 2821; x_wconf 88' lang='lat' dir='ltr'>se</span> <span class='ocrx_word' id='word_1_752' title='bbox 1614 2786 1719 2829; x_wconf 87' lang='lat' dir='ltr'>plures</span> <span class='ocrx_word' id='word_1_753' title='bbox 1744 2795 1828 2821; x_wconf 85' lang='lat' dir='ltr'>totas</span> <span class='ocrx_word' id='word_1_754' title='bbox 1853 2788 2048 2821; x_wconf 81' lang='lat' dir='ltr'>orationes:</span> <span class='ocrx_word' id='word_1_755' title='bbox 2085 2789 2155 2822; x_wconf 66' lang='lat' dir='ltr'>five</span> 
     </span>
     <span class='ocr_line' id='line_1_124' title="bbox 1283 2836 2157 2883; baseline -0.001 -10"><span class='ocrx_word' id='word_1_756' title='bbox 1283 2838 1456 2883; x_wconf 77' lang='lat' dir='ltr'>explicite,</span> <span class='ocrx_word' id='word_1_757' title='bbox 1485 2837 1549 2871; x_wconf 85' lang='lat' dir='ltr'>five</span> <span class='ocrx_word' id='word_1_758' title='bbox 1576 2836 1757 2880; x_wconf 86' lang='lat' dir='ltr'>implicite;</span> <span class='ocrx_word' id='word_1_759' title='bbox 1784 2836 1816 2870; x_wconf 91' lang='lat' dir='ltr'>id</span> <span class='ocrx_word' id='word_1_760' title='bbox 1832 2848 1945 2879; x_wconf 81' lang='lat' dir='ltr'>parum</span> <span class='ocrx_word' id='word_1_761' title='bbox 1956 2839 2068 2871; x_wconf 84' lang='lat' dir='ltr'>refert.</span> <span class='ocrx_word' id='word_1_762' title='bbox 2084 2838 2157 2872; x_wconf 74' lang='lat' dir='ltr'>=Di=</span> 
     </span>
     <span class='ocr_line' id='line_1_125' title="bbox 1284 2887 2158 2935; baseline -0.002 -10"><span class='ocrx_word' id='word_1_763' title='bbox 1284 2901 1324 2925; x_wconf 92' lang='lat' dir='ltr'>co</span> <span class='ocrx_word' id='word_1_764' title='bbox 1351 2887 1545 2935; x_wconf 78' lang='lat' dir='ltr'>generaliter</span> <span class='ocrx_word' id='word_1_765' title='bbox 1580 2896 1665 2921; x_wconf 80' lang='lat' dir='ltr'>totas</span> <span class='ocrx_word' id='word_1_766' title='bbox 1689 2887 1856 2922; x_wconf 85' lang='lat' dir='ltr'>orationes</span> <span class='ocrx_word' id='word_1_767' title='bbox 1877 2899 1885 2919; x_wconf 77' lang='grc' dir='ltr'><strong>ε</strong></span> <span class='ocrx_word' id='word_1_768' title='bbox 1925 2898 1962 2922; x_wconf 91' lang='lat' dir='ltr'>ut</span> <span class='ocrx_word' id='word_1_769' title='bbox 1988 2889 2158 2923; x_wconf 75' lang='lat' dir='ltr'>includam</span> 
     </span>
     <span class='ocr_line' id='line_1_126' title="bbox 1284 2938 2155 2981; baseline -0.002 -7"><span class='ocrx_word' id='word_1_770' title='bbox 1284 2940 1453 2974; x_wconf 86' lang='lat' dir='ltr'>orationes</span> <span class='ocrx_word' id='word_1_771' title='bbox 1480 2938 1722 2981; x_wconf 84' lang='lat' dir='ltr'>quascumque,</span> <span class='ocrx_word' id='word_1_772' title='bbox 1748 2946 1813 2970; x_wconf 89' lang='lat' dir='ltr'>tarn</span> <span class='ocrx_word' id='word_1_773' title='bbox 1833 2939 2155 2978; x_wconf 61' lang='lat' dir='ltr'>non-enuntiativa,</span> 
     </span>
     <span class='ocr_line' id='line_1_127' title="bbox 1285 2986 2158 3034; baseline -0.006 -9"><span class='ocrx_word' id='word_1_774' title='bbox 1285 3001 1384 3034; x_wconf 82' lang='lat' dir='ltr'>quam</span> <span class='ocrx_word' id='word_1_775' title='bbox 1406 2987 1647 3025; x_wconf 76' lang='lat' dir='ltr'>enuntiativas.</span> <span class='ocrx_word' id='word_1_776' title='bbox 1677 2986 1958 3033; x_wconf 78' lang='lat' dir='ltr'>Quotiescumque</span> <span class='ocrx_word' id='word_1_777' title='bbox 1982 2998 2063 3031; x_wconf 89' lang='lat' dir='ltr'>ergo</span> <span class='ocrx_word' id='word_1_778' title='bbox 2073 2999 2158 3021; x_wconf 58' lang='lat' dir='ltr'>&lt;con-</span> 
     </span>
     <span class='ocr_line' id='line_1_128' title="bbox 1285 3035 2158 3085; baseline -0.003 -10"><span class='ocrx_word' id='word_1_779' title='bbox 1285 3041 1411 3085; x_wconf 62' lang='lat' dir='ltr'>junctio</span> <span class='ocrx_word' id='word_1_780' title='bbox 1437 3037 1621 3082; x_wconf 80' lang='lat' dir='ltr'>copulativa</span> <span class='ocrx_word' id='word_1_781' title='bbox 1649 3038 1845 3081; x_wconf 88' lang='lat' dir='ltr'>copulaverit</span> <span class='ocrx_word' id='word_1_782' title='bbox 1868 3035 2024 3079; x_wconf 81' lang='lat' dir='ltr'>explicite</span> <span class='ocrx_word' id='word_1_783' title='bbox 2036 3037 2087 3070; x_wconf 87' lang='lat' dir='ltr'>vel</span> <span class='ocrx_word' id='word_1_784' title='bbox 2098 3038 2158 3072; x_wconf 84' lang='lat' dir='ltr'>im-</span> 
     </span>
     <span class='ocr_line' id='line_1_129' title="bbox 1288 3086 2159 3134; baseline -0.002 -10"><span class='ocrx_word' id='word_1_785' title='bbox 1288 3089 1398 3134; x_wconf 87' lang='lat' dir='ltr'>plicite</span> <span class='ocrx_word' id='word_1_786' title='bbox 1423 3090 1530 3133; x_wconf 86' lang='lat' dir='ltr'>plures</span> <span class='ocrx_word' id='word_1_787' title='bbox 1558 3098 1643 3122; x_wconf 85' lang='lat' dir='ltr'>totas</span> <span class='ocrx_word' id='word_1_788' title='bbox 1674 3086 1843 3122; x_wconf 84' lang='lat' dir='ltr'>orationes</span> <span class='ocrx_word' id='word_1_789' title='bbox 1864 3109 1883 3127; x_wconf 76' lang='lat'>„</span> <span class='ocrx_word' id='word_1_790' title='bbox 1911 3086 2159 3131; x_wconf 68' lang='lat' dir='ltr'>qualescumque</span> 
     </span>
     <span class='ocr_line' id='line_1_130' title="bbox 1288 3135 2159 3178; baseline -0.005 -4"><span class='ocrx_word' id='word_1_791' title='bbox 1288 3141 1352 3176; x_wconf 88' lang='lat' dir='ltr'>illae</span> <span class='ocrx_word' id='word_1_792' title='bbox 1373 3140 1494 3174; x_wconf 88' lang='lat' dir='ltr'>fuerint</span> <span class='ocrx_word' id='word_1_793' title='bbox 1517 3162 1528 3178; x_wconf 95' lang='lat'>,</span> <span class='ocrx_word' id='word_1_794' title='bbox 1566 3138 1628 3172; x_wconf 82' lang='lat' dir='ltr'>five</span> <span class='ocrx_word' id='word_1_795' title='bbox 1648 3135 1892 3172; x_wconf 86' lang='lat' dir='ltr'>enuntiationes</span> <span class='ocrx_word' id='word_1_796' title='bbox 1913 3160 1924 3175; x_wconf 90' lang='lat'>‚</span> <span class='ocrx_word' id='word_1_797' title='bbox 1959 3136 2023 3171; x_wconf 81' lang='lat' dir='ltr'>five</span> <span class='ocrx_word' id='word_1_798' title='bbox 2050 3148 2119 3171; x_wconf 89' lang='lat' dir='ltr'>non</span> <span class='ocrx_word' id='word_1_799' title='bbox 2145 3160 2159 3178; x_wconf 91' lang='lat'>,</span> 
     </span>
     <span class='ocr_line' id='line_1_131' title="bbox 1288 3185 2163 3232; baseline -0.003 -8"><span class='ocrx_word' id='word_1_800' title='bbox 1288 3201 1392 3231; x_wconf 86' lang='lat' dir='ltr'>tunc,</span> <span class='ocrx_word' id='word_1_801' title='bbox 1418 3190 1574 3232; x_wconf 87' lang='lat' dir='ltr'>inquam,</span> <span class='ocrx_word' id='word_1_802' title='bbox 1602 3185 1881 3230; x_wconf 67' lang='lat' dir='ltr'>haec—conjunctio</span> <span class='ocrx_word' id='word_1_803' title='bbox 1905 3187 2048 3220; x_wconf 87' lang='lat' dir='ltr'>sumetur</span> <span class='ocrx_word' id='word_1_804' title='bbox 2058 3197 2163 3231; x_wconf 87' lang='lat' dir='ltr'>copu-</span> 
     </span>
     <span class='ocr_line' id='line_1_132' title="bbox 1290 3235 2159 3283; baseline -0.005 -10"><span class='ocrx_word' id='word_1_805' title='bbox 1290 3239 1389 3274; x_wconf 82' lang='lat' dir='ltr'>lative</span> <span class='ocrx_word' id='word_1_806' title='bbox 1414 3253 1424 3283; x_wconf 92' lang='lat'>;</span> <span class='ocrx_word' id='word_1_807' title='bbox 1450 3239 1536 3273; x_wconf 84' lang='lat' dir='ltr'>verb.</span> <span class='ocrx_word' id='word_1_808' title='bbox 1556 3248 1637 3282; x_wconf 85' lang='lat' dir='ltr'>grat.</span> <span class='ocrx_word' id='word_1_809' title='bbox 1655 3235 1731 3271; x_wconf 87' lang='lat' dir='ltr'>dico</span> <span class='ocrx_word' id='word_1_810' title='bbox 1754 3260 1766 3275; x_wconf 89' lang='lat'>,</span> <span class='ocrx_word' id='word_1_811' title='bbox 1795 3239 1907 3269; x_wconf 83' lang='lat' dir='ltr'>Petrus</span> <span class='ocrx_word' id='word_1_812' title='bbox 1927 3236 1964 3276; x_wconf 81' lang='lat' dir='ltr'>est</span> <span class='ocrx_word' id='word_1_813' title='bbox 1983 3236 2064 3269; x_wconf 83' lang='lat' dir='ltr'>homo</span> <span class='ocrx_word' id='word_1_814' title='bbox 2086 3261 2097 3276; x_wconf 94' lang='lat'>,</span> <span class='ocrx_word' id='word_1_815' title='bbox 2123 3237 2159 3270; x_wconf 66' lang='grc' dir='ltr'>ὁ·</span> 
     </span>
     <span class='ocr_line' id='line_1_133' title="bbox 1292 3284 2160 3332; baseline -0.002 -10"><span class='ocrx_word' id='word_1_816' title='bbox 1292 3289 1466 3332; x_wconf 82' lang='lat' dir='ltr'>bucephalus</span> <span class='ocrx_word' id='word_1_817' title='bbox 1488 3288 1527 3328; x_wconf 82' lang='lat' dir='ltr'>est</span> <span class='ocrx_word' id='word_1_818' title='bbox 1551 3298 1642 3329; x_wconf 80' lang='lat' dir='ltr'>equus</span> <span class='ocrx_word' id='word_1_819' title='bbox 1654 3311 1666 3327; x_wconf 93' lang='lat'>,</span> <span class='ocrx_word' id='word_1_820' title='bbox 1691 3284 1896 3329; x_wconf 65' lang='lat' dir='ltr'>&amp;findapsur</span> <span class='ocrx_word' id='word_1_821' title='bbox 1906 3287 1945 3327; x_wconf 83' lang='lat' dir='ltr'>est</span> <span class='ocrx_word' id='word_1_822' title='bbox 1955 3292 2059 3319; x_wconf 73' lang='lat' dir='ltr'>canis:</span> <span class='ocrx_word' id='word_1_823' title='bbox 2087 3285 2160 3320; x_wconf 87' lang='lat' dir='ltr'>Aut</span> 
     </span>
     <span class='ocr_line' id='line_1_134' title="bbox 1292 3336 2160 3378; baseline -0.01 -3"><span class='ocrx_word' id='word_1_824' title='bbox 1292 3352 1365 3374; x_wconf 79' lang='lat' dir='ltr'>cum</span> <span class='ocrx_word' id='word_1_825' title='bbox 1393 3340 1491 3375; x_wconf 82' lang='lat' dir='ltr'>dico.-</span> <span class='ocrx_word' id='word_1_826' title='bbox 1519 3338 1602 3372; x_wconf 77' lang='lat' dir='ltr'>Vade</span> <span class='ocrx_word' id='word_1_827' title='bbox 1623 3338 1668 3370; x_wconf 77' lang='lat' dir='ltr'>ad</span> <span class='ocrx_word' id='word_1_828' title='bbox 1687 3338 1854 3378; x_wconf 83' lang='lat' dir='ltr'>templum,</span> <span class='ocrx_word' id='word_1_829' title='bbox 1880 3337 1914 3370; x_wconf 62' lang='grc' dir='ltr'>Θ</span> <span class='ocrx_word' id='word_1_830' title='bbox 1932 3337 2003 3369; x_wconf 80' lang='lat' dir='ltr'>audi</span> <span class='ocrx_word' id='word_1_831' title='bbox 2024 3336 2160 3378; x_wconf 81' lang='lat' dir='ltr'>Missam,</span> 
     </span>
     <span class='ocr_line' id='line_1_135' title="bbox 1293 3385 2163 3435; baseline -0.006 -10"><span class='ocrx_word' id='word_1_832' title='bbox 1293 3392 1326 3425; x_wconf 67' lang='lat'>(5</span> <span class='ocrx_word' id='word_1_833' title='bbox 1344 3389 1403 3435; x_wconf 79' lang='lat' dir='ltr'>sub</span> <span class='ocrx_word' id='word_1_834' title='bbox 1425 3389 1511 3434; x_wconf 72' lang='lat' dir='ltr'>Miffa</span> <span class='ocrx_word' id='word_1_835' title='bbox 1534 3388 1595 3433; x_wconf 76' lang='lat' dir='ltr'>tege</span> <span class='ocrx_word' id='word_1_836' title='bbox 1608 3387 1730 3431; x_wconf 74' lang='lat' dir='ltr'>officium</span> <span class='ocrx_word' id='word_1_837' title='bbox 1751 3398 1836 3424; x_wconf 78' lang='lat' dir='ltr'>tuum</span> <span class='ocrx_word' id='word_1_838' title='bbox 1846 3391 2044 3422; x_wconf 70' lang='lat' dir='ltr'>canonicum.</span> <span class='ocrx_word' id='word_1_839' title='bbox 2072 3385 2163 3420; x_wconf 85' lang='lat' dir='ltr'>Cou-</span> 
     </span>
    </p>

    <p class='ocr_par' dir='ltr' id='par_1_20' title="bbox 1986 3435 2111 3482">
     <span class='ocr_line' id='line_1_136' title="bbox 1986 3435 2111 3482; baseline -0.024 -9"><span class='ocrx_word' id='word_1_840' title='bbox 1986 3435 2111 3482; x_wconf 70' lang='lat' dir='ltr'>inustio</span> 
     </span>
    </p>
   </div>
  </div>
 </body>
</html>
