2384 3770
97 1775 182 1829 Cap.
197 1783 251 1822 28-

326 111 393 151 '12

303 187 408 221 beatus
431 212 442 229 ,
469 184 552 230 quafi
572 185 718 228 quiddam
744 186 856 220 dierum
882 186 956 220 mihi
975 193 1094 231 gratius
1120 190 1188 223 iilu-

297 236 390 280 cescat
410 240 422 270 .¹
459 250 550 280 quam
575 245 607 267 ut
631 243 748 280 ingenio
770 247 820 269 tuo
850 236 945 277 fruar
974 244 1007 271 in
1033 241 1184 282 Domino,

297 297 352 320 aut
380 288 450 320 vere*
476 296 509 318 tu
536 284 670 327 nefi‘ias,
697 298 788 328 quam
800 297 828 319 te
840 286 989 329 esuriam,
1018 290 1051 322 ὠ·
1065 288 1181 331 fitIam,

295 345 350 369 aut
376 348 432 368 non
456 334 506 367 boc
531 334 593 378 ipsis
619 338 654 369 id
674 343 803 370 carmine
822 337 977 378 fatearis.
1008 342 1126 372 Revoca
1151 353 1184 371 a·

295 392 408 418 nimum
435 409 445 425 ‚
473 397 527 428 quo
552 385 606 424 iffa
627 385 783 429 scripsisti,
810 398 887 420 nunc
912 388 988 419 mibi
1012 391 1081 421 die:
1122 396 1184 424 Hoc

293 444 363 477 opus
378 459 388 475 ,
415 444 448 468 ut
469 436 580 476 jubeas
607 446 744 470 tantum.
772 440 850 470 Ecce
867 437 982 480 juffum
1007 450 1125 479 meum,
1140 441 1203 494 dai

293 484 368 518 niibi
394 494 423 517 te
436 508 447 525 ,
467 484 498 527 fi
518 485 569 519 boc
595 495 667 529 opus
695 488 732 528 est
758 496 896 526 tantum,
913 491 962 522 da
975 493 1098 522 Domino
1122 492 1184 523 Deo

293 544 324 568 te
338 558 348 574 ‚
374 540 424 576 qui
449 541 579 569 omnium
606 537 729 576 nostrum
757 540 903 570 Dominus
929 538 967 578 est
986 563 997 579 ‚
1037 545 1088 582 qui
1126 539 1183 572 tibi

292 585 369 617 illud
394 582 521 618 donavit
546 592 694 629 ingenium
709 612 716 620 .
756 588 799 621 Et
825 587 907 622 infra
927 612 935 619 .
980 586 1094 622 Ornari
1119 590 1177 623 abs

290 643 319 667 te
347 635 489 667 Diabolus
518 643 646 678 quaerit.
673 639 703 669 5i
727 639 847 670 calicem
873 649 992 670 aureum
1018 640 1176 681 inveniffi‘t

288 689 321 716 in
346 694 427 717 terra
440 709 451 724 ,
478 687 606 719 donares
634 689 715 719 illum
741 688 873 728 Ecclefiae
899 690 975 720 Dei.
1005 689 1142 731 accepisti
1156 692 1176 722 ἃ

290 737 352 766 Deo
378 740 527 778 ingenium
550 734 752 778 spiritualiter
778 749 902 771 aureum
929 747 949 777 ‚¹
965 740 999 771 (δ’
1026 739 1173 780 ministras

286 786 358 817 inde
382 784 560 819 libidinibus
572 809 582 824 ‚
611 788 645 821 Cb·
671 794 703 819 in
731 790 781 820 illo
805 789 951 822 Satbanae
971 797 1119 831 propinas
1132 799 1171 822 te·

284 832 395 876 ipsum.
426 837 501 868 Noli
527 835 660 878 obsecro,
682 837 721 878 fic
732 840 896 881 aliquando
918 837 1054 881 sentias,
1082 852 1173 882 quam

286 882 388 926 misero
417 887 450 919 ὀ·
476 885 644 929 miserando
664 887 779 928 pellere
815 888 879 922 baec
898 887 1069 930 firipserim
1092 914 1103 930 ,
1138 892 1172 924 (ν

979 938 1041 973 Per
1067 939 1171 983 hujus-

281 985 374 1018 modi
403 986 560 1020 suasiones
587 988 705 1020 facium
733 987 777 1021 est
802 1012 811 1026 ,
841 988 930 1031 quod
957 988 1040 1023 dicit
1071 990 1169 1024 Possi·

106 1046 190 1092 Cap·
204 1058 257 1094 31,
278 1034 352 1067 dius
370 1058 377 1066 .
402 1037 521 1069 clerum
541 1035 867 1078 ficffi'e-ientiffimum,&
891 1038 1064 1079 monasteria
1093 1046 1169 1073 viro-

277 1096 343 1117 rum
370 1095 405 1117 ac
422 1084 624 1125 foeminarum
650 1091 864 1121 continentium
891 1098 955 1121 cum
978 1087 1041 1131 suis
1051 1098 1169 1132 praepa·

281 932 448 976 miserearis
466 937 537 976 jam
562 943 619 970 mei
632 960 641 975 ,
661 937 690 977 fi
711 940 768 971 tibi
804 938 916 977 viluisti
937 963 945 970 .

270 1132 336 1174 fiis
359 1135 452 1176 plena
478 1135 614 1176 Ecclefiae
641 1136 768 1177 dimisit.

325 1184 425 1218 Hanc
452 1186 643 1230 propaginis
683 1186 938 1231 amplitudinem
966 1200 1004 1222 ac
1031 1190 1167 1224 felicita·

275 1244 343 1268 tem
376 1235 552 1277 plurimum
594 1234 718 1280 adjuvit
746 1239 837 1271 favor
864 1238 898 1272 ἀ
924 1239 1026 1283 gratia
1054 1240 1164 1275 Sancti

275 1284 427 1325 Aurelii,
455 1283 719 1330 Carthaginensis
745 1287 918 1331 Episcopi,
950 1301 988 1323 ac
1015 1300 1070 1330 per
1094 1302 1165 1325 om-

274 1344 351 1368 nem
381 1334 538 1376 >Africam
575 1334 728 1370 primatis
751 1362 758 1368 .
796 1337 867 1372 Hic
904 1338 1129 1382 Augustinum
1153 1364 1164 1380 ‚

273 1384 404 1429 ejusque
441 1386 566 1429 primos
602 1385 636 1420 in
666 1388 850 1422 monastico
876 1388 1030 1424 instituto
1058 1391 1164 1424 socios

272 1434 337 1478 jam
361 1434 485 1478 pridem
503 1436 535 1468 in
559 1436 662 1471 domo
685 1437 873 1471 Innocentii
889 1439 1093 1474 Exadvocati
1109 1452 1163 1474 no-

279 1495 391 1518 verat.
431 1484 527 1518 Hinc
552 1485 608 1520 ubi
635 1487 677 1520 ab
696 1487 743 1520 eis
764 1490 904 1522 eredium
926 1489 1028 1523 audiit
1051 1500 1162 1523 mona·

272 1534 403 1568 sterium
429 1534 464 1567 in
489 1535 604 1569 Horto
628 1535 835 1580 Hipponensi
856 1562 867 1578 ‚
897 1538 1015 1573 statum
1039 1540 1085 1573 eis
1106 1540 1161 1573 eti·

273 1595 327 1618 am
353 1585 387 1617 in
402 1584 622 1630 Carthaginis
647 1587 834 1622 suburbano
856 1599 972 1632 agrum
993 1590 1105 1629 dedit,
1128 1590 1160 1622 il-

271 1634 317 1667 lic
340 1634 423 1668 istud
450 1634 637 1670 institutum
665 1638 769 1672 deesse
791 1638 901 1673 noluit
927 1664 938 1679 ,
975 1640 1037 1673 effe
1054 1638 1160 1673 voluit

272 1695 328 1727 per
352 1695 486 1718 omnem
508 1685 678 1727 Africam,
704 1687 803 1732 idque
827 1699 923 1722 tanto
944 1689 1094 1730 fervore,
1124 1700 1157 1723 ut
1185 1696 1187 1699 ’

273 1733 313 1767 ad
341 1735 445 1775 ipsum
461 1734 495 1767 in
521 1735 605 1769 libro
616 1734 655 1770 de
668 1739 908 1772 monachorum
929 1749 1026 1782 opere
1043 1738 1159 1773 scribat

273 1784 411 1817 Sanctus
435 1784 664 1828 Augustinus.
690 1790 770 1831 ,ραι
793 1800 858 1822 cum
881 1795 925 1821 ita
939 1789 1019 1830 fint,
1040 1788 1102 1831 fine
1113 1801 1159 1823 me

269 1832 446 1876 paululum,
472 1835 579 1867 sanae
603 1840 714 1870 Frater
734 1861 745 1877 ,
784 1841 840 1871 dat
859 1846 938 1872 enim
959 1837 1033 1872 mibi
1055 1841 1158 1872 Domi·-

274 1894 329 1915 nus
348 1891 403 1925 per
425 1892 454 1914 te
474 1894 616 1925 magnam
634 1886 802 1928 fiduciam,
828 1900 875 1921 eos
898 1888 976 1931 ipsos
1002 1890 1112 1931 alloqui
1120 1890 1157 1932 fi—

275 1935 327 1966 lios
353 1934 386 1965 Θ·
399 1931 518 1973 fratres
545 1932 652 1971 nostros
665 1958 673 1972 ,
697 1946 770 1975 quos
782 1943 855 1969 novi
874 1948 993 1978 quanta
1010 1938 1157 1979 nobiscum

275 1982 430 2016 dilec‘iione
447 1988 606 2023 parturias
619 2006 627 2021 ‚
657 1984 748 2015 donec
770 1989 802 2016 in
825 1989 868 2016 eis
893 1986 1050 2025 Apostoliea
1063 1986 1158 2025 Disci-

270 2035 360 2076 plina
375 2031 543 2073 formetur.
574 2031 623 2071 Ex
653 2032 712 2066 hac
735 2032 912 2067 dileffione
936 2044 972 2066 ac
997 2033 1157 2076 parturiti-

275 2094 339 2117 one
363 2083 468 2115 noluit
504 2082 656 2115 Aurelius
678 2083 784 2114 ullum
811 2083 845 2116 in
870 2082 927 2116 ista
963 2083 1155 2116 monasteria

275 2135 412 2175 irrepere
436 2142 560 2163 naevum
587 2144 593 2163 :
634 2132 675 2164 Et
705 2131 863 2173 quoniam
886 2132 1038 2166 omnibus
1060 2132 1156 2166 bonis

275 2184 377 2217 initiis
390 2181 543 2214 inimicus
557 2180 723 2214 Diabolus
739 2182 873 2215 novellae
893 2183 1091 2225 plantationi
1104 2193 1154 2216 ne·

276 2232 343 2266 scio
368 2242 464 2273 quam
477 2229 520 2263 de
544 2230 651 2264 labore
667 2241 823 2266 manuum
846 2232 1066 2266 turbulentam
1079 2244 1153 2267 con·

276 2281 462 2315 troverfiam
476 2280 671 2319 immiserat,
690 2280 794 2315 bonus
810 2282 904 2316 Pater
916 2283 1077 2324 quiescere
1087 2294 1153 2316 non

277 2332 404 2375 potuit,
429 2330 486 2363 nisi
502 2330 592 2363 turba
616 2331 673 2364 ista
696 2331 818 2372 sopita.
847 2332 916 2365 Hic
936 2344 1075 2376 namque
1086 2333 1154 2367 ade·

277 2383 328 2426 git
354 2379 575 2425 Augustinurn
596 2404 606 2420 ,
634 2391 669 2414 ut
693 2382 732 2416 ad
758 2381 864 2416 turbas
887 2382 960 2416 istas
984 2383 1157 2426 sopiendas

277 2431 429 2465 scriberet
448 2430 563 2463 librum
590 2430 686 2464 istum
709 2432 750 2465 de
773 2443 872 2474 opere
893 2432 1135 2466 monachorum
1149 2456 1156 2464 .

276 2481 357 2515 Erat
381 2481 487 2514 revera
510 2480 591 2512 alter
621 2492 695 2513 cum
732 2480 922 2525 Augustino
945 2482 1159 2516 monasterio-

277 2542 350 2565 rum
375 2530 610 2563 Africanorum
634 2529 748 2568 Pater,
774 2531 952 2570 fundator,
979 2532 1158 2565 institutor:

275 2581 468 2614 Hincenim
484 2577 733 2622 Augustinusin
759 2580 821 2613 isto
843 2580 912 2624 ipso
934 2580 1020 2614 libro
1033 2581 1157 2615 adeum

276 2631 318 2665 de
341 2629 512 2665 monachis
534 2628 701 2663 Africanis
722 2631 905 2673 frequenter
927 2628 1022 2665 dicit.
1065 2633 1157 2665 Filios

277 2692 354 2714 meos
381 2692 416 2715 ac
441 2690 527 2714 tuos.

328 2730 454 2764 Verum
477 2730 564 2765 unde
585 2729 640 2764 hic
662 2737 772 2764 tantus
790 2731 824 2765 in
850 2730 988 2766 Aurelio
1009 2742 1067 2775 pro
1089 2743 1155 2765 mo.

277 2780 392 2816 nachis
418 2792 455 2815 ac
478 2780 681 2815 monasteriis
702 2781 817 2815 zelus?
846 2782 895 2814 Ex
911 2782 1157 2815 clericorumac

277 2831 499 2866 ministrorum
524 2831 658 2873 inopia,
685 2842 747 2875 qua
771 2841 851 2865 tunc
872 2830 1038 2866 laborabat
1050 2831 1158 2865 omnis

278 2893 334 2924 per
356 2881 501 2915 Africam
516 2881 675 2915 Ecclefia.
703 2882 837 2930 Quanta
858 2892 894 2915 ea
911 2882 1023 2924 inopia
1047 2881 1156 2929 fuerit,

278 2939 366 2974 patet
389 2942 429 2963 ex
451 2930 538 2965 hisce
559 2932 665 2965 Sant‘ii
685 2930 811 2965 Aurelii
836 2931 939 2965 verbis
959 2932 1001 2965 ad
1027 2932 1155 2974 Episco-

278 2991 338 3023 pos
352 2980 422 3012 suos
437 2980 493 3013 fibi
512 2982 681 3015 affidentes
701 2981 733 3014 in
748 2982 886 3023 synodo
900 2981 1154 3026 Carthaginensi.

280 3028 470 3070 ,Ecclefiarum
494 3033 549 3062 Dei
564 3039 620 3071 per
644 3031 776 3072 Africam
808 3032 1030 3071 constitutarum
1051 3033 1156 3071 neceffl-

279 3089 357 3111 tates
382 3091 492 3112 mecum
506 3083 614 3117 optime
625 3087 709 3114 novit
731 3080 866 3114 ebaritas
887 3081 985 3121 vestra
998 3107 1008 3122 ,
1029 3080 1158 3125 sane‘lis-

274 3129 339 3171 fimi
353 3128 471 3169 fratres
487 3155 494 3161 .
525 3134 570 3162 Et
596 3137 734 3172 quoniam
753 3131 898 3173 praeRitit
917 3137 1065 3165 Dominus
1087 3156 1097 3172 ,
1122 3142 1156 3164 us

279 3190 319 3212 ex
342 3179 442 3220 aliqua
462 3188 551 3221 parte
569 3178 667 3222 sandi
691 3190 781 3213 caetus
804 3181 894 3219 vestri
914 3184 981 3224 effer
1000 3193 1152 3225 congrega·

279 3238 315 3261 ta
333 3228 496 3269 praeseniia
513 3254 524 3270 ,
543 3231 664 3263 videtur
687 3231 761 3263 mihi
775 3254 784 3268 ,
807 3241 838 3263 ut
851 3231 907 3263 has
927 3231 1044 3274 easdem
1063 3230 1156 3274 neees-

275 3277 399 3319 sitates,
429 3290 501 3319 quas
519 3288 574 3321 pro
594 3278 755 3322 solitudine
779 3281 875 3320 nostra
898 3283 1043 3325 indagare
1058 3286 1156 3324 potui-

278 3338 360 3365 mus,
393 3331 424 3358 in
436 3330 561 3361 medium
579 3330 767 3371 proferamus
782 3353 789 3359 -
818 3332 910 3373 ‚Quas
927 3342 990 3364 cum
1009 3331 1156 3374 approba-

278 3381 359 3410 verit
382 3376 480 3411 vestra
493 3377 668 3419 sinceritas,
689 3380 728 3423 fit
752 3378 925 3422 consequens
952 3403 962 3418 ,
988 3384 1156 3425 eligendum

279 3426 331 3469 effe
347 3435 440 3460 unum
457 3437 496 3461 ex
518 3427 608 3468 nostro
633 3440 750 3467 numero
768 3428 1020 3474 consacerdotem,
1046 3434 1098 3475 qui
1103 3443 1158 3466 au·

787 103 871 148 De
921 102 1197 152 Orno-{NE
1249 105 1661 154 EREMITARUM

1246 188 1372 221 xiliante
1391 191 1517 221 Domino
1541 189 1574 222 ὁ·
1596 189 1780 223 orationibus
1803 188 1907 231 vestris·
1921 215 1931 231 ,
1953 192 1987 227 (9·
2011 189 2069 224 bas
2088 193 2134 232 ip-

1240 236 1293 280 sas
1305 239 1478 279 neceffitates
1497 236 1644 281 suscipere
1662 241 1746 280 poffit
1756 262 1766 278 ,
1788 241 1822 274 ό·
1833 246 1974 283 graviter
1985 249 2131 284 peragen-

1245 289 1302 321 das
1319 290 1441 331 implere
1461 312 1472 329 ‚
1505 288 1696 330 perreHurus
1723 291 1769 321 ad
1777 289 2003 332 transmaejinas
2027 292 2128 324 Italiae

1240 346 1345 379 partes
1365 363 1377 379 ,
1416 347 1449 372 ut
1480 336 1596 381 fandis
1616 339 1772 381 fratribus
1808 341 1843 372 (9
1875 340 2125 383 consacerdotibus

1245 388 1366 428 nostris,
1392 397 1457 421 tam
1477 388 1641 422 venerabili
1657 387 1760 432 sanc‘lo
1788 389 1888 431 fratri
1912 391 2055 433 Anastafio
2074 394 2124 425 Se-

1242 438 1290 470 dis
1315 438 1479 480 Apostolicae
1504 438 1670 481 Episcopo,
1694 451 1786 482 quam
1796 445 1886 472 etiam
1901 437 2002 481 sani-‘Io
2016 441 2122 482 fratri

1242 492 1366 521 Venerio
1383 487 1531 531 sacerdoti
1552 489 1774 529 Mediolanensi}
1796 488 1931 530 Ecclefiae
1946 514 1956 529 ,
1978 493 2121 531 neceffita-

1240 545 1300 570 tem
1320 537 1418 581 ipsam
1431 562 1443 579 ‚
1463 548 1552 581 atque
1573 541 1697 573 dolorem
1709 565 1720 582 ‚
1742 547 1829 582 atque
1849 544 1980 581 inopiam
1995 540 2119 579 nostram

1239 589 1342 621 valeat
1361 593 1503 622 intimare
1526 613 1534 620 .
1570 592 1623 621 Ex
1646 589 1693 622 bis
1726 597 1805 624 enim
1820 588 1944 632 fidibus
1964 591 2001 622 id
2011 589 2119 630 fuerat

1234 637 1417 678 prohibitum
1429 662 1439 678 ,
1466 650 1520 682 quo
1537 635 1680 672 'noverint
1704 646 1848 674 communi
1863 641 1989 682 periculo
2015 645 2119 681 provi·

1238 689 1370 721 siendum
1384 711 1395 727 ,
1417 690 1551 722 maxime
1567 695 1639 731 quia
1649 699 1739 722 tanta
1758 690 1797 730 est
1821 692 1986 734 indigentia
2006 692 2119 723 clerico-

1236 749 1324 777 rum,
1354 739 1513 780 multaeque
1538 738 1673 780 Ecclefiae
1692 745 1738 772 ita
1759 739 1881 783 desertae
1897 739 1972 783 fiant
1990 764 2002 781 ,
2022 750 2056 772 ut
2077 751 2115 774 ne

1236 799 1331 822 unum
1358 789 1477 830 quidem
1499 791 1663 822 Diaconum
1685 791 1737 823 vel
1754 791 1887 825 leli'orem
1909 789 2014 823 babere
2034 799 2116 832 repe-

1235 845 1372 871 riantur.
1401 842 1486 871 Nam
1507 840 1543 871 de
1563 844 1680 872 caeterr‘s
1700 839 1900 882 superloribus
1917 840 2066 884 gradibus
2080 843 2114 874 (5

1233 889 1331 929 officiis
1356 890 1515 921 tacendum
1534 889 1683 922 arbitror.-
1709 893 1817 934 Quia,
1845 900 1879 924 ut
1905 894 1970 923 dixi
1982 915 1993 930 ‚
2015 889 2044 931 fi
2061 895 2116 923 mi-

1235 939 1384 978 nisterium
1408 941 1534 976 Diaconi
1554 951 1613 972 non
1627 939 1724 981 facile*
1745 947 1901 975 invenitur
1913 964 1924 980 ,
1948 941 2038 974 multo
2050 953 2118 973 ma-

1227 993 1278 1030 gis
1297 986 1480 1029 superiorum
1504 988 1642 1021 bonorum
1664 996 1798 1024 inveniri
1819 1003 1877 1024 non
1895 991 1993 1032 posse,
2015 989 2117 1038 certis-

1226 1037 1329 1078 fimum
1342 1037 1379 1077 est
1400 1063 1406 1069 .
1435 1042 1480 1070 Et
1496 1041 1683 1081 quotidianos
1696 1041 1839 1082 piandus
1850 1039 2041 1087 diversarum
2048 1050 2116 1083 pae-

1230 1090 1266 1121 ne
1289 1096 1485 1121 emortuarum
1503 1090 1636 1130 plebium
1652 1091 1725 1132 jam
1749 1103 1806 1125 non
1824 1091 2023 1136 sustinemus,
2050 1096 2115 1133 qui-

1229 1138 1285 1170 bus
1309 1137 1365 1177 nisi
1373 1137 1473 1182 fuerit
1489 1140 1651 1181 aliquando
1658 1139 1862 1182 subventum,
1884 1139 2000 1186 grivis
2027 1141 2114 1174 nobis

1226 1189 1259 1220 (9
1280 1187 1491 1229 inexcusabilis
1517 1190 1779 1223 innumerabilium
1797 1195 1970 1223 animarum
1989 1198 2114 1231 pereun-

1226 1242 1302 1269 tium
1322 1237 1415 1279 caussa
1437 1238 1522 1278 apud
1546 1241 1702 1271 Dominum
1723 1237 1866 1282 manfiira
1889 1238 1945 1279 est.
1976 1240 2029 1273 Ex
2052 1237 2114 1274 hac

1230 1287 1344 1329 inopia
1372 1287 1492 1320 factum
1513 1287 1557 1321 est
1570 1311 1582 1327 ,
1609 1298 1646 1322 ut
1659 1288 1809 1323 Africani
1825 1289 1980 1332 Episcopi
1997 1313 2009 1329 ,
2023 1287 2115 1333 Apo·

1228 1337 1353 1370 stolicis
1365 1345 1463 1379 atque
1476 1336 1549 1370 aliis
1568 1338 1736 1382 antiquis,
1756 1340 1790 1374 ὅ(
1805 1339 2038 1374 universalibus
2052 1340 2116 1374 Ec·

1228 1387 1306 1420 lefiae
1328 1385 1511 1420 canonibus
1531 1389 1731 1431 contemptis
1754 1414 1766 1429 ,
1798 1390 1937 1423 clericos
1961 1390 2035 1424 suos
2055 1389 2113 1424 fibi

1229 1438 1371 1470 invicem
1394 1435 1596 1480 praeriperent
1619 1462 1630 1477 ‚
1663 1449 1762 1482 atque
1783 1439 1862 1473 inde
1883 1451 1952 1473 non
1974 1440 2114 1474 modica:

1229 1486 1300 1521 lites
1324 1487 1571 1521 enascerentur.
1597 1486 1692 1523 Patet
1711 1489 1744 1522 id
1768 1501 1809 1522 ex
1829 1489 1916 1523 hisce
1933 1490 2020 1524 tertii
2035 1489 2114 1523 Car-

1228 1536 1426 1582 thaginensis
1448 1536 1594 1571 Concilii
1606 1532 1811 1573 canonibus.
1838 1542 1877 1572 Ut
1897 1541 2032 1573 clericum
2043 1541 2111 1572 alie·

1227 1598 1317 1625 num,
1341 1583 1395 1627 nisi*
1412 1588 1588 1621 concedente
1611 1590 1677 1629 ejus
1701 1588 1868 1632 Episcopo,
1890 1589 1971 1624 ne'mo
1999 1590 2110 1623 audeat

1226 1632 1281 1677 πρέ]
1298 1643 1426 1686 retinere
1451 1638 1504 1670 vel
1519 1646 1693 1679 promovere
1714 1644 1746 1672 in
1771 1639 1895 1682 Ecciefia
1907 1639 1964 1681 fibi
1985 1641 2107 1672 credita.

1226 1687 1408 1720 clericorum
1428 1696 1526 1719 autem
1547 1698 1652 1722 nomen
1674 1694 1765 1722 etiam
1786 1690 1907 1723 leblores
1928 1713 1938 1729 ‚
1968 1692 2002 1724 Θ·
2022 1688 2110 1733 Psal-

1225 1736 1339 1778 mr'flae,
1367 1738 1400 1770 ό·
1422 1736 1543 1777 ostiarii
1565 1744 1730 1772 retineant.
1758 1744 1796 1773 Ut
1821 1738 1986 1784 Episcopus
2009 1764 2022 1781 ,
2056 1746 2108 1782 qui
2127 1729 2210 1772 ca?-
2227 1738 2285 1774 45·

1220 1788 1324 1828 plures
1350 1785 1440 1819 babet
1464 1789 1602 1828 elericos,
1628 1795 1679 1830 ei,
1705 1796 1756 1832 qui
1772 1799 1836 1833 eget
1859 1814 1870 1830 ,
1898 1792 1943 1822 ad
1964 1790 2109 1823 ordinan-

1223 1838 1295 1869 dum
1313 1836 1475 1877 postulatus
1495 1839 1663 1880 largiatur.
1692 1843 1730 1872 Ut
1745 1841 1879 1873 clericum
1901 1842 2031 1873 alienum
2044 1841 2106 1872 nui·
2126 1829 2274 1874 C³P 44

1222 1887 1268 1919 lus
1287 1885 1342 1926 fibi
1360 1892 1524 1928 praeripiat
1538 1887 1704 1931 Epifi‘opus
1721 1898 1836 1932 praeter
1860 1893 1923 1931 eJ'us
1936 1890 2107 1930 arbitrium,

1221 1936 1302 1977 cujus
1318 1935 1418 1976 fuerit
1436 1936 1559 1970 clericus
1575 1961 1583 1970 .
1611 1938 1740 1979 Tanta,
1776 1951 1852 1974 ecce
1865 1964 1876 1980 ‚
1901 1948 1968 1974 erat
1988 1940 2035 1974 ibi
2045 1941 2108 1974 cle-

1223 1985 1366 2016 ricorum
1389 1984 1595 2029 indigentia,
1617 1988 1766 2031 adeoque
1785 1989 1906 2023 exinde
1925 1990 2109 2030 frequentia

1221 2041 1335 2064 eorum
1356 2032 1444 2073 quafi'
1464 2033 1572 2075 plagia
1588 2056 1599 2072 ,
1623 2044 1659 2068 ut
1678 2046 1716 2069 ea
1740 2036 1943 2069 testificaturi
1965 2038 2011 2080 pii
2035 2037 2122 2083 piar

1221 2081 1363 2124 giatores
1377 2080 1530 2122 Episcopi
1553 2081 1757 2123 Psalmistas,
1784 2085 1919 2118 lectores
1940 2097 1978 2118 ac
2002 2087 2111 2119 Ostia·

1221 2131 1286 2163 rios
1295 2129 1357 2162 esse
1378 2127 1515 2162 clericos
1528 2140 1686 2174 negarent
1698 2155 1705 2163 .
1730 2131 1852 2166 Eadem
1867 2132 1907 2166 de
1915 2137 2022 2168 caufla
2037 2135 2106 2169 Do-

1222 2178 1491 2212 natistarum”filii
1506 2203 1516 2219 ,
1540 2180 1688 2222 alioquin
1712 2182 1903 2225 irregulares
1923 2207 1934 2223 ,
1957 2184 2106 2218 dummo-

1221 2229 1265 2263 do
1290 2230 1324 2262 in
1347 2227 1487 2262 infantia
1520 2228 1674 2272 baptizati
1698 2231 1733 2265 in
1768 2242 1934 2274 paternam
1962 2232 2105 2268 haerefitn

1221 2288 1401 2321 numquam
1425 2278 1656 2320 declinassent,
1681 2281 1721 2315 ad
1748 2281 1899 2317 Ecclefiae
1919 2283 2043 2318 clerum
2056 2285 2108 2318 fu·

1220 2341 1273 2362 ere
1293 2328 1414 2372 ubique
1423 2329 1568 2363 adrniffi.
1594 2330 1706 2374 anue
1729 2334 1863 2374 penuria
1876 2333 2033 2367 laboravit
2047 2334 2107 2367 eti·

1221 2391 1272 2412 am
1298 2378 1439 2412 Ecclefia
1463 2379 1682 2422 Hipponensis
1704 2405 1711 2412 .
1748 2381 1814 2415 Pro
1836 2382 1970 2417 Lucilio
1984 2385 2107 2427 quippe

1223 2429 1377 2463 Diacono
1395 2429 1436 2462 ad
1461 2430 1603 2463 sanetum
1627 2430 1826 2474 Episcopum
1853 2457 1864 2472 ‚
1903 2434 2023 2466 Lucilli
2047 2435 2108 2466 fra-

1222 2490 1303 2512 trem
1327 2489 1541 2522 germanum‚
1570 2479 1742 2513 Novarum
1767 2481 1810 2514 fic
1821 2481 1930 2515 scribit
1952 2482 2109 2526 Augusti·

1223 2540 1282 2563 nus
1296 2552 1303 2559 .
1327 2529 1386 2561 sed
1406 2538 1470 2561 cum
1489 2529 1589 2561 latina
1601 2530 1703 2573 lingua
1714 2553 1724 2569 ,
1742 2532 1822 2571 cujus
1834 2535 1936 2573 inopia
1952 2538 1987 2565 in
1999 2532 2100 2568 noliris
2128 2528 2233 2573 Epist.

1221 2577 1387 2622 regionibus
1407 2580 1599 2621 Evangelica
1621 2578 1805 2622 dispensatio
1826 2582 1952 2614 multum
1975 2582 2105 2623 laborat,
2131 2590 2209 2626 242.

1222 2633 1281 2662 illic
1300 2638 1398 2661 autem
1421 2627 1553 2670 ejusdem
1573 2630 1683 2672 linguae
1706 2629 1774 2673 usus
1795 2638 1915 2664 omnino
1933 2630 1971 2673 fit
1990 2657 2000 2672 ,
2022 2637 2106 2666 itane

1220 2677 1316 2720 censes
1339 2689 1389 2710 nos
1408 2677 1503 2720 saluti
1519 2679 1650 2720 plebium
1674 2683 1792 2713 Domini
1807 2690 1938 2722 oportere
1946 2681 2114 2725 consulere‚·

1222 2739 1254 2762 ut
1273 2727 1349 2760 hanc
1353 2726 1530 2769 facultatem
1542 2730 1602 2762 illie
1608 2736 1776 2770 mittamus,
1787 2732 1820 2764 Θ
1833 2730 1901 2765 binc
1915 2732 2106 2775 auferamus,

1222 2780 1272 2812 ubi
1297 2789 1364 2811 eam
1385 2790 1491 2822 magno
1510 2781 1606 2812 cordis
1628 2779 1696 2819 aestu
1714 2783 1917 2822 requirimus?
1944 2784 1992 2814 Da
2004 2788 2106 2825 itaque

1222 2832 1363 2868 veniam,
1388 2830 1469 2871 quo'd
1487 2841 1544 2862 non
1561 2828 1655 2871 solum
1673 2839 1774 2862 contra
1797 2841 1881 2863 tuum
1908 2830 2106 2873 defiderium,

2132 1526 2213 1571 Cap.
2229 1537 2290 1563 21.

1207 2878 1274 2922 'sed
1297 2885 1497 2912 etiami-onera
1516 2878 1634 2922 sensum
1645 2892 1743 2912 meum
1758 2881 1840 2921 facio
1854 2895 1864 2914 .-
1891 2883 1984 2925 ‚Quod
1998 2894 2045 2915 me
2049 2882 2110 2924 fa*

1220 2941 1282 2962 cere
1290 2927 1412 2971 sarcina
1435 2929 1538 2968 nostrae
1555 2936 1634 2962 eurae
1653 2929 1839 2974 constringit.
1866 2932 1960 2964 Dabit
1980 2932 2038 2965 tibi
2046 2936 2106 2965 Do-

1221 2986 1344 3018 minus,
1366 2988 1401 3011 ut
1425 2980 1501 3013 tales
1518 2979 1580 3020 fint
1597 2979 1710 3013 labores
1738 2985 1783 3013 sui
1809 3005 1819 3020 ,
1847 2989 1879 3014 ut
1901 2991 1959 3023 pro
1985 2981 2035 3020 isto
2060 2982 2106 3014 be-

1219 3030 1317 3072 nefieio
1339 3034 1536 3062 remunereris
1564 3042 1575 3062 .-
1614 3032 1661 3062 sic
1681 3036 1761 3072 enim
1778 3037 1924 3073 regionum
1944 3031 2107 3071 nostrarum

1217 3080 1423 3118 ardentiffimae
1437 3079 1488 3121 siti
1510 3082 1675 3112 Diaconum
1698 3082 1845 3112 Lucillum
1865 3089 1899 3113 tu
1915 3081 2015 3122 potius
2037 3092 2104 3114 con·

1218 3128 1309 3169 cefflsti
1327 3152 1334 3159 .
1375 3129 1426 3162 Ex
1450 3129 1509 3162 hac
1532 3129 1643 3172 inopia
1663 3131 1784 3164 fastum
1808 3130 1854 3163 est
1880 3154 1891 3170 ,
1916 3142 1952 3165 ut
1975 3131 2108 3176 Hippo-

1217 3180 1306 3212 nenfi
1331 3178 1481 3213 Ecclefiae
1505 3178 1678 3223 praefideret
1701 3178 1804 3213 homo
1824 3191 1946 3224 graecus
1980 3193 2017 3215 ac
2037 3182 2106 3215 mi-

1218 3228 1355 3264 nisterio
1378 3228 1467 3262 verbi
1484 3240 1554 3264 non
1577 3230 1654 3263 satis
1673 3240 1767 3273 aptus
1786 3231 1921 3264 San-stus
1942 3230 2105 3266 Valerius-

1218 3281 1311 3314 Hinc
1324 3279 1407 3312 inter
1429 3279 1654 3326 Qintianum
1667 3290 1706 3314 ac
1717 3279 1943 3323 Augustinum
1964 3292 2035 3315 orta
2058 3281 2106 3316 est
2126 3287 2224 3332 Epist,

1217 3342 1255 3364 ea
1278 3330 1502 3363 controversia
1528 3338 1586 3374 pro
1609 3329 1722 3364 nescio
1746 3341 1815 3373 quo
1837 3328 2042 3365 adolescente
2064 3332 2104 3366 le·
2125 3349 2205 3385 235,

1218 3382 1304 3414 crore
1319 3404 1326 3411 .
1354 3378 1449 3413 Hinc
1470 3379 1690 3414 controversia
1716 3379 1804 3414 inter
1824 3381 1967 3415 eundern
1991 3381 2107 3427 Augu·
2123 3398 2208 3432 340.

1218 3430 1342 3466 stinum
1363 3440 1402 3465 ac
1424 3428 1493 3473 ejus
1515 3428 1747 3467 amiciffimum
1765 3431 1874 3466 civem
1895 3432 1984 3466 acin
1998 3443 2111 3467 mona-

1969 3481 2066 3516 sterio
