2384 3770
371 134 408 176 '2-
416 139 476 188 36

332 220 410 247 cato
437 209 612 253 primario:
640 221 720 258 ergo
741 210 916 255 suppositio
929 211 1079 256 copulata
1092 212 1138 246 est
1148 212 1210 255 spe·

336 262 403 295 cies
423 260 656 304 suppositionis
683 260 858 305 simplicis,
884 273 954 296 non
976 261 1054 297 vero
1075 262 1212 306 supposi-

335 309 438 343 tionis
462 312 640 354 personalis
656 337 663 344 .
691 313 840 346 Probatur
851 323 968 345 minor.-
993 314 1084 360 Qia
1097 315 1211 356 prima·

332 359 419 394 rium
446 362 752 407 vocisbcommunis
776 361 990 406 significatum
1019 362 1064 395 est
1098 373 1210 397 natura

335 411 545 454 communis3
572 412 751 457 significata
764 411 838 445 vero
858 410 925 452 ejus
939 413 1125 447 secundaria
1138 414 1211 446 sunt

333 461 447 495 omnia
472 458 563 496 istius
584 473 703 496 naturae
721 462 907 496 communis
921 462 1092 496 inferiora:
1121 462 1209 506 atqui

331 522 386 554 per
419 512 674 555 suppositionem
711 512 897 558 copulatam
932 522 998 545 vox
1027 514 1210 547 communis

331 562 527 607 supponitur
550 573 608 606 pro
630 563 696 595 sola
719 573 832 595 natura
856 562 1047 605 communi;
1077 574 1145 597 non
1156 575 1206 596 au·

330 621 397 647 tem
418 622 476 655 pro
500 612 634 657 singulis
655 621 775 644 naturae
797 609 1005 644 inferioribus
1026 623 1033 643 ι
1062 613 1145 647 verb.
1162 624 1208 657 gr.

330 673 398 696 vox
424 663 611 696 eommunis
631 660 714 694 bomo
736 673 791 704 per
828 661 1080 703 suppositionem
1102 673 1206 706 copu-

328 712 430 747 latam
452 713 644 756 supponitur
677 723 734 754 pro
758 711 829 746 solo
858 710 994 744 homine
1013 713 1210 753 communi,

330 772 400 796 non
422 764 499 796 vero
532 773 591 807 pro
623 761 758 804 singulis
788 760 976 796 hominibus
999 222 1231 820 sngularbusl

329 811 520 857 singillatim
553 811 686 859 sumptis
706 834 715 843 .
761 811 848 856 Ergo
881 822 935 854 per
958 812 1209 855 suppositionem

329 863 514 906 copulatam
546 860 739 904 supponitur
771 872 829 904 pro
853 861 922 894 solo
945 861 1002 895 suo
1029 863 1210 906 significato

329 913 505 957 primario,
536 921 604 943 nori
632 922 742 946 autem
768 923 825 954 pro
848 911 1070 945 secundariis:
1099 913 1208 946 Proba·

328 969 378 995 eur
400 966 518 994 minor:
547 960 636 1007 Qa
653 985 664 1001 ‚
691 963 737 994 uti
763 962 798 995 in
823 961 949 1006 Logica
961 962 1088 1004 dicam,
1118 973 1209 996 natu·

328 1023 363 1046 ra
385 1011 573 1045 communis
597 1010 684 1044 nihil
709 1010 754 1044 est
775 1011 885 1052 aliud,
912 1023 1010 1056 quam
1024 1013 1138 1047 omnia
1152 1013 1208 1046 sin-

328 1060 456 1106 gularia
479 1060 572 1094 simul
595 1061 742 1104 sumpta.-
771 1062 854 1095 verb.
865 1072 946 1105 grat.
962 1072 1074 1097 natura
1099 1062 1207 1096 huma-

328 1121 397 1152 na,
422 1110 472 1145 vel
496 1110 599 1145 homo
621 1111 957 1146 communisniliilest
969 1113 1057 1146 aliud
1073 1137 1082 1152 ‚
1110 1124 1208 1156 quarn

328 1168 444 1196 omnes
466 1160 618 1196 homines
639 1161 814 1206 singulares
837 1162 931 1195 simul
954 1164 1089 1205 sumpti:
1117 1163 1205 1196 adeo-

329 1223 393 1256 que
423 1220 503 1246 tunc
537 1222 603 1245 vox
640 1211 722 1245 bomo
754 1213 946 1256 supponitur
980 1223 1039 1254 pro
1072 1211 1209 1246 homine

328 1261 499 1296 communi
527 1286 538 1302 ,
575 1261 710 1306 quando
750 1263 944 1306 supponitur
977 1273 1035 1303 pro
1056 1261 1210 1296 omnibus

329 1310 523 1346 horninibus
540 1311 755 1357 singularibus
780 1313 873 1345 simul
896 1312 1029 1354 sumptis
1058 1336 1068 1352 ‚
1094 1313 1128 1346 δι
1151 1324 1209 1356 pro

328 1363 426 1396 nullo
460 1363 589 1396 seorsim
622 1363 751 1405 sumpto
774 1387 781 1394 .
820 1362 923 1404 Atqui
946 1373 1000 1405 per
1023 1361 1210 1405 suppositio·

328 1423 406 1447 nem
426 1412 614 1455 copulatam
638 1423 702 1445 vox
725 1413 919 1454 supponitur
943 1424 1002 1455 pro
1028 1413 1090 1446 suis
1102 1412 1209 1460 omni-

329 1461 388 1496 bus
412 1459 621 1496 inferioribus
657 1462 749 1495 simul
774 1463 910 1507 sumptis
927 1484 938 1501 ,
978 1463 1012 1496 δε
1037 1473 1095 1506 pro
1116 1463 1210 1498 nullo

328 1513 461 1546 seorsim
486 1513 633 1555 sumpto:
661 1523 740 1556 ergo
765 1523 819 1554 per
835 1511 1084 1554 suppositionem
1110 1525 1209 1556 copu-

329 1560 430 1596 latam
464 1562 657 1605 supponitur
690 1573 748 1607 pro
786 1562 850 1594 sola
874 1564 1176 1610 natura'communi
1200 1588 1211 1604 ,
1234 1566 1239 1570 ”

328 1623 399 1646 non
425 1612 503 1644 vero
523 1623 581 1653 pro
605 1619 725 1644 naturae
749 1610 973 1645 inferioribus.

381 1672 436 1698 22.
465 1664 511 1694 Et
535 1660 724 1702 confirmatur
747 1673 754 1692 :
785 1660 875 1706 Qia
902 1661 1137 1704 suppositiones
1157 1662 1211 1695 di-

279 1706 283 1710 ’
330 1710 453 1754 stingui
481 1710 601 1745 debent
623 1710 674 1745 vel
699 1721 796 1754 penes
820 1711 998 1755 significata
1020 1735 1030 1751 ,
1059 1723 1117 1754 pro
1140 1713 1209 1752 qui·

330 1760 392 1795 bus
414 1761 600 1803 supponunt
621 1785 632 1801 ,
673 1761 723 1794 vel
748 1772 844 1803 penes
874 1760 1008 1794 modum
1031 1761 1212 1805 significata

330 1807 588 1845 enumerandi?
615 1822 683 1844 non
705 1799 795 1844 eniiii
817 1810 899 1855 fingi
920 1822 997 1845 cum
1021 1811 1212 1845 fundamen·

333 1871 371 1895 to
396 1859 608 1906 potestflliud
631 1861 826 1903 principium
853 1861 1087 1905 suppositionis
1101 1861 1212 1895 distin-

335 1911 459 1944 ‹stivum
482 1934 492 1951 ‚
532 1922 570 1945 ac
597 1910 851 1952 specificativum
869 1934 876 1942 .
909 1911 1013 1951 Atqui
1038 1912 1214 1953 suppositio

330 1960 532 2003 simplex&
566 1960 741 2002 suppositio
777 1959 928 2002 copulata
952 1961 1141 2002 supponunt
1163 1970 1214 1992 vo-

331 2022 406 2045 cem
433 2021 492 2054 pro
514 2010 634 2044 eisdem
657 2010 848 2053 significatis
866 2010 982 2043 eodem
1011 2010 1113 2043 modo
1131 2020 1216 2043 enu-

332 2060 496 2097 metandis
521 2073 528 2092 ε
566 2072 646 2104 ergo
681 2060 742 2093 illae
773 2060 1007 2101 suppositiones
1035 2071 1101 2092 non
1118 2029 1239 2676 inlex

333 2122 427 2145 runt.
459 2110 608 2143 Pr0baiur
630 2115 742 2140 minor:
769 2108 858 2152 Qia
884 2107 918 2139 in*
942 2106 1003 2139 hac
1025 2107 1217 2148 propositio-

1256 2021 1262 2125 Ι

333 2172 378 2195 ne
398 2184 405 2192 .
436 2168 527 2196 Homo
545 2157 582 2197 est
604 2156 715 2200 species
738 2180 749 2196 ‚
775 2167 840 2188 vox
865 2155 947 2188 bomo
969 2155 1125 2198 accipitur
1147 2156 1215 2188 sirn-

333 2210 463 2255 pliciter
475 2221 489 2250 ;
515 2209 549 2242 in
563 2207 624 2242 bac
648 2205 724 2240 vero
738 2229 749 2246 ‚
776 2210 887 2238 Omnes
910 2205 1038 2237 homines
1056 2204 1130 2248 sunt
1149 2205 1217 2248 infi-

334 2265 395 2295 niti
409 2282 421 2298 ,
450 2270 515 2292 vox
540 2257 669 2290 hommes
694 2256 853 2297 accipitur
873 2255 1053 2297 copulatim
1077 2279 1083 2286 .
1111 2256 1216 2297 Atqui

334 2308 508 2350 utrobique
540 2305 698 2348 accipitur
732 2315 792 2347 pro
814 2303 935 2337 eisdem
957 2303 1144 2347 significatis
1163 2315 1216 2337 eo·

333 2361 411 2393 dem
436 2357 538 2391 modo
558 2352 805 2390 enumerandis:
834 2354 994 2397 accipitur
1012 2355 1100 2388 enim
1131 2364 1216 2388 utro-

334 2410 434 2453 bique
456 2419 514 2450 pro
536 2405 694 2439 omnibus
718 2404 782 2438 suis
806 2404 1014 2438 inferioribus
1028 2415 1216 2438 enumeran-

334 2458 386 2493 dis
407 2456 589 2501 copulatim
608 2480 615 2487 .
659 2454 749 2498 Ergo
785 2454 962 2497 suppositio
983 2455 1116 2497 simplex
1136 2479 1147 2494 ‚
1184 2455 1216 2488 ὅ(

333 2508 512 2554 suppositio
532 2505 682 2549 copulata
703 2505 1013 2547 supponuntvocem
1029 2515 1086 2547 pro
1098 2504 1217 2538 eisdem

335 2558 528 2604 significatis
546 2555 662 2590 eodem
686 2553 787 2588 modo
810 2555 1040 2588 enumerandis
1071 2578 1078 2586 .
1115 2554 1217 2601 Qiod

336 2622 405 2644 vox
426 2608 558 2640 homines
582 2606 625 2639 ita
655 2604 834 2648 accipiatur
867 2605 901 2637 in
927 2604 1146 2648 propositione
1170 2606 1219 2638 se-

338 2656 466 2697 cunda,
492 2658 616 2692 clarum
639 2655 683 2689 est
704 2667 718 2697 ;
747 2665 806 2688 nec
828 2654 914 2687 ullus
935 2654 1082 2699 negabit.
1114 2654 1215 2700 Qod

338 2711 386 2745 ita
406 2720 471 2742 vox
501 2706 587 2739 homo
616 2707 714 2740 etiam
738 2705 916 2746 accipiatur
939 2706 971 2738 in
1001 2703 1220 2748 propositione

339 2760 464 2804 prima,
489 2757 535 2791 est
557 2756 644 2797 aeque
666 2757 815 2789 clarum:
844 2755 931 2800 Qia
956 2767 1020 2789 vox
1043 2754 1124 2788 bomo
1138 2756 1219 2788 acci·

340 2810 427 2854 pitur
448 2807 493 2841 ibi
517 2818 575 2851 pro
596 2806 732 2839 homine
758 2806 930 2838 communi
956 2819 967 2838 .·
1004 2805 1094 2848 atqui
1118 2804 1220 2838 homo

344 2857 532 2894 communis
551 2854 634 2889 nihil
658 2855 703 2889 est
727 2855 760 2887 in
785 2866 817 2888 re
840 2856 927 2888 aliud
951 2879 963 2895 ‚
988 2866 1085 2896 quam
1106 2865 1221 2888 omnes

342 2909 499 2944 homines
518 2906 690 2950 singulares
711 2904 806 2938 simul
829 2905 970 2947 sumpti:
997 2914 1032 2938 ut
1057 2905 1164 2937 dicam
1186 2905 1218 2937 in

343 2960 470 3003 Logica
497 2983 504 2990 .
549 2957 637 3001 Ergo
677 2966 741 2989 vox
772 2954 853 2987 homo
880 2955 1074 2997 supponitur
1097 2954 1141 2987 ibi
1165 2965 1220 2997 pro

343 3010 499 3044 omnibus
515 3007 583 3040 suis
605 3005 813 3040 inferioribus
850 3004 943 3038 simul
968 3004 1103 3047 sumptis
1123 3016 1222 3048 copu-

344 3060 440 3094 latim
464 3055 712 3094 enumerandis.

396 3120 453 3156 25.
481 3107 545 3142 His
569 3116 675 3140 tamen
703 3117 771 3140 non
789 3104 995 3139 obstantibus
1014 3129 1025 3146 ,
1050 3103 1126 3138 dico
1147 3104 1221 3147 sup-

349 3161 545 3201 positionem
567 3157 755 3199 copulatam
778 3167 845 3189 non
870 3156 931 3188 esse
955 3155 1091 3199 speciem
1113 3156 1222 3197 suppo·

350 3209 475 3243 sitionis
504 3206 675 3251 simplicis,
702 3207 753 3240 sed
769 3205 964 3249 personalis3
991 3204 1134 3248 adeoque
1145 3204 1226 3238 bene

353 3259 502 3302 assignari
534 3267 674 3301 quatuor
695 3256 815 3300 species
838 3255 1065 3299 suppositionis
1082 3256 1226 3299 persona·

355 3307 395 3340 lis
416 3308 621 3342 communis.
650 3307 716 3341 Pro
735 3305 901 3340 solutione
924 3316 1032 3339 tamen
1057 3316 1225 3351 argumen-

355 3355 384 3388 ti
406 3355 470 3397 jam
491 3357 585 3398 facti,
611 3356 740 3391 adverte
762 3367 832 3390 uno
855 3355 973 3391 verbo:
1001 3355 1093 3402 Qid
1112 3357 1149 3390 sit
1169 3367 1226 3389 na-

357 3413 430 3437 tura
454 3408 637 3440 communis
652 3429 662 3444 ‚
687 3418 786 3450 quam
799 3406 915 3440 dicunt
932 3406 1023 3440 vocis
1044 3406 1230 3440 communis

361 3454 425 3491 esse
445 3454 663 3501 significatum
685 3457 895 3500 primarium,
919 3456 952 3491 &
978 3456 1148 3500 quomodo
1174 3455 1230 3491 illa

1049 127 1208 174 Distu
1247 127 1371 176 XVI.
1422 132 1560 177 Dun.
1599 134 1676 179 111.

1269 211 1397 249 differat
1418 214 1436 248 ὲ
1460 215 1677 260 singularibus
1696 238 1707 254 ‚
1740 215 1793 248 seu
1815 214 2020 251 inferioribus
2042 238 2053 255 ,
2079 224 2148 258 qun

1270 264 1344 299 sunt
1369 265 1552 310 significata
1575 265 1781 300 secundaria.
1809 264 1934 301 Natura
1957 276 2036 310 ergo
2057 275 2146 298 com-

1271 315 1530 358 munis(saltem
1562 325 1599 350 ut
1631 315 1715 350 mihi
1751 315 1855 348 visum
1886 314 2065 357 estynihil
2097 313 2145 348 est

1270 364 1359 398 aliud
1380 388 1393 406 ,
1429 377 1527 410 quam
1559 367 1673 400 omnia
1710 365 1862 399 inferiora
1884 364 1976 399 fimul
1997 366 2145 408 sumpta,

1269 425 1431 457 quatenus
1456 418 1688 459 concipiuntur
1708 417 1742 450 ὄσ
1764 415 1987 459 significantur
2005 414 2071 448 sine
2084 414 2148 448 dif-

1271 464 1413 497 ferentiis
1439 466 1502 499 suis
1525 459 1740 508 dissinstivis3
1767 464 1938 510 verb.gtat.
1963 473 2076 498 natura
2087 463 2146 497 hu-

1271 525 1365 547 mana
1388 514 1576 549 communis
1598 515 1682 552 nihil
1708 515 1754 550 est
1774 515 1888 555 aliud,
1907 524 2006 559 quam
2030 523 2146 547 omnes

1274 563 1423 598 homines
1444 565 1619 609 singulares
1645 566 1737 600 simul
1758 565 1877 609 sumpti
1899 590 1909 606 ,
1946 572 2106 608 quatenus
2127 561 2148 595 ὶ

1273 613 1366 647 nobis
1387 615 1619 662 concipiuntur
1637 639 1648 656 ,
1685 626 1723 649 ac
1754 615 1974 660 significantur
1995 614 2062 647 sine
2083 612 2149 645 Pe-

1271 663 1416 704 treitate,
1442 663 1646 704 Pauleitate,
1672 664 1901 707 Joanneitate‚
1928 664 2064 708 aliisque
2086 659 2149 694 dif-

1273 714 1419 748 ferentiis
1454 725 1603 748 naturam
1623 711 1813 748 'humanam
1846 709 2149 758 singularizantibus

1271 765 1302 797 ὅ(
1327 762 1609 799 individuantibus
1628 789 1636 796 .
1675 763 1804 798 Natura
1824 763 1971 798 animalis
1994 763 2026 797 in
2052 771 2149 797 com-

1272 815 1363 854 muni
1387 814 1469 848 nihil
1492 813 1537 847 est
1573 814 1661 849 aliud
1686 836 1698 854 ‚
1732 825 1828 860 quam
1860 815 1973 848 omnia
1994 811 2149 847 animalia

1274 864 1442 908 singularia
1469 864 1560 899 simul
1583 865 1709 906 sumpta
1731 889 1742 906 ,
1778 875 1936 907 quatenus
1957 863 2150 905 concipiun-

1271 925 1321 947 tur
1341 914 1374 947 &
1398 915 1621 959 fignificantur
1647 915 1711 949 fine
1734 914 1909 948 Petreitate
1935 938 1947 954 ‚
1983 911 2150 955 Bucepha-

1274 965 1406 998 leitate:
1434 965 1497 999 siue
1508 965 1746 1005 rationalitate,
1776 963 2046 1002 irrationalitate,
2065 961 2150 996 aliis·

1271 1025 1333 1058 que
1363 1014 1554 1048 differentiis
1587 1025 1735 1048 naturam
1761 1014 1911 1049 animalis
1933 1011 2150 1058 specificantia

1273 1065 1350 1106 bus,
1378 1064 1428 1098 vel
1450 1063 1748 1098 individuantibus.
1777 1063 1990 1109 Naturaergo
2001 1072 2150 1098 commu-

1275 1113 1321 1146 nis
1342 1115 1388 1148 est
1417 1114 1549 1158 quidem
1568 1115 1682 1148 omnia
1704 1114 1877 1158 singularia
1889 1115 2150 1156 simulsumpta,

1272 1173 1338 1196 non
1368 1174 1478 1197 tamen
1501 1164 1587 1198 nude
1610 1164 1789 1199 secundum
1811 1166 1842 1198 se
1863 1176 1878 1206 ;
1916 1163 1971 1197 sed
1992 1171 2151 1208 concepta
2171 1170 2179 1182 ··

1271 1213 1336 1246 sine
1347 1213 1541 1248 differentiis
1552 1213 1823 1249 contrahentibus
1836 1226 1844 1247 ι
1873 1212 2046 1259 singularia
2059 1212 2150 1247 enim

1270 1263 1363 1296 simul
1386 1263 1533 1307 sumpta,
1559 1275 1598 1298 ac
1618 1274 1694 1299 cum
1709 1265 1772 1298 suis
1794 1263 2027 1304 contrastivis,
2052 1274 2090 1296 ac
2102 1259 2151 1295 di-

1272 1312 1428 1348 stinfflvis
1450 1314 1642 1352 differentiis
1667 1325 1825 1357 concepta
1848 1324 1919 1348 nou
1939 1314 2013 1347 sunt
2037 1320 2149 1346 natura

1271 1363 1456 1398 c'ommunis
1475 1387 1486 1403 ,
1523 1365 1578 1399 sed
1611 1373 1732 1403 naturae
1758 1363 1944 1398 communis
1973 1362 2150 1400 inferiora,

1270 1426 1308 1447 ac
1330 1413 1547 1458 subiicibilia:
1575 1425 1680 1458 neque
1704 1413 1746 1448 sic
1768 1415 1842 1448 sunt
1864 1414 1954 1447 vocis
1964 1408 2151 1446 communis

1270 1464 1489 1507 significatum
1519 1463 1733 1507 primarium,
1759 1465 1812 1499 sed
1835 1464 2012 1509 significata
2034 1462 2152 1496 secun·-

1270 1513 1358 1547 daria
1372 1538 1380 1546 .
1405 1515 1487 1561 Qo
1509 1515 1612 1556 posito

1326 1573 1381 1609 24.
1411 1565 1458 1596 Ad
1481 1574 1687 1606 argumentum
1708 1562 1783 1606 resp.
1813 1561 2153 1607 negandoamecedens=

1272 1613 1316 1646 Et
1339 1615 1372 1646 in
1395 1624 1470 1647 toto
1491 1617 1676 1657 argumenti
1700 1614 1835 1648 decursu
1861 1624 1947 1657 nego
1960 1623 2055 1647 voces
2065 1621 2155 1646 com-

1273 1673 1386 1696 munes
1420 1673 1474 1705 per
1505 1663 1756 1706 suppositionem
1791 1665 1978 1706 copulatam
2012 1660 2154 1705 supponi

1273 1724 1332 1755 pro
1354 1721 1467 1746 natura
1497 1714 1670 1759 communi
1688 1727 1703 1752 ·,
1740 1725 1778 1747 ac
1806 1713 1864 1747 suo
1888 1713 2071 1756 significato
2096 1710 2158 1754 pri-

1273 1762 1398 1802 mario,
1425 1763 1459 1796 &
1481 1762 1559 1797 dico
1583 1763 1655 1796 illas
1673 1764 1776 1805 accipi
1808 1773 2009 1806 promaturae
2022 1762 2160 1795 inferio-

1273 1811 1384 1852 ribus,
1409 1823 1447 1846 ac
1469 1812 1532 1846 suis
1558 1813 1747 1857 significatis
1760 1810 1976 1846 secundariis:
2002 1812 2154 1854 adeoque

1273 1862 1523 1905 suppositionem
1544 1863 1729 1906 copulatam
1744 1862 1932 1896 nullatenus
1943 1862 2005 1895 effe
2018 1860 2156 1904 speciem

1274 1912 1506 1954 suppositionis
1528 1913 1699 1956 simplicis,
1720 1913 1774 1946 sed
1798 1923 1907 1946 veram
1935 1911 2073 1954 speciem
2087 1910 2159 1951 sup·

1275 1959 1447 2003 positionis
1481 1963 1658 2005 personalis
1681 1985 1689 1994 .
1728 1964 1824 1994 Raeto
1844 1960 1881 2001 est
1906 1973 1914 1992 z
1945 1961 2036 2007 Qia
2062 1967 2161 1993 voces

1274 2020 1466 2044 communes
1499 2022 1554 2054 per
1585 2011 1838 2055 suppositionem
1875 2011 2061 2053 copulatam
2089 2019 2160 2042 non

1277 2059 1505 2102 supponuntur
1529 2073 1586 2103 pro
1606 2061 1669 2095 suis
1688 2060 1896 2095 inferioribus
1915 2060 1933 2093 a
1956 2061 2019 2094 suis
2037 2059 2161 2103 singu-

1276 2109 1458 2141 laritatibus
1478 2110 1658 2148 abstractis,
1687 2112 1738 2142 sed
1762 2111 1896 2151 proillis
1909 2110 2159 2146 concretiscum

1277 2156 1341 2192 suis
1362 2157 1653 2201 singularitatibus:
1683 2161 1773 2199 atqui
1794 2158 1950 2191 inferiora
1973 2158 2160 2191 simulsum·

1278 2217 1330 2250 pta
1343 2231 1355 2246 ,
1382 2217 1458 2240 cum
1486 2208 1550 2241 suis
1570 2205 1842 2251 singularitatibus
1862 2218 2016 2241 concreta
2029 2208 2061 2241 ὅ(
2076 2215 2162 2240 con-1

1277 2267 1371 2298 cepta
1396 2279 1407 2295 ,
1433 2267 1502 2289 non
1525 2258 1597 2289 sunt
1620 2266 1735 2290 natura
1756 2257 1943 2290 communis
1966 2267 2021 2299 per
2043 2266 2162 2291 vocem

1278 2315 1489 2338 communem
1512 2306 1668 2348 primario
1690 2306 1889 2350 significat,
1917 2305 1970 2339 sed
1997 2306 2071 2339 sunt
2099 2315 2163 2338 na-

1280 2366 1356 2388 turoe
1375 2356 1564 2389 communis
1585 2355 1781 2390 subiicibilia
1807 2367 1861 2399 pei·
1884 2366 2000 2390 vocem
2014 2365 2164 2390 commu-

1281 2416 1356 2439 nem
1374 2404 1566 2439 secundarid
1599 2407 1781 2450 fignificata
1801 2419 1809 2439 ε
1847 2417 1926 2451 ergo
1948 2416 2043 2440 voces
2067 2415 2163 2440 com·

1281 2466 1396 2489 munes
1417 2454 1435 2488 a
1461 2456 1683 2499 suppositione
1709 2456 1862 2499 copulata
1885 2466 1952 2490 non
1976 2457 2162 2498 supponun-

1281 2516 1332 2539 tur
1366 2516 1425 2548 pro
1454 2506 1514 2539 suo
1536 2505 1719 2549 significato
1742 2503 1896 2547 primario
1921 2529 1932 2544 ,
1971 2515 2075 2546 neque
2100 2514 2162 2547 pro

1280 2564 1394 2590 natura
1421 2556 1591 2589 communi
1611 2566 1621 2590 ;
1658 2553 1711 2588 sed
1732 2565 1790 2597 pro
1823 2556 1886 2588 suis
1907 2554 2093 2598 significatis
2118 2554 2162 2587 se·

1280 2604 1443 2640 eundariis
1464 2629 1475 2646 ‚
1502 2615 1540 2638 ac
1562 2615 1620 2648 pro
1642 2614 1765 2639 naturae
1785 2604 1973 2650 communis
1994 2603 2161 2638 inferior?

1281 2655 1340 2690 bus
1358 2678 1366 2686 .

1330 2715 1384 2751 25.
1413 2705 1463 2738 Ad
1485 2705 1731 2748 confirmationem
1745 2703 1835 2748 falsa
1856 2704 1894 2744 est
1916 2705 2012 2746 major
2027 2716 2043 2736 -:
2084 2704 2161 2746 Sup-

1283 2755 1458 2798 positiones
1480 2754 1601 2798 quippe
1624 2765 1691 2788 non
1716 2755 1822 2788 solum
1850 2754 2100 2799 distinguuntur
2122 2764 2163 2788 ac

1284 2805 1509 2847 specificantur
1533 2816 1630 2848 penes
1661 2803 1729 2839 duo
1750 2805 1907 2848 principia
1932 2805 1980 2839 ibi
2002 2803 2162 2846 addusta3

1286 2855 1339 2889 sed
1361 2866 1492 2899 oportet
1515 2854 1630 2889 addere
1641 2856 1796 2888 tertium:
1826 2855 1979 2890 videlicet
2000 2853 2161 2889 diversum

1284 2905 1485 2949 supponendi
1507 2905 1660 2939 modum.
1687 2904 1848 2939 Concedo
1859 2916 1938 2950 ergo
1962 2915 2060 2939 voces
2072 2914 2162 2938 com-

1284 2967 1398 2990 munes
1417 2956 1436 2989 a
1457 2956 1674 2998 suppositione
1695 2955 1828 2998 simplici
1853 2956 1885 2989 δε
1910 2955 2060 2998 copulata
2084 2954 2161 2995 sup·-

1285 3007 1364 3050 poni
1388 3017 1447 3049 pro
1465 3005 1585 3039 eisdem
1609 3005 1796 3050 significatis
1816 3005 1932 3039 eodem
1955 3004 2057 3037 ruodo
2081 3014 2160 3036 enu-

1286 3056 1470 3100 merandis;
1497 3055 1575 3090 dico
1597 3065 1704 3089 tamen
1723 3055 1954 3099 suppositiones
1972 3054 2034 3087 esse
2058 3053 2162 3087 diver·

1287 3108 1351 3146 sas,
1379 3119 1417 3141 ac
1439 3106 1544 3150 specie
1572 3105 1757 3140 distinstas:
1786 3104 1876 3149 Quia
1888 3105 1963 3138 licet
1976 3105 2161 3146 supponant

1287 3167 1345 3200 pro
1368 3157 1488 3190 eisdem
1510 3156 1694 3200 significatis
1717 3179 1728 3195 ‚
1755 3165 1822 3188 non
1845 3165 1953 3188 tamen
1974 3154 2162 3196 supponunt

1289 3217 1346 3249 pro
1366 3207 1488 3240 eisdem
1506 3206 1693 3251 significatis
1717 3204 1834 3238 eodem
1858 3204 1960 3238 modo
1972 3203 2160 3245 conc'eptis.

1289 3256 1378 3290 Nam
1416 3257 1592 3301 suppositio
1625 3253 1754 3299 simplex
1788 3255 1940 3297 supponit
1972 3264 2031 3297 pro
2064 3252 2161 3293 illis,

1289 3317 1448 3349 quatenus
1471 3307 1702 3350 concipiuntur
1727 3305 1791 3337 fine
1811 3303 2003 3339 differentiis
2030 3303 2092 3336 suis
2116 3300 2164 3334 di-

1291 3357 1446 3391 stinElivis
1469 3380 1481 3397 ,
1516 3356 1550 3390 δε
1572 3365 1729 3399 quatenus
1757 3356 1831 3388 sunt
1865 3356 1956 3390 vocis
1977 3353 2165 3394 communis

1292 3406 1508 3452 significatum
1525 3405 1710 3450 primarium
1729 3416 1736 3436 :
1765 3416 1797 3439 at
1818 3403 1894 3439 vero
1916 3401 2089 3448 suppositio
2112 3414 2168 3435 co-

1293 3458 1406 3503 pulata
1425 3455 1577 3502 supponit
1598 3466 1657 3500 pro
1678 3455 1761 3495 illis,
1790 3464 1954 3498 quatenus
1973 3453 2170 3496 concipiun-

2070 3511 2122 3537 tur
