2384 3770
604 127 764 183 Quin
801 127 895 173 Sifr
935 124 1113 169 Prot».
1153 125 1503 182 SIMP.Qu1D
1537 129 1722 173 COMP-

259 224 341 262 ἥς,
356 215 402 259 fi,
424 220 522 258 quia,
545 217 599 250 &a
614 217 682 250 111ae
714 227 791 261 ergo
810 224 925 248 omnes
945 211 1130 253 orationes,

255 278 326 311 quae
346 266 496 300 constant
515 266 660 308 pluribus
689 264 963 308 propositionibus
985 262 1133 306 simplici-

253 317 314 353 bus
325 317 379 350 tali
393 317 623 359 conjunctione
646 316 728 349 inter
739 317 768 348 se
781 313 966 355 conjunctis
978 337 988 353 ‚
1015 324 1131 347 vocan-

254 376 308 401 tur
319 367 352 400 ἃ.
365 368 436 400 sunt
450 367 683 409 propositiones
695 364 876 405 compositae
888 388 897 402 ‚
923 363 956 397 δε
975 362 1130 405 hypothe-

255 417 339 450 ticae.
352 417 405 451 Ut
420 433 430 457 5
446 419 551 449 Petrus
565 416 602 453 ιβ
614 414 694 446 homo
702 437 712 453 ‚
724 415 757 450 (π
771 413 956 454 Bucephalus
968 414 1007 452 ιβ
1020 425 1129 455 equus.

255 469 420 506 sionei-ir,
446 460 627 507 fies-Caesar.
657 461 861 505 lpraesuntin
872 464 1026 496 flandria
1045 476 1149 510 :ergo

251 515 377 559 suntin
388 519 511 560 Belgio.
536 513 667 554 Debet,
694 515 853 555 inquam,
879 514 1058 556 propositio
1072 513 1127 557 hy-

254 565 420 609 pothetica
434 568 495 599 efle
508 564 684 606 composita
698 574 738 596 ex
755 563 899 606 pluribus
913 564 1130 606 simplicibus:

253 626 322 650 non
345 616 473 659 quidem
496 614 640 656 expresse
659 614 690 647 <Sc
712 615 914 656 formaliter3
945 614 996 647 [εά
1021 613 1067 647 vel
1080 625 1131 647 ex·

253 665 356 710 presse
372 665 406 698 ὅτ
426 665 607 698 formaliter
629 687 638 701 ‚
668 665 717 697 vel
743 665 855 698 saltem
887 663 1066 706 implicite,
1094 676 1130 697 ac

252 714 444 748 virtualiter.
474 714 561 748 Nam
586 713 632 751 hae
644 724 830 755 orationes,
856 716 1028 754 sivit-eris,
1057 713 1132 747 dabo

253 764 308 797 eibi
331 770 429 797 vitam
453 773 614 797 aternam.
642 768 843 798 cumvenerit
860 766 1056 804 paraclitus,
1083 766 1130 796 do-

251 814 326 847 cebir
346 825 398 847 vos
419 824 532 846 omnem
551 818 709 847 veritatem
721 836 731 852 ‚
746 806 806 851 &c-
829 815 911 848 Sunt
923 814 956 847 ὃς
970 812 1130 846 habentur

251 855 295 899 ab
305 864 458 898 omnibus
478 875 535 906 pro
548 863 822 907 propositionibus
841 862 1084 906 hypotheticis.-
1096 864 1128 897 ἀ

251 923 362 949 tamen
387 926 454 948 non
467 911 619 948 constant
641 923 682 946 ex
696 908 971 956 propositionibus
982 913 1128 955 simplici

252 963 313 998 bus
334 965 426 1005 astu,
452 964 505 1009 sed
529 963 598 999 sola
619 963 738 998 virtute
761 962 926 1007 pluribus:
955 973 990 997 ut
1004 963 1128 997 clarum

251 1008 482 1052 esti'ntuenti:
527 1031 569 1055 .-·>-
647 1033 650 1037 ›
680 1031 682 1033 v
744 1034 747 1038 -
812 1012 866 1044 „a

305 1063 357 1099 16
381 1031 542 1107 Simplex·
534 1037 643 1107 itaque
655 1064 689 1097 ὃς
701 1049 1069 1108 σιτεςοηεαβῐοροίὶειο
1083 1063 1127 1097 est

91 1116 122 1151 ἢ,
143 1097 207 1159 '³14'
252 1113 329 1153 illa,
358 1125 428 1157 quae
448 1125 488 1147 ex
512 1114 656 1157 pluribus
677 1113 732 1147 sibi
754 1114 870 1148 mutuo
882 1114 1128 1158 grammaticali-

252 1174 301 1197 ter
319 1164 498 1207 conjunffls
510 1188 520 1204 ,
548 1175 654 1207 neque
665 1166 735 1197 actu
751 1189 761 1206 ‚
785 1175 890 1208 neque
913 1165 1030 1197 virtute
1042 1175 1116 1197 com

252 1213 352 1256 posita
374 1214 419 1247 est
435 1238 444 1247 .
465 1214 535 1255 Ut,
566 1217 674 1248 Petrus
699 1213 736 1254 ιβ
757 1214 838 1246 bomo
856 1237 866 1252 ‚
885 1218 1027 1258 Joannes
1044 1238 1053 1253 ‚
1079 1220 1129 1256 qui

249 1268 361 1303 currit,
387 1263 426 1302 ιβ
450 1264 569 1296 animal
587 1289 597 1304 ‚
624 1266 681 1298 &a
704 1265 824 1298 Differt
844 1276 924 1308 ergo
949 1265 1128 1307 propositio

249 1312 384 1355 simplex
406 1313 424 1345 a
445 1313 647 1356 composita,
676 1324 743 1347 non
757 1315 866 1354 ineo,
893 1315 982 1357 quod
993 1314 1127 1356 simplex

249 1361 399 1396 includat
429 1362 641 1397 solummodo
673 1364 804 1397 unicam
827 1363 1092 1398 enuntiationem
1115 1387 1125 1403 ,

248 1413 426 1455 composita
437 1414 512 1446 vero
526 1412 670 1447 includat
681 1414 786 1457 plures
797 1438 804 1446 .
837 1414 1027 1457 Utrumque
1037 1414 1126 1447 enim

248 1462 363 1496 falsum
386 1463 431 1496 est
454 1487 461 1495 .
489 1463 576 1497 Fieri
599 1464 719 1506 quippe
738 1463 866 1506 potest,
891 1473 928 1496 ut
950 1463 1126 1506 propositio

248 1512 382 1554 simplex
404 1512 550 1546 includat
578 1512 814 1555 propositiones
825 1512 951 1555 plures,
979 1513 1027 1546 uti
1042 1513 1123 1546 fitin

246 1559 329 1598 hac,
356 1564 486 1602 Petrus,
517 1568 568 1605 qui
578 1566 669 1594 currit
686 1585 696 1602 ,
718 1561 757 1602 ιβ
766 1563 904 1604 animal,·
917 1562 949 1595 ὅ(
963 1572 1000 1596 ut
1012 1573 1123 1606 propo·

245 1610 319 1645 sitio
338 1614 509 1655 complexa
531 1622 598 1645 non
621 1611 770 1646 includat
795 1612 899 1655 plures
921 1635 932 1651 ‚
958 1613 1006 1646 uti
1030 1613 1067 1646 fit
1090 1613 1122 1646 in

246 1659 309 1695 hac
322 1685 333 1701 ,
358 1664 390 1695 si
401 1667 511 1695 viceris
527 1684 537 1700 ,
561 1661 638 1694 dabo
646 1662 704 1694 tibi
719 1667 817 1695 vitam
826 1670 974 1695 aeternam
986 1685 995 1693 .
1021 1661 1125 1697 Diffe-

245 1711 348 1761 tentia
368 1722 449 1755 ergo
468 1709 582 1745 harum
603 1712 863 1755 propositionum
887 1710 1015 1745 desumi
1028 1712 1125 1746 debet

228 1770 286 1794 tex
308 1761 427 1805 copula
448 1761 635 1805 principali:
665 1762 754 1796 Nam
767 1762 997 1805 propositionis
1008 1762 1123 1805 simpli·

242 1812 290 1845 eis
309 1811 428 1855 copula
442 1811 626 1855 principalis
637 1811 682 1844 est
697 1812 832 1846 verbum
846 1823 856 1851 ς
882 1811 1061 1854 complexae
1074 1823 1123 1845 ve·

242 1859 282 1895 ῐό
300 1861 419 1905 copula
441 1862 627 1905 principalis
650 1863 713 1895 esse
724 1861 818 1896 debet
830 1861 939 1903 aliqua
951 1861 1124 1895 Gramma·

242 1909 349 1943 ticalis
367 1911 557 1954 conjunctio
569 1936 577 1944 .
608 1911 650 1943 Et
671 1910 750 1945 hinc
764 1912 941 1955 propositio
953 1913 1123 1952 complexa

241 1957 369 1992 definiri
393 1970 460 1993 non
473 1959 566 1993 debet
578 1958 640 1992 hoc
655 1961 775 1994 modo:
810 1961 863 1992 Est
877 1960 1053 2002 propositio
1068 1960 1122 1993 in-

242 2007 376 2042 cludens
396 2009 630 2052 propositiones
652 2010 756 2051 plures
779 2021 789 2051 ;
818 2009 881 2043 Sed
909 2009 973 2043 hoc
1000 2010 1117 2043 modo:

243 2057 298 2091 Est
322 2060 500 2107 propositio
523 2058 692 2093 includens
703 2060 939 2103 propositiones
952 2058 1057 2101 plures
1067 2058 1122 2092 ali-

240 2117 303 2150 qua
320 2108 555 2150 conimiffione
576 2108 826 2141 Grammaticali
846 2107 903 2139 sibi
918 2118 1034 2140 mutuo
1045 2119 1122 2141 con·

240 2167 357 2191 nexas.
429 2160 447 2176 ⁴

294 2218 346 2254 1.7
374 2207 429 2240 De
440 2206 605 2249 speciebus
615 2208 649 2241 δε
661 2205 875 2239 divisionibus
888 2206 1116 2249 propositionis

1940 142 2036 189 257

1193 212 1426 257 propositionis
1445 210 1624 256 complexae
1644 215 1811 259 speciebus
1831 241 1842 258 ,
1877 228 1946 263 quae
1964 217 2062 254 facile

1193 265 1320 307 possunt
1335 262 1441 307 fingi,
1467 264 1709 307 &excogitari.

1248 310 1297 349 18.
1326 315 1541 354 Petesprima:
1568 314 1660 361 Qid
1687 319 1862 360 requiratur
1887 317 1927 352 ad
1955 318 2067 353 verita*

1192 370 1256 397 tem
1286 363 1481 407 singularum
1501 362 1613 397 harum
1637 375 1900 402 enuntiationum
1925 369 1938 402 il
1977 367 2068 412 Resp-

1195 412 1245 446 Ad
1260 412 1424 446 veritatem
1439 413 1632 456 copulativae
1644 416 1812 456 requiritur
1827 418 1939 450 veritas
1954 420 2069 452 utrius-

1192 463 1495 506 quepropositionis
1508 462 1678 506 simplicis.
1706 467 1860 506 Ratioest:
1886 467 1973 513 Qia
1987 477 2068 502 utra-

1191 524 1253 556 que
1266 512 1399 547 simul&
1411 514 1598 557 copulative
1613 514 1737 556 sumpta
1757 525 1958 548 enuntiatur
1956 539 1967 555 ,
1992 520 2076 552 afle-·

1193 564 1291 602 ritur‚
1318 563 1367 596 vel
1381 574 1539 608 negatur:
1564 562 1733 607 adeoque,
1761 575 1877 599 uttota
1893 568 2066 607 propositio

1191 587 1377 655 copulativa
1390 614 1425 646 sit
1440 625 1511 647 vera
1525 639 1535 654 ‚
1564 624 1641 648 verae
1652 617 1728 648 esiet
1741 615 1860 649 debent
1874 625 1988 648 omnes
2000 616 2067 657 ejus

1192 674 1315 705 partes.
1343 663 1421 696 Hoc
1434 674 1543 698 tamen
1565 664 1706 708 intelligi
1720 663 1814 699 debet
1825 665 1866 699 de
1881 664 1944 698 illis
1954 675 2067 707 propo·

1193 714 1424 754 positionibus,
1454 714 1486 746 in
1512 714 1628 755 quibus
1647 715 1762 758 copula
1774 715 1957 758 copulativa
1973 714 2070 748 sumi-

1192 775 1241 795 tur
1268 762 1476 806 copulative:
1505 763 1593 797 Nam
1621 766 1739 805 copula
1761 789 1772 805 ,
1801 766 1851 799 seu
1876 765 2067 807 conjunctio

1190 814 1374 856 copulativa
1387 815 1400 856 (
1411 814 1500 856 quod
1516 815 1605 857 supra
1618 813 1969 861 disp.15.dub.1.dicere
1982 815 2068 848 obli-

1189 871 1241 896 tus
1254 864 1344 905 sum)
1357 864 1493 897 sumitur
1505 875 1571 897 non
1583 865 1792 899 solummodo
1806 864 1984 909 copulatim
1997 889 2007 905 ‚
2032 865 2067 899 &

1190 913 1395 955 copulative3
1425 913 1477 947 sed
1498 915 1597 948 etiam
1622 915 1915 957 frequentiffimein
1933 915 2006 958 Jure
2019 915 2067 948 su-

1190 962 1289 995 mitur
1306 962 1494 997 disiunstive
1517 988 1527 1002 ,
1553 965 1585 998 <Sc
1605 964 1821 1000 alternative.-
1851 976 1886 999 ut
1910 965 2060 998 observat

1191 1012 1303 1046 Glossa
1327 1013 1408 1054 Cap.
1434 1017 1487 1045 Ex
1509 1022 1620 1055 parte.
1644 1018 1688 1048 De
1708 1014 1868 1058 Rescriptis
1883 1039 1893 1054 ,
1921 1027 1948 1051 1.
1963 1019 1995 1048 V.
2021 1018 2066 1048 Et

1186 1071 1346 1104 perpetuo.
1377 1063 1418 1096 Et
1432 1063 1542 1096 Glossa
1556 1065 1636 1108 Cap.
1650 1068 1685 1096 In
1698 1068 1910 1099 alternativis.
1938 1066 1981 1097 De
1992 1068 2065 1108 Reg-

1183 1114 1276 1155 Juris
1301 1119 1334 1145 in
1355 1112 1385 1148 6.
1415 1111 1656 1155 propositiones
1677 1127 1755 1159 ergo
1782 1115 1973 1158 copulativae
1994 1138 2003 1153 ,
2029 1116 2066 1148 in

1192 1164 1312 1206 quibus
1334 1162 1522 1204 conjunctio
1545 1164 1732 1206 copulativa
1755 1167 1926 1199 sumuntur
1948 1165 2066 1198 disiun-

1190 1213 1272 1246 aive
1285 1238 1295 1253 ‚
1321 1214 1359 1246 ad
1375 1214 1422 1245 sui
1451 1214 1616 1247 veritatem
1632 1226 1697 1248 non
1713 1217 1880 1258 requirunt
1897 1215 2069 1248 veritatem-

1189 1264 1342 1296 omnium
1354 1263 1545 1306 simplicium
1557 1277 1571 1306 ;
1599 1264 1652 1309 {ed
1668 1264 1876 1298 solummodo
1888 1265 1984 1298 unius
1999 1288 2009 1303 ,
2032 1274 2067 1297 ut

1189 1312 1253 1356 jam
1274 1313 1400 1347 dicam.
1425 1313 1527 1347 Tales
1549 1315 1668 1357 quippe
1680 1314 1912 1357 propositiones
1926 1314 1998 1348 licet
2013 1324 2070 1347 vo·

1189 1375 1227 1397 ce
1239 1364 1297 1395 fint
1312 1363 1627 1406 copulativae3sensu
1643 1375 1751 1398 tamen
1767 1363 2042 1399 suntdisiunctivae
2056 1377 2068 1398 .·

1190 1413 1336 1457 adeoque
1351 1415 1527 1458 sequuntur
1538 1425 1686 1448 normam
1702 1438 1712 1453 ‚
1738 1415 1768 1448 ὅ(
1786 1415 1931 1460 regulam
1947 1414 2068 1449 disiun-

1189 1463 1366 1506 silvarum,
1397 1475 1465 1498 non
1480 1475 1588 1498 autem
1600 1465 1860 1508 copulativarum
1877 1464 2067 1509 propositio·

1189 1525 1294 1547 num.

1241 1572 1293 1607 19.
1322 1562 1376 1596 Ad
1415 1562 1580 1596 veritatem
1615 1565 1846 1618 propositionis
1874 1564 2069 1597 difiunffivae

1188 1624 1256 1647 non
1281 1611 1451 1656 requiritur
1474 1613 1587 1645 veritas
1611 1613 1760 1646 omnium
1774 1606 1992 1659 simplicium
2019 1611 2072 1645 sed

1187 1663 1292 1696 solum
1323 1663 1419 1696 unius
1445 1687 1452 1694 .
1477 1662 1595 1695 Forma
1619 1674 1699 1706 ergo
1719 1662 1861 1705 aliquam
1885 1661 2073 1706 hypotheti-

1186 1724 1258 1746 cam
1279 1711 1499 1746 difiunclivam
1525 1712 1732 1746 constantem
1768 1723 1899 1747 centum
1923 1712 2073 1755 simplici-

1187 1761 1245 1796 bus
1263 1785 1274 1801 ,
1300 1773 1436 1805 quarum
1459 1761 1639 1806 nonaginta
1668 1773 1787 1797 novem
1809 1763 1868 1796 fint
1891 1763 1973 1796 falsae
2000 1787 2010 1802 ,
2037 1763 2071 1795 ὃς

1186 1813 1283 1845 unica
1305 1813 1341 1846 sit
1363 1823 1434 1846 vera
1448 1837 1458 1852 ‚
1486 1821 1556 1845 tota
1584 1812 1639 1845 ista
1662 1810 1874 1855 hypothetica
1898 1813 1956 1845 erit
1977 1823 2047 1844 vera
2063 1836 2071 1844 .

1186 1866 1275 1895 Ratio
1298 1862 1357 1903 est.-
1385 1863 1476 1909 Qia
1493 1869 1527 1894 in
1540 1863 1754 1901 alternativis‚
1775 1861 1828 1905 seu
1859 1862 2072 1904 difiunbiivis,

1180 1911 1288 1954 sufficit
1311 1923 1403 1943 unum
1425 1914 1606 1952 adimpleri:
1637 1922 1670 1944 ut
1687 1912 1782 1946 babet
1797 1913 1923 1957 Regula
1941 1913 2071 1953 Jurisin

1185 1958 1346 1994 6.Glosl“a
1372 1961 1561 2005 marginalis
1589 1959 1682 2000 huius
1694 1962 1843 2005 Capituli
1870 1963 1988 1997 limitat
2006 1963 2073 1996 Re-

1183 2010 1294 2053 gulam
1307 2010 1347 2044 ad
1359 2011 1594 2053 propositiones
1618 2010 1822 2046 difiunfiivas
1836 2014 2045 2046 affirmativas
2060 2037 2072 2052 ,

1184 2061 1290 2101 qualis
1305 2060 1389 2092 verb.
1403 2070 1482 2102 grat.
1513 2061 1558 2093 est
1580 2059 1646 2094 haec
1660 2076 1670 2095 :
1699 2064 1807 2095 Petrus
1819 2061 1856 2102 ιβ
1871 2074 1961 2104 equui
1976 2085 1986 2101 ,
2018 2064 2071 2097 vel

1184 2108 1373 2147 Bucephalus
1395 2108 1434 2146 ιβ
1454 2120 1564 2149 equus.
1594 2110 1630 2140 In
1655 2113 1815 2154 negativis
1830 2112 1931 2152 vero,
1964 2115 2070 2156 qualis

1184 2168 1211 2187 ν
1227 2168 1258 2200 g
1270 2157 1316 2190 est
1341 2156 1429 2189 haec:
1457 2161 1566 2199 Neque
1593 2160 1696 2191 Petrus
1709 2160 1745 2198 ιβ
1759 2173 1870 2202 equus,
1899 2174 1992 2203 neque
2010 2165 2070 2195 Bu-

1165 2205 1322 2259 cephalus
1345 2206 1383 2245 ιβ
1406 2217 1496 2248 equus
1523 2231 1533 2246 ,
1559 2207 1638 2239 dicit
1670 2210 1717 2241 R
1704 2211 1833 2251 gulam
1862 2212 2067 2244 ciatitiicare:

240 2256 429 2298 categoricae
449 2256 540 2288 latiss
546 2266 596 2287 me
615 2256 725 2288 dicam
751 2256 865 2287 infra:
892 2257 933 2287 de
955 2255 1120 2296 speciebus
1165 2242 1294 2300 thia,
1323 2266 1357 2287 ut
1388 2255 1456 2293 ait,
1482 2260 1517 2286 1n
1538 2263 1686 2297 negativis
1697 2266 1884 2300 requiritur,
1910 2263 1990 2303 quod
2000 2274 2070 2295 neu-

241 2306 319 2338 vero
338 2304 371 2336 ἀ
392 2303 605 2339 divisionibus
642 2303 872 2347 propositionis
899 2301 1121 2345 hypothetica

240 2352 422 2388 brevissime
441 2354 554 2388 dicam
575 2352 646 2386 hic.
675 2350 859 2392 propositio
884 2354 993 2394 itaque
1017 2351 1119 2396 hypo·

240 2404 361 2439 thetica
373 2405 477 2437 varias
497 2401 593 2443 hahet
606 2403 722 2446 species
733 2403 766 2436 ἀ
780 2401 957 2446 divisiones
970 2427 977 2434 .
1002 2402 1118 2437 Dividi

239 2454 328 2487 enim
342 2453 446 2497 potest
472 2453 506 2486 in
529 2453 780 2496 propositionem
792 2453 1014 2496 copulativam
1026 2476 1036 2491 ,
1063 2452 1115 2486 di-

237 2503 448 2541 siunssivam,
475 2503 736 2538 conditionalem
749 2527 759 2541 ‚
787 2502 980 2537 rationalem
996 2528 1006 2543 ‚
1030 2504 1116 2535 caus-

238 2553 335 2588 salem
359 2576 369 2593 ‚
394 2553 456 2599 &a
480 2552 628 2600 Qarum
648 2553 800 2586 omnium
822 2552 995 2586 essentialis
1019 2548 1115 2587 diffe-

236 2603 340 2637 rentia
360 2601 485 2646 desumi
507 2603 602 2637 debet
624 2613 663 2636 ex
686 2603 921 2646 conjunctione
945 2602 1111 2637 Gramma-

236 2653 325 2687 ticali
347 2675 357 2691 ,
384 2662 454 2695 quae
475 2652 519 2683 est
545 2653 730 2694 principalis
748 2653 864 2695 copula
892 2677 899 2684 .
929 2652 1113 2694 P.0p0s1rio

236 2703 348 2743 itaque
369 2701 556 2744 copulativa
577 2701 620 2734 est
658 2701 711 2734 illa
723 2724 733 2739 ,
754 2700 845 2742 cuius
857 2703 971 2744 copula
985 2704 1027 2736 est
1040 2715 1103 2737 con

235 2752 359 2795 junstio
370 2751 576 2794 copulativa.
611 2754 657 2783 Et
674 2775 683 2789 ,
711 2759 799 2792 atque
813 2775 823 2790 ‚
849 2762 898 2784 nec
910 2775 920 2791 ,
932 2763 1024 2793 neque
1037 2777 1044 2789 ,
1060 2765 1114 2787 aut

236 2802 299 2836 alia
311 2802 522 2844 aequivalens.
556 2800 609 2835 Ut
626 2826 634 2840 ,
665 2803 751 2842 Papa
762 2800 797 2838 ιβ
810 2802 924 2840 Italui,
951 2803 1055 2835 &Rex
1067 2815 1114 2836 no-

230 2852 289 2893 βιν
309 2851 347 2891 ιβ
375 2851 544 2895 Hispanus.
572 2850 754 2894 propositio
776 2851 962 2884 disiuntstiva
975 2851 1020 2884 est
1037 2852 1090 2886 illa
1104 2878 1114 2893 ,

234 2903 328 2945 cujus
338 2903 456 2946 copula
466 2902 511 2936 est
525 2901 713 2945 conjunctio
725 2900 913 2934 disiunffiva
927 2901 999 2941 Vel,
1025 2901 1089 2943 five
1102 2927 1113 2943 ,

233 2961 309 2993 aut,
336 2953 439 2986 aliave
461 2952 595 2986 similis.
625 2951 700 2992 Ut,
731 2953 839 2985 Petrus
860 2951 897 2990 ιβ
923 2962 1036 2993 equus,
1064 2953 1117 2986 vel

228 3006 371 3049 Joamies
392 3003 430 3043 ιβ
454 3003 586 3035 animal.
614 3001 799 3042 propositio
819 3001 1058 3036 conditionalis
1069 3003 1112 3037 est

235 3053 290 3086 illa
304 3077 315 3092 ,
339 3053 430 3096 cujus
451 3053 571 3096 copula
598 3052 643 3086 est
655 3051 847 3094 conjunetio
861 3051 1111 3086 conditionalis.

233 3103 289 3141 δι’,
316 3102 388 3143 nist,
415 3103 519 3138 aliave
529 3102 743 3147 aequivalens.
774 3102 827 3136 Ur
846 3127 856 3141 ‚
878 3102 1111 3145 siviceris,fi.os

235 3149 360 3193 Caesar.
389 3154 572 3188 Rationalis
594 3152 824 3197 propositioest
850 3153 905 3185 illa
921 3176 931 3191 ‚
959 3150 1108 3194 cujttsco⁴

235 3202 311 3246 pula
322 3203 367 3235 est
382 3203 572 3245 conjunctio
586 3204 772 3237 rationalis.-
796 3205 897 3245 Ergo,
923 3207 1031 3245 igitur,
1053 3209 1108 3235 ita·

234 3262 306 3294 que,
335 3254 393 3286 &a
409 3253 482 3293 Ut,
513 3257 618 3297 Petrus
631 3254 669 3294 est
680 3253 763 3286 homo
775 3278 786 3293 ‚
809 3264 875 3295 ergo
886 3252 921 3291 ιβ
935 3255 1088 3286 rationalis
1102 3279 1109 3285 .

233 3301 419 3345 Propositio
430 3304 576 3336 caussalis
585 3305 628 3337 est
640 3305 694 3338 illa
704 3329 714 3346 ‚
743 3304 833 3346 cujus
844 3306 960 3345 copula
971 3302 1021 3336 est
1033 3314 1110 3336 con-

233 3351 360 3394 junstio
387 3353 535 3386 caussalis
561 3378 568 3385 .
595 3356 679 3397 ,Quia
700 3379 710 3395 ,
749 3359 887 3396 quoniam
909 3377 920 3393 ‚
951 3354 1008 3385 &a
1031 3352 1110 3393 Ut,

235 3405 327 3435 Homo
348 3402 385 3441 ιβ
406 3401 522 3444 rifibili's
535 3427 544 3441 ,
573 3409 643 3445 quia
664 3404 700 3444 est
712 3405 890 3438 rationalis.
920 3401 962 3435 Et
980 3402 1021 3435 ita
1032 3414 1111 3436 con·

234 3449 404 3494 sequenter
430 3452 726 3498 philosophandum
748 3455 803 3489 vest
839 3453 879 3487 de
905 3452 978 3487 aliis
997 3452 1110 3489 multis

1181 2304 1344 2343 rrumfiat.
1373 2304 1432 2336 Sed
1454 2315 1553 2336 errat:
1584 2305 1711 2348 Regula
1739 2308 1827 2340 enirn
1841 2310 1886 2341 est
1903 2313 2067 2345 universa-

1182 2353 1255 2386 liter
1266 2363 1337 2386 vera
1352 2375 1363 2391 ,
1387 2355 1484 2386 etiam
1499 2355 1530 2386 in
1547 2355 1708 2397 negativis
1720 2379 1727 2387 .
1758 2357 1854 2390 Errat
1869 2383 1878 2397 ,
1906 2359 2038 2399 inquam
2051 2385 2065 2400 ,

1183 2414 1248 2436 non
1263 2401 1394 2446 quidem
1409 2407 1441 2436 in
1457 2405 1515 2438 suo
1531 2403 1641 2447 dist03
1671 2405 1721 2438 sed
1755 2407 1787 2439 in
1802 2409 1859 2440 suo
1872 2409 2061 2451 supposito.

1180 2453 1340 2495 Supponit
1366 2454 1455 2486 enirn
1489 2454 1559 2487 illas
1595 2456 1829 2497 propositiones
1852 2460 2062 2501 complexas,

1180 2513 1314 2545 quarum
1338 2503 1457 2547 copula
1479 2505 1522 2537 est
1551 2506 1747 2548 conjunctio
1776 2511 1905 2549 Neque,
1931 2510 1993 2542 esse
2013 2510 2064 2544 di-

1178 2554 1346 2587 fiuneiivas
1359 2565 1373 2594 ;
1398 2565 1473 2587 cum
1497 2565 1606 2587 tamen
1634 2555 1692 2589 sint
1721 2557 1931 2600 copulativae:
1959 2558 2062 2593 adeo-

1178 2614 1240 2645 que
1263 2604 1345 2637 bene
1368 2604 1447 2637 dicit
1471 2603 1700 2639 ad'veritatem
1713 2617 1823 2641 earum
1838 2610 1954 2652 requiri
1969 2609 2060 2652 quod

1179 2664 1331 2687 neutrum
1346 2654 1422 2695 fiat;
1450 2653 1501 2686 sed
1512 2664 1596 2687 errat
1613 2654 1725 2689 dicens
1739 2681 1750 2696 ,
1776 2669 1813 2691 ac
1825 2659 2009 2701 supponens
2020 2660 2059 2692 il-

1178 2703 1222 2737 las
1233 2705 1295 2736 esse
1317 2704 1522 2737 disiunCtivas
1533 2730 1540 2736 .
1570 2705 1826 2744 1n2disiunstivis
1837 2708 1948 2750 itaque
1959 2711 2060 2743 etiam

1179 2754 1337 2797 negativis
1359 2754 1474 2787 sufficit
1496 2754 1634 2788 alterum
1658 2756 1825 2799 adimpleri
1840 2769 1851 2789 .·
1878 2769 1951 2801 v··g.
1984 2758 2058 2792 hic:

1177 2805 1231 2836 Vel
1241 2806 1348 2836 Petrus
1361 2814 1418 2835 non
1430 2803 1467 2843 ιβ
1481 2803 1563 2837 bomo
1574 2830 1585 2845 ,
1609 2807 1662 2839 vel
1675 2809 1783 2839 Petrus
1797 2818 1853 2839 non
1863 2805 1899 2846 ιβ
1912 2807 2032 2840 brutum
2047 2833 2056 2842 .

1227 2862 1279 2889 20.
1310 2854 1364 2887 Ad
1385 2855 1550 2887 veritatem
1574 2857 1803 2899 propositionis
1825 2857 1990 2891 rationalis
2010 2870 2058 2892 re-

1175 2905 1313 2947 quiritur
1327 2927 1338 2944 ,
1364 2904 1601 2951 quodutraque
1611 2915 1682 2948 pars
1694 2906 1731 2940 sit
1744 2919 1814 2941 vera
1829 2906 1881 2950 3&
1896 2918 2057 2950 praeterea,

1177 2965 1210 2987 ut
1223 2954 1382 2997 posterior
1398 2954 1478 2988 ῐεέὶὲ
1500 2954 1656 2990 inferatur
1667 2968 1706 2989 ex
1720 2958 1816 3000 priori
1829 2971 1840 2990 .·
1868 2956 1931 2991 five
1945 2967 1980 2992 ut
1994 2959 2052 2993 fiat

1175 3003 1261 3037 bona
1285 3005 1538 3047 consequentia.
1569 3005 1753 3049 propositio
1773 3009 1861 3041 enim
1883 3008 2053 3041 rationalis

1175 3054 1261 3087 idem
1274 3054 1415 3088 omnino
1428 3055 1472 3088 est
1488 3078 1498 3094 ,
1525 3055 1614 3098 quod
1626 3059 1883 3101 argumentatio:
1910 3058 1951 3092 ad
1963 3057 2056 3101 quus

1175 3102 1358 3138 bonitatem
1372 3128 1384 3145 ,
1409 3105 1440 3138 ἀ
1466 3105 1636 3139 veritatem
1660 3110 1831 3149 requiritur
1844 3109 1956 3142 veritas
1966 3118 2057 3143 ante-

1174 3154 1343 3193 cedentis,
1368 3165 1407 3187 ac
1434 3155 1685 3198 consequentis,
1713 3169 1788 3191 curn
1812 3159 1957 3192 bonitate
1977 3170 2055 3192 con-

1175 3205 1346 3246 sequentiae
1359 3228 1366 3235 .
1394 3203 1447 3236 De
1468 3215 1534 3245 quo
1549 3205 1657 3241 dicam
1679 3209 1710 3240 in
1726 3208 1851 3253 Logica
1870 3232 1877 3239 .
1905 3209 1960 3242 Ad
1974 3209 2053 3242 veri·

1174 3264 1274 3287 tatem
1289 3253 1436 3287 cauffalis
1448 3257 1547 3288 etiam
1574 3260 1744 3300 requiritur
1759 3260 1873 3291 veritas
1885 3258 2051 3303 utriusque

1175 3303 1290 3346 partis·‚
1318 3315 1355 3336 ac
1368 3313 1515 3346 praeterea
1532 3329 1542 3345 ‚
1569 3317 1604 3339 ut
1628 3309 1803 3350 proposit-io
1817 3310 1903 3352 prior
1917 3310 1954 3343 fit
1965 3309 2052 3343 caus-

1174 3355 1203 3386 sa
1220 3354 1424 3396 posterioris.
1440 3353 1531 3389 Hinc
1543 3355 1621 3390 falsa
1633 3358 1677 3391 est
1696 3358 1764 3392 haec
1783 3359 1955 3402 propositio
1966 3359 2053 3393 caus·

1175 3403 1268 3436 salis:
1299 3405 1385 3446 ,Quia
1396 3402 1479 3436 bomo
1488 3404 1527 3444 ιβ
1538 3404 1676 3447 rifibilis,
1703 3408 1740 3448 ιβ
1754 3410 1927 3441 ratlonali‘s.
1956 3408 2051 3442 Licet

1175 3456 1266 3488 enim
1281 3451 1384 3488 homo
1396 3454 1475 3489 sit&
1489 3456 1645 3499 risibilis,
1670 3459 1704 3493 &
1715 3461 1816 3518 etiam
1837 3459 2005 3494 rationalis
2016 3457 2050 3490 δι

1942 3517 1995 3550 per
