2384 3770
745 119 1072 161 Avor.

223 199 294 242 dis,
319 198 426 238 floris,
451 197 599 237 corticis,
628 198 758 237 trunci,
785 197 901 231 radicis
914 198 1093 232 convertit.

221 250 304 285 Item
318 249 427 284 anima
439 249 552 283 semini
567 247 712 282 humano
726 249 830 281 infusa
852 248 959 280 statim
979 247 1095 291 incipit

221 299 380 335 destruere
390 309 426 333 ac
446 298 597 333 demoliti
618 306 907 340 temperamentum
927 297 1058 331 seminis
1084 324 1094 338 ‚

223 362 262 385 ac
280 349 484 384 introducere
498 356 750 391 temperamenta
777 345 971 379 membranae
989 348 1092 381 invol-

221 401 348 439 ventis,
375 399 473 439 offis,
499 398 611 436 nervi,
636 397 770 433 arteriae,
800 397 1093 440 cartilaginis,ten—

220 449 328 490 dinis,
355 449 556 491 aliarumque
568 445 704 489 partium
730 445 1009 488 spermaticarum.
1036 447 1091 480 Ri-

222 500 286 534 deo
298 498 385 533 enim
397 508 462 543 ego
471 495 626 541 quosdam
649 494 868 539 philosophos
879 507 916 530 ac
941 496 1092 531 Medicos

219 550 389 584 credentes
401 544 588 582 haecomnia
598 545 666 578 fieri
681 568 692 584 ,
717 556 784 579 non
809 556 861 588 per
886 546 1015 581 vitalem
1026 547 1089 581 ani-

220 599 402 634 maeinfnsae
413 596 572 630 astionem
592 618 603 634 ,
629 594 682 628 sed
695 595 902 630 solummodo
915 607 968 639 per
978 597 1092 631 caloris

220 648 490 686 exsiccationem,
518 644 776 679 torrefaaionem
795 669 806 685 ,
834 656 871 678 ac
891 646 1091 680 incrustatio-

220 698 315 733 nem.
345 694 808 740 Ergosimiliteranimaovi,
835 695 890 728 ubi
904 697 1030 737 foveri,
1055 708 1091 730 ac

219 745 381 787 incubari,
390 745 422 779 ὅ(
434 745 475 780 ad
487 744 689 789 operandum
699 744 830 778 excitari
842 746 957 789 incipit
970 771 980 786 ‚
991 748 1089 780 etiam

216 797 336 842 incipit
347 805 636 840 temperamentum
645 795 701 829 ovi
721 794 913 839 impugnare
925 807 961 828 ac
983 796 1093 830 demo-

218 849 296 888 liri,
327 857 364 881 ac
384 855 635 890 temperamenta
657 845 811 888 organica
835 854 1089 887 temperamento

218 896 276 932 ovi
299 896 481 935 nobiliora,
506 895 743 933 eminentiora,
771 905 808 927 ac
843 894 901 928 sibi
924 918 934 934 ,
961 895 1087 939 suisque

218 945 464 991 operationibus
474 944 605 978 utiliora
617 942 773 977 fabricare
781 944 813 977 &
822 943 1002 978 elaborare.

271 993 530 1044 251'Nequeest‚
554 992 688 1037 quodboc
697 998 832 1027 mireris:
860 994 949 1042 Qia
972 1004 1090 1038 tempe-

218 1056 402 1082 ramentum
413 1045 480 1081 Ovi
490 1066 501 1083 ,
526 1054 563 1078 ac
574 1044 805 1086 cujuscumque
815 1043 947 1078 alterius
958 1045 1089 1078 seminis

219 1108 288 1132 non
300 1095 345 1130 est
357 1104 648 1139 temperamentum
670 1093 788 1134 finale,
816 1103 1026 1137 permanens,
1053 1107 1090 1128 ac

217 1146 332 1182 stabile
342 1159 357 1188 ;
384 1146 436 1180 sed
446 1144 490 1180 est
502 1153 793 1187 temperamentum
808 1143 889 1178 viale
901 1168 912 1184 ,
927 1145 1086 1188 perfeetio-

217 1198 262 1231 ris
271 1208 309 1230 ac
318 1195 426 1230 finalis
437 1194 682 1237 temperamenti
696 1193 924 1237 praeambulum
936 1218 947 1234 ,
972 1205 1010 1227 ac
1021 1205 1081 1237 prae

216 1246 399 1291 parativam
412 1259 422 1278 :
448 1246 495 1279 uti
506 1244 579 1278 sunt
592 1254 841 1288 temperamenta
853 1243 943 1286 chyli
956 1268 966 1284 ‚
987 1245 1092 1278 massar

216 1295 403 1340 sanguineae
424 1318 435 1335 ,
461 1294 643 1338 sanguinis,
675 1293 771 1332 bilis,
799 1293 967 1334 medullae,
1007 1295 1092 1336 spiri·

216 1355 293 1386 tus,
318 1343 523 1388 aliorumque
534 1343 687 1377 similium
710 1342 901 1377 humorum.
931 1344 1034 1386 Atqui
1053 1355 1090 1378 ea

216 1396 262 1430 est
276 1405 390 1429 natura
409 1395 443 1429 δι
464 1393 615 1428 conditio
634 1394 879 1436 temperamenti
903 1393 1020 1434 vialis,
1057 1404 1090 1427 ut

215 1445 259 1479 ab
271 1445 382 1479 anima
391 1454 616 1488 corrumpatur
628 1467 640 1483 ‚
659 1455 696 1477 ac
709 1444 743 1476 in
755 1442 843 1477 aliud
860 1451 1090 1486 temperamen-

213 1504 287 1529 tum
301 1494 486 1537 perfectius,
517 1505 555 1527 ac
564 1502 824 1534 temperamento
836 1492 929 1524 finali
953 1493 1091 1526 vicinius

214 1553 442 1579 convertatur.
482 1541 604 1575 Anima
625 1541 715 1575 enim
738 1541 915 1583 corrumpit
938 1551 1088 1585 tempera·

211 1603 363 1628 mentum
373 1591 484 1636 chyli‚
510 1590 680 1625 &inducit
692 1597 980 1633 temperamentum
1004 1595 1089 1626 mas-

215 1644 255 1677 sae
264 1644 466 1687 sanguineae.
493 1639 683 1683 Corrumpit
706 1650 999 1683 temperamentum
1024 1643 1090 1674 san-

214 1692 350 1738 guinis,
376 1691 844 1734 &inducittemperamentutn
865 1691 1014 1735 spiritus,
1043 1691 1090 1725 la·-

213 1745 296 1783 stis,
321 1741 508 1786 spermatis,
534 1741 635 1780 roris,
663 1750 719 1774 aut
733 1740 872 1783 camby.
901 1742 1089 1783 Corrumpit

217 1801 511 1835 temperamentum
523 1791 650 1833 spiritus
661 1789 783 1831 vitalis,
811 1802 848 1824 ac
871 1789 997 1825 inducit
1011 1802 1088 1825 tem-

216 1851 442 1886 peramentum
465 1840 595 1884 spiritus
615 1839 781 1873 animalis.
812 1840 906 1874 Etfic
919 1841 960 1874 de
982 1840 1056 1874 aliis
1081 1865 1089 1873 .

216 1892 308 1934 Ergo
319 1890 604 1929 similiteranima,
632 1900 701 1923 non
713 1889 818 1923 solum
842 1891 964 1932 potest,
993 1891 1088 1923 sed&

216 1939 314 1974 debet
327 1950 530 1981 corrumpere
551 1949 841 1982 temperamentum
865 1940 931 1973 Ovi
948 1963 960 1979 ‚
988 1951 1025 1973 ac
1038 1951 1088 1972 cu-

214 1990 403 2035 juscumque
415 1988 700 2029 alteriusseminis,
727 1989 760 2022 &
784 1987 988 2023 introducere
1009 1999 1085 2023 tem-

213 2050 439 2083 peramentum
461 2040 584 2078 carnis,
611 2038 705 2076 offis,
732 2039 842 2078 nervi,
868 2039 928 2072 &c.
969 2039 1030 2072 Sed
1050 2040 1092 2076 de

214 2089 431 2123 hisvomnibus
442 2088 520 2122 alias
531 2087 627 2121 latius
649 2087 860 2122 &liberalius
870 2112 878 2120 .

263 2137 320 2175 26.
347 2136 474 2178 objicies
486 2139 609 2178 quinti:
637 2138 750 2169 Ovum
763 2136 806 2168 est
816 2137 923 2169 semen
939 2136 1088 2169 animalis

212 2187 362 2230 ovipari,
388 2185 568 2220 utidocent
579 2196 694 2218 omnes
716 2185 841 2217 Medici
867 2185 898 2218 δι
922 2184 1051 2227 Physici
1081 2199 1089 2217 :

213 2237 304 2280 atqui
318 2237 426 2268 semen
445 2245 511 2266 non
524 2234 625 2265 vivit:
652 2232 734 2275 ergo
746 2244 850 2274 neque
861 2244 962 2265 ovum
987 2236 1087 2266 vivit.

214 2285 358 2318 secundo:
389 2283 421 2316 Si
433 2293 494 2316 ova
507 2281 617 2315 vivant
628 2305 638 2320 ‚
661 2292 726 2314 non
739 2281 946 2324 generabitur
958 2281 1088 2315 brutum

214 2335 250 2369 ἀ
263 2333 384 2367 animal
397 2333 430 2365 in
445 2331 524 2365 nido
537 2342 589 2374 per
600 2329 849 2364 excubationem
862 2341 872 2372 ;
900 2330 950 2364 sed
965 2331 1025 2364 erit
1036 2342 1091 2376 ge·-

212 2394 364 2418 neratum
378 2382 412 2416 in
431 2390 542 2415 ventre
552 2383 663 2414 matris
673 2389 749 2414 ante
771 2379 826 2414 ovi
846 2380 1049 2415 emissionem
1078 2394 1086 2413 ε

213 2433 302 2475 quod
324 2432 369 2466 est
385 2439 499 2465 contra
521 2430 672 2464 omnium
706 2429 882 2463 hominum
903 2440 1034 2473 captum
1055 2431 1086 2465 &

212 2484 362 2516 sensum.
389 2483 509 2514 Tertii:
536 2480 568 2513 Si
582 2491 684 2514 ovum
703 2478 786 2514 foret
806 2480 1009 2521 animatum,
1036 2481 1083 2514 fo·

211 2541 258 2566 ret
268 2531 367 2565 etiam
379 2530 543 2564 animal&
554 2540 631 2563 caro
644 2553 655 2569 ,
667 2529 873 2573 ejusdemque
883 2531 996 2573 speciei
1010 2542 1084 2565 cum

210 2581 346 2625 pullo&
358 2580 479 2624 gallina
494 2591 502 2611 ε
528 2578 816 2620 Adeoquediebus
829 2578 1010 2614 Veneris&
1034 2582 1084 2614 Sa-

211 2630 325 2670 bathi,
352 2640 428 2663 cum
452 2628 590 2662 Ecclesia
612 2639 722 2662 carnes
741 2629 775 2661 ὃς
792 2628 930 2673 gallinas
954 2630 1085 2664 comedi

210 2679 385 2723 prohibet3
410 2678 508 2712 etiam
521 2676 707 2720 prohiberet
731 2689 792 2713 ova
805 2691 816 2710 .·
843 2681 930 2722 quod
954 2681 998 2714 ost
1012 2680 1083 2714 stul-

211 2740 283 2764 tum
295 2730 486 2771 &ineptum
500 2751 507 2760 .
531 2729 648 2770 ‚Quarto
660 2739 676 2769 ,·
686 2727 797 2761 Ovum
810 2738 925 2771 corpus
935 2728 1085 2771 fluidum,

208 2778 454 2823 homogeneum
466 2802 478 2818 ,
503 2779 702 2821 minimeque
711 2779 906 2822 organicum
919 2778 963 2812 est
976 2803 987 2819 ‚
1015 2781 1078 2813 nul-

209 2829 345 2873 lumque
368 2840 428 2872 prae
452 2828 483 2861 se
507 2828 567 2861 fert
589 2826 788 2869 operationis
808 2826 1082 2862 vitalisindicium

207 2890 263 2913 aut
287 2878 474 2923 vestigium:
503 2876 675 2921 quomodo
694 2888 774 2921 ergo
798 2879 904 2911 vivere
925 2878 1044 2913 dicitur
1069 2881 1082 2912 ἒ

207 2929 367 2973 Pleraque
391 2927 460 2962 haec
486 2936 678 2972 argumenta
699 2925 865 2970 desumpta
889 2928 1016 2962 suntex
1027 2929 1082 2962 do-

208 2979 346 3013 stiffimo
370 2976 538 3013 Carrerio.
565 2976 721 3011 Attamen
745 2973 828 3011 nihil
855 2976 1005 3011 obstant.
1036 2980 1086 3011 Ad

205 3034 339 3071 primum
349 3027 492 3072 distinguo
500 3028 639 3068 maJ'orem
659 3041 670 3060 .-
698 3027 810 3062 Ovum
823 3026 868 3061 est
894 3028 1002 3062 semen
1017 3028 1083 3062 ani—

208 3078 304 3113 malis
315 3078 439 3122 ovipari
459 3077 611 3121 adhuein
624 3075 758 3111 testibus
778 3077 919 3111 existens
936 3102 946 3118 ,
970 3079 1016 3111 Sic
1028 3090 1082 3112 ne·-

206 3139 263 3172 go:
278 3127 332 3160 ΕΩ
344 3128 452 3162 semen
467 3128 616 3161 animalis
627 3126 749 3171 ovipari
763 3127 829 3170 jam
841 3127 858 3160 a
871 3126 1005 3161 testibus
1015 3127 1082 3171 ejus

210 3176 374 3216 decisum,
413 3177 454 3211 ad
474 3178 641 3213 matricem
661 3176 844 3212 derivatum
859 3200 870 3217 ,
896 3176 1005 3220 ibique
1026 3190 1080 3222 per

210 3226 381 3262 masculini
422 3228 551 3261 seminis
577 3227 850 3261 commixtionem
877 3228 1038 3261 asinarum
1068 3253 1079 3268 ‚

209 3286 443 3319 temperatum,
472 3277 506 3310 ὅ(
526 3278 770 3312 fermentatum:
799 3279 845 3310 Sic
858 3279 995 3310 concedo.
1024 3279 1079 3311 Er-

211 3325 257 3371 go
268 3337 372 3370 neque
384 3326 483 3365 vivit,
512 3337 616 3369 neque
637 3327 681 3362 est
704 3328 903 3361 animatum:
933 3328 1019 3370 Cassa
1042 3329 1080 3368 est

211 3375 274 3409 baec
282 3374 482 3419 censequentia
492 3400 499 3407 .
527 3375 615 3411 Cum
626 3377 715 3411 enim
728 3374 962 3420 Philosophi&
973 3376 1081 3410 Medi-

212 3426 244 3460 ci
257 3426 371 3461 dicunt
386 3426 506 3460 semina
519 3437 587 3458 non
604 3427 712 3462 vivere
725 3437 828 3470 neque
840 3426 982 3462 animata
996 3427 1058 3462 effe
1069 3441 1081 3461 .-

309 3474 415 3518 christ.
439 3476 626 3519 Lupa'opera
636 3480 715 3511 Tam.
737 3479 808 3509 ΧΠ.

1143 132 1174 161 O
1244 130 1273 159 6
1342 128 1359 158 1
1429 134 1483 160 ΛΞ.

1896 136 1983 178 311

1155 199 1187 233 id
1201 200 1319 234 nonde
1340 201 1515 235 seminibus
1535 204 1574 237 ad
1596 207 1762 242 matricem
1784 207 1934 244 derivatis
1947 235 1958 251 ,
1984 211 2019 246 δε

1156 261 1267 284 mutua
1282 250 1326 284 ibi
1337 251 1575 285 commixtione
1588 255 1784 291 fermentatis
1795 271 1809 300 ‚-
1837 259 1889 292 sed
1913 260 1954 293 de
1974 261 2022 295 se·

1158 299 1298 334 minibus
1313 301 1452 335 necdum
1466 301 1484 334 a
1496 301 1626 334 testibus
1639 307 1746 340 decisis
1757 307 1897 353 intelligi
1909 308 2019 344 debet.

1158 350 1269 393 ltaque
1279 361 1377 383 ovum
1391 363 1458 384 non
1473 362 1538 384 tam
1553 353 1656 385 semen
1669 376 1679 391 ,
1704 368 1800 399 quam
1823 369 1927 392 novus
1947 359 2020 393 Em-

1155 400 1261 443 bryo,
1285 401 1480 434 &animalis
1501 402 1625 444 ovipari
1647 403 1742 436 foerus
1764 406 1808 439 est
1856 409 1901 439 Ad
1919 406 2019 451 secun-

1154 452 1223 482 dum
1233 452 1352 483 concedo
1359 449 1509 493 sequelam
1521 475 1531 489 ‚
1555 449 1611 493 sed
1619 462 1689 495 nego
1700 453 1782 485 illam
1793 458 1842 498 effi‘
1850 456 2019 499 absurdam.

1155 499 1273 542 Neque
1282 511 1361 533 curo
1373 501 1449 543 quid
1464 501 1550 534 dicat
1562 502 1722 535 incultum
1735 504 1869 546 vulgus:
1897 507 1916 538 si
1929 508 2019 541 enim

1155 550 1255 593 vulgo
1280 550 1402 592 placere
1425 552 1521 591 velis,
1550 562 1718 593 nunquam
1734 552 1789 585 fies
1812 553 1923 588 dostus
1944 556 2022 590 Phi-

1153 599 1325 642 losophus.
1356 603 1528 634 Adtertiicm
1541 612 1610 643 nego
1615 599 1783 643 sequelam:
1810 601 1898 636 Nam
1915 605 2023 639 Eccle-

1153 648 1195 682 sia
1209 649 1384 686 Catholica
1396 650 1508 684 diebus
1521 650 1642 684 sabathi
1655 653 1688 685 ἀ
1702 651 1824 685 veneris
1836 664 1902 686 nou
1918 654 2022 695 prohi-

1154 698 1206 732 bet
1218 700 1307 733 esum
1322 701 1514 734 animalium
1529 725 1540 740 ,
1552 701 1602 734 sed
1612 701 1752 735 solarum
1762 703 1907 736 carnium
1921 716 1932 735 .·
1961 715 2023 738 ova

1156 748 1230 782 vero
1243 750 1319 783 licet
1329 750 1481 784 animalia
1495 751 1572 792 sint3
1602 762 1667 784 non
1687 762 1797 786 tamen
1820 763 1895 786 caro
1916 753 1988 787 sunt
2016 766 2023 785 :

1154 799 1299 842 adeoque
1312 799 1370 833 ista
1384 800 1601 834 Ecclefiastica
1614 802 1686 844 lege
1700 812 1903 845 nequaquam
1915 802 2026 844 prohi-

1155 847 1256 882 bibita
1270 850 1341 883 sunt
1353 874 1360 881 .
1392 852 1444 883 An
1459 851 1532 883 vero
1543 861 1642 884 ovum
1658 852 1690 884 &
1703 851 1824 895 gallina
1837 852 1939 894 specie
1960 852 2027 886 dif-

1154 899 1255 931 ferant
1268 923 1279 938 ,
1306 900 1367 933 alia
1378 900 1420 933 est
1435 901 1568 943 quaestio
1582 924 1592 940 ‚
1622 912 1720 943 quam
1732 927 1742 942 ,
1770 900 1842 944 quia
1856 899 1933 934 huic
1951 901 2027 936 loco

1154 948 1365 991 impertinens
1377 949 1419 982 est
1431 975 1440 988 ‚
1458 950 1609 984 hocloco
1622 962 1688 983 non
1703 952 1848 984 resolvo.
1877 953 1926 984 Ad
1936 963 2026 994 quar-

1152 1007 1217 1031 tum
1230 1009 1298 1046 nego
1309 1001 1443 1032 ultimam
1450 1008 1571 1041 partem
1583 1002 1794 1034 antecedentis:
1808 1003 1921 1035 Ovum
1935 1002 2027 1035 enim

1155 1048 1184 1082 se
1195 1050 1403 1088 conformat,
1431 1051 1573 1084 nutrit&
1595 1051 1788 1096 organizat:
1813 1051 1902 1094 quod
1919 1051 2028 1086 mani·

1154 1098 1228 1132 feste
1243 1099 1383 1134 vitaliter
1393 1101 1517 1143 operari
1529 1101 1574 1135 est
1585 1126 1593 1134 .

1268 1197 1535 1235 SECTlo
1585 1199 1917 1248 QUARTA.

1347 1320 1471 1354 Ulterior
1492 1318 1658 1362 quaesltonts.
1679 1318 1824 1364 resolutio.

1154 1435 1208 1472 26.
1336 1439 1475 1470 Icorertia
1492 1449 1499 1468 :
1529 1436 1672 1478 Anima,
1700 1448 1771 1480 quae
1781 1437 1826 1471 est
1841 1436 1874 1471 in
1886 1448 1952 1473 ovo
1965 1437 2032 1479 ‚est

1343 1487 1467 1521 'anima
1479 1488 1642 1521 sensitiva:
1668 1486 1712 1521 est
1723 1488 1834 1522 eadem
1848 1489 1904 1522 illa
1918 1499 2034 1522 nume-

1153 1546 1188 1569 ro
1200 1538 1333 1576 anima,
1361 1537 1549 1579 quaepostea
1570 1538 1615 1570 est
1643 1538 1674 1570 in
1700 1549 1783 1577 ave,
1809 1539 1952 1581 gallina,
1983 1537 2034 1571 vel

1155 1586 1256 1628 pisce.
1290 1585 1342 1618 Est
1367 1595 1482 1618 contra
1505 1585 1663 1627 quosdam
1686 1586 1854 1625 Medicos,
1885 1588 1940 1628 qui
1968 1587 2037 1620 ani-

1154 1647 1240 1668 mam
1252 1636 1306 1669 ovi
1318 1635 1533 1678 vegetativam
1544 1659 1555 1675 ‚
1580 1635 1724 1667 animam
1738 1634 1816 1667 vero
1828 1636 1956 1679 gallina:
1969 1647 2034 1669 cre-

1154 1684 1236 1719 dunt
1248 1685 1310 1718 esse
1322 1683 1524 1718 sensitivam.
1553 1682 1678 1717 Verum
1703 1693 1812 1717 tamen
1837 1685 1882 1717 est
1905 1709 1915 1724 ,
1946 1685 2037 1729 quod

1151 1732 1238 1768 dixi:
1268 1734 1426 1768 Namista
1440 1733 1590 1768 successio
1603 1734 1783 1767 animarum
1796 1758 1807 1774 ‚
1834 1746 1897 1778 qua
1916 1735 2037 1768 sensiti-

1153 1797 1191 1818 va
1206 1785 1392 1829 vegetativae
1408 1808 1419 1824 ,
1446 1785 1479 1818 δε
1501 1783 1695 1817 intellectiva
1708 1784 1848 1817 succedit
1873 1785 2039 1824 sensitivae,

1152 1844 1323 1877 nunquam
1344 1834 1379 1866 in
1403 1844 1475 1867 mea
1494 1830 1708 1876 Philosophia
1731 1834 1841 1868 locum
1880 1833 1993 1868 habuit
2020 1848 2028 1867 :

1153 1885 1332 1926 Nunquam
1345 1883 1425 1915 mihi
1438 1883 1557 1926 placuit
1570 1907 1577 1914 .
1593 1883 1841 1925 Displicentiam
1856 1885 1932 1918 vero
1948 1885 2033 1919 hanc

1151 1934 1277 1977 ingessit
1303 1932 1385 1966 mihi
1404 1932 1588 1966 Cardinalis
1608 1932 1806 1976 Cajetanus:
1844 1934 1874 1967 Is
1896 1936 2031 1980 inquam

1150 1982 1225 2016 licet
1240 1981 1320 2015 mihi
1335 1994 1402 2016 non
1414 1982 1600 2027 suggesserit
1611 1980 1696 2017 hanc
1706 1984 1899 2027 opinionem
1915 2009 1925 2024 ,
1950 1995 2033 2020 atta-

1151 2044 1225 2067 men
1241 2038 1344 2075 prima
1350 2041 1442 2069 parte
1452 2044 1479 2074 q.
1495 2032 1548 2079 76.
1564 2041 1621 2065 art.
1638 2034 1698 2076 1.§.
1707 2032 1838 2076 secunda
1853 2040 1945 2068 ratio.
1976 2047 2033 2079 op-

1150 2085 1264 2115 timam
1277 2094 1334 2123 pro
1348 2081 1408 2118 hac
1417 2083 1575 2123 opinione
1585 2083 1737 2126 suggeffit
1750 2085 2032 2128 rationem-,Quam

1140 2130 1246 2171 formo
1258 2129 1309 2162 boc
1319 2131 1419 2161 modo:
1449 2130 1538 2175 Quia
1552 2131 1573 2162 si
1587 2141 1685 2164 ovum
1701 2133 1805 2174 primo
1816 2139 1998 2178 vegetativa
2020 2160 2031 2176 ‚

1149 2192 1186 2214 ac
1197 2179 1405 2222 postmodum
1420 2178 1646 2214 informaretur
1656 2180 1765 2215 anima
1778 2184 1938 2224 sensitiva,
1950 2195 2031 2218 tunc

1149 2241 1250 2262 ovum
1263 2227 1368 2270 primo
1379 2227 1463 2260 foret
1473 2228 1582 2270 planta
1595 2251 1607 2266 ,
1632 2240 1671 2262 ac
1686 2231 1794 2272 postea
1807 2243 1847 2266 ex
1858 2234 1966 2275 planta
1979 2235 2029 2267 fie-

1149 2289 1193 2310 ret
1213 2278 1361 2310 brutum.
1389 2277 1545 2314 Similiter
1569 2277 1590 2309 si
1612 2278 1710 2310 foetus
1731 2276 1894 2314 humanus
1920 2284 2030 2324 primo*

1148 2327 1329 2371 vegetativa
1340 2350 1350 2366 ,
1377 2325 1584 2368 postmodum
1597 2326 1740 2361 sensitiva
1754 2352 1765 2368 ‚
1787 2340 1824 2361 ac
1835 2331 1968 2364 tandem
1983 2345 2029 2366 ra-

1146 2377 1259 2410 tionali
1281 2377 1508 2410 informaretur
1529 2377 1659 2417 anima,
1688 2386 1765 2410 tunc
1794 2379 1902 2420 quivis
1923 2379 2041 2416 homo>

1147 2427 1251 2469 primo
1264 2427 1371 2470 planta
1382 2451 1393 2466 ‚
1420 2425 1588 2460 deindeex
1600 2428 1708 2470 planta
1720 2427 1849 2463 brutum
1863 2453 1873 2468 ,
1899 2440 1937 2464 ac
1949 2441 2025 2465 tan—

1145 2476 1218 2511 dem
1231 2488 1270 2510 ex
1287 2476 1383 2510 bruto
1396 2476 1485 2510 fieret
1499 2473 1618 2509 homo:
1648 2478 1737 2518 atqui
1762 2477 1826 2512 hoc
1851 2479 2024 2516 absurdum

1143 2526 1206 2566 est,
1232 2527 1265 2561 &
1275 2527 1293 2560 ὲ
1306 2527 1437 2560 nemine
1446 2526 1705 2560 concedendum:
1737 2528 1808 2570 quis
1820 2529 1906 2563 enirn
1923 2533 2026 2565 fatea-

1143 2587 1194 2610 tur
1208 2578 1239 2610 se
1250 2576 1448 2620 quandoque
1461 2576 1589 2609 brutum
1603 2575 1695 2610 fuisse
1706 2578 1737 2612 ἀ
1752 2578 1884 2613 bestiam
1899 2581 1911 2613 ?
1937 2581 2023 2628 Qis

1142 2625 1249 2660 credat
1261 2628 1292 2660 se
1306 2638 1346 2660 ex
1360 2624 1453 2659 bruto
1465 2626 1582 2659 factum
1595 2626 1656 2661 esse
1667 2625 1838 2663 hominem
1851 2631 1864 2663 ἓ
1892 2631 2018 2674 Lepida

1145 2677 1219 2710 sane
1234 2673 1518 2718 metamorphosis!
1543 2676 1789 2711 Credantillam
1807 2678 1876 2718 illi,
1902 2681 2023 2724 quibus

1142 2725 1342 2760 bestialitatis
1351 2738 1388 2759 ac
1411 2723 1659 2760 inhumanitatis
1680 2727 1787 2761 adhuc
1812 2728 1922 2762 insunt
1946 2742 2023 2772 pur·

1140 2777 1251 2821 gandae
1261 2776 1421 2818 reliquiae:
1448 2775 1521 2819 Ego
1533 2776 1627 2816 sane,
1651 2777 1706 2821 qui
1720 2776 1802 2811 nihil
1815 2777 2018 2814 bestialitatis

1142 2826 1275 2867 habere,
1304 2824 1354 2859 sed
1369 2836 1462 2868 purus
1473 2825 1575 2860 homo
1588 2827 1649 2861 effe
1661 2828 1760 2861 velim
1771 2851 1781 2867 ,
1805 2839 1856 2861 me
1871 2828 2020 2872 aliquan-

1101 2878 1103 2881 ⁴
1139 2877 1183 2910 do
1201 2877 1330 2910 brutum
1344 2874 1436 2909 fuisse
1459 2886 1526 2909 non
1549 2876 1699 2911 credam:
1726 2877 1830 2911 multo
1851 2878 1962 2913 minus
1984 2878 2019 2914 id

1139 2938 1195 2960 ore
1205 2925 1395 2966 dicam‚vel
1406 2925 1534 2959 calamo
1546 2926 1680 2961 scribam
1698 2953 1704 2960 .
1733 2926 1919 2962 Absurdum
1936 2930 2019 2974 ergo

1139 2977 1183 3010 est
1195 2977 1294 3011 etiarn
1311 2973 1391 3009 illud
1415 2976 1632 3017 antecedens,
1658 2989 1700 3011 ex
1721 2989 1786 3021 quo
1798 2988 1865 3013 tam
1886 2980 2020 3022 praecla-

1141 3038 1211 3060 rum
1235 3028 1373 3060 infertur
1396 3026 1595 3069 consequens
1620 3051 1628 3059 .
1664 3027 1799 3070 Sequela
1821 3028 1952 3071 majoris
1971 3029 2018 3063 est

1139 3076 1323 3111 Cardinalis
1333 3075 1482 3118 Cajetani
1494 3077 1569 3110 loco
1579 3076 1644 3119 jam
1657 3078 1758 3111 citato
1771 3101 1783 3118 ‚
1808 3079 1840 3112 ὅ(
1851 3083 1930 3111 ratio
1953 3081 2018 3118 eius

1138 3126 1175 3166 est
1186 3129 1265 3160 clara
1279 3139 1285 3158 ε
1302 3125 1389 3171 Qia
1405 3126 1480 3158 sicut
1495 3123 1598 3159 homo
1609 3127 1652 3160 est
1668 3128 1884 3171 compositum
1898 3139 1940 3161 ex
1952 3140 2021 3164 ma-

1139 3178 1217 3210 teria
1230 3177 1383 3210 &anima
1408 3175 1604 3209 intellectiva
1626 3179 1797 3219 rationali;
1826 3179 1870 3211 ita
1886 3176 2019 3213 brutum

1137 3226 1182 3260 est
1194 3224 1410 3268 compositum
1425 3236 1464 3258 ex
1478 3226 1608 3259 materia
1621 3226 1654 3260 δι
1666 3227 1773 3261 anima
1788 3228 1932 3261 sensitiva
1944 3228 2018 3263 irra-

1139 3277 1276 3317 tionali;
1306 3275 1396 3318 atqui
1407 3274 1429 3306 fi
1444 3276 1540 3309 foetus
1551 3273 1899 3318 humanusaliquando
1910 3279 2022 3312 anima

1139 3326 1281 3359 sensitiva
1295 3325 1475 3358 irrationali
1487 3326 1715 3360 informaretur
1724 3352 1733 3367 ‚
1761 3327 1843 3361 foret
1854 3329 2019 3371 composi-

1129 3386 1208 3422 tum
1219 3386 1258 3409 ex
1272 3374 1401 3408 materia
1411 3375 1444 3408 ὅτ,
1457 3376 1562 3408 anima
1575 3376 1720 3411 sensitiva
1732 3376 1909 3418 irrationali
1922 3390 1929 3409 :
1942 3388 2022 3420 ergo

1141 3427 1223 3461 soret
1238 3435 1347 3460 verum
1359 3424 1481 3459 animal
1492 3426 1865 3471 irrationale,verumque
1880 3426 2011 3461 brutum

1545 3475 1579 3509 D
1590 3474 1609 3508 d
1660 3486 1682 3510 2
1883 3476 1976 3508 adeo-
