2384 3770
617 115 766 180 Qum
801 110 1293 159 Poss,I.Nst1·rur.
1330 108 1440 157 Sto.
1476 112 1681 159 Δυῐτζ

266 193 422 235 idiomata
441 197 508 240 jam
529 194 675 232 instituta
698 197 842 238 variare,
865 197 921 232 aut
934 196 1069 232 alterare
1086 195 1133 229 est
1151 208 1155 221 ι

265 244 324 283 illa
333 248 486 290 deputare
495 246 536 281 ad
551 246 801 291 significandum
814 246 893 290 quid
905 247 923 279 a
936 247 994 282 suo
1006 245 1134 281 moder·

264 297 501 342 noofignificato
514 295 778 340 planediversum
790 308 801 341 3
821 295 910 337 atqui
923 296 1040 338 privati
1052 306 1131 329 con·

264 345 428 381 trahentes
450 344 483 380 id
500 348 607 381 facere
629 346 781 390 possunt;
808 343 908 389 idque
927 345 995 388 jure
1020 356 1131 389 appro-

264 396 382 437 bante,
407 397 441 431 ὅ(
455 397 511 430 tali
532 396 736 440 deputationi
761 394 902 428 valorem
917 418 928 436 ,
955 395 1022 428 vim
1040 406 1078 428 ac
1088 395 1133 429 as-

263 446 437 480 sistentiam
452 447 633 487 tribuente;
659 454 738 488 ergo
761 443 913 479 homines
934 444 1048 487 privati
1059 445 1134 489 pos-

263 497 338 530 sunt
358 506 483 531 mutare
502 496 659 531 idiomata
681 493 883 537 publicajarn
899 494 1068 535 instituta,
1094 506 1131 529 ac

264 557 320 590 per
328 547 525 589 consequens
534 545 633 578 etiam
644 543 810 578 instituere
822 556 906 579 nova
921 569 930 580 r

311 606 367 642 ²9·
395 593 480 637 Resp.
504 593 705 638 distinguendo
719 593 893 637 consequens
906 619 916 635 ‚
942 597 976 628 er
987 600 1131 629 minorem

260 646 464 688 probationis,-
490 645 591 686 potest
610 643 682 687 quis
696 644 838 688 privatus
849 644 1008 679 idiomata
1023 645 1131 689 publi·¹

262 706 301 729 ca
315 694 448 728 alterare
465 694 497 727 ἀ
522 694 640 730 variare
654 705 712 736 pro
724 703 793 729 tota
805 694 1065 738 communitate,
1092 693 1128 729 ut

261 744 334 780 usui
364 745 535 780 communi
565 742 722 787 loquendi
753 744 886 788 deroget
909 769 922 785 ‚
956 755 1128 788 mumque

261 796 532 829 communitatem
554 804 652 838 cogat
674 793 787 831 ,relicto
807 796 865 834 usu
879 794 1127 839 significationis

259 854 300 877 ac
311 842 525 888 impositionis
537 845 679 890 antiquae
690 867 701 882 ,
728 844 775 877 uti
789 843 923 878 vocibus
933 844 1025 886 juxta
1036 844 1125 879 suam

259 891 345 928 hanc
365 893 610 936 deputationem
641 904 680 927 ac
708 893 950 931 institutionem
982 904 1126 936 novam;

254 941 367 987 ficneg.
379 941 486 986 conseq.
508 943 589 981 Hoc
611 943 734 985 quippe
754 942 815 975 isto
838 953 1032 987 argumento
1055 954 1124 977 non

258 991 340 1036 prob.
365 993 482 1036 Neque
503 993 574 1026 fieri
598 992 703 1035 potest
729 1016 736 1024 .
766 991 852 1027 Vere
877 1003 1016 1035 namque
1041 992 1124 1027 dicit

235 1053 238 1055 ·
268 1044 448 1083 Pomponius
463 1042 618 1078 Marcellus
644 1042 775 1082 Tyberio:
809 1047 975 1081 civitatem
985 1042 1125 1082 barbaris

259 1090 426 1125 bominibus
451 1092 523 1129 dare
543 1101 626 1134 potes
649 1116 660 1132 ,
687 1092 791 1125 verbis
810 1103 867 1125 non
885 1100 987 1134 potes:
1015 1094 1050 1125 id
1066 1091 1125 1134 est,

259 1141 400 1175 barbaris
422 1139 612 1178 horninibus
625 1141 679 1184 Jus
693 1142 828 1176 Civium
841 1142 875 1176 ὅ(
887 1142 1041 1178 Civitatis
1052 1142 1126 1179 dare

259 1201 374 1234 potes,
397 1190 561 1234 Civesque
584 1191 756 1229 Romanos
779 1193 898 1230 facere:
929 1193 1048 1230 atvero
1059 1192 1124 1226 bar-

260 1240 336 1274 bara
364 1239 459 1274 verba
479 1241 512 1274 in
525 1241 618 1278 usum
638 1240 792 1277 inducere
804 1265 815 1281 ‚
841 1252 878 1281 ac
891 1242 992 1279 verbis
1004 1241 1126 1276 Roma-

259 1289 310 1322 nis
334 1288 554 1327 intermiscere
578 1299 646 1325 non
676 1300 767 1333 potes
777 1290 939 1329 ullatenus
951 1302 966 1339 ,-
992 1292 1048 1324 nifi
1062 1289 1127 1329 haec

259 1348 315 1372 tua
328 1333 474 1374 inductio
500 1337 619 1381 Populi
634 1339 777 1379 Romani
790 1341 847 1373 usu
859 1341 891 1374 &
904 1341 1127 1385 acceptatione

259 1388 404 1422 firmetur
413 1389 445 1424 δε
456 1388 634 1432 placidetur
648 1401 656 1420 ε
685 1391 719 1423 <5
729 1395 807 1427 ratio
817 1389 854 1430 est
863 1392 963 1427 clara:
987 1391 1062 1436 quia
1075 1390 1128 1425 de·

261 1448 375 1481 putare
387 1437 474 1482 signa
486 1461 498 1478 ,
523 1449 580 1472 aut
602 1438 767 1474 instituere
784 1451 879 1478 voces
890 1451 950 1483 pro
960 1450 1030 1475 tota
1040 1451 1128 1474 corn-

257 1488 421 1521 munitate
438 1488 483 1521 est
509 1489 593 1531 quafi
618 1489 697 1529 ferre
709 1488 835 1533 legem,
862 1499 1125 1534 totamquecom-

257 1541 454 1570 munitatem
478 1536 630 1582 obligare
653 1537 695 1572 ad
718 1537 876 1575 utendum
905 1537 966 1573 hac
979 1549 1059 1578 voce
1069 1550 1127 1583 pro

259 1584 325 1620 hoc
341 1586 624 1636 fignificatojatqui
639 1587 749 1621 nullus
769 1588 910 1632 privatus
923 1599 1025 1624 totam
1037 1601 1126 1626 com·

256 1636 452 1671 munitatem
476 1637 519 1670 ita
544 1636 691 1681 obligare
701 1638 824 1685 potest3
852 1649 931 1682 ergo
951 1663 963 1681 ,
987 1639 1052 1674 ἀεῖ.
1071 1651 1125 1683 po-

256 1686 316 1720 test
331 1684 402 1731 quis
415 1687 555 1729 privatus
566 1686 700 1723 alterare
711 1697 887 1722 commune
898 1689 1020 1723 idioma
1031 1688 1124 1724 domi

256 1736 340 1776 suae,
369 1748 427 1779 pro
439 1737 488 1774 se,
514 1737 614 1776 filiis,
639 1737 736 1774 servis
762 1750 799 1771 ac
814 1738 1122 1781 familiaribussuis;

255 1786 308 1819 vel
332 1796 390 1829 pro
421 1796 508 1829 parte
530 1787 665 1829 quicum
685 1786 852 1821 contrahit
875 1812 887 1828 ‚
928 1786 1122 1832 praecedente

255 1835 423 1879 praesertim
436 1847 552 1871 mutuo
562 1837 722 1874 consensu
737 1849 747 1879 3
763 1835 802 1878 fic
811 1840 931 1871 concedo
938 1837 1048 1881 conseq.
1059 1838 1122 1873 hoc

254 1886 379 1919 etenim
401 1884 530 1929 egregie
551 1886 705 1929 probatur
715 1898 769 1930 per
782 1898 887 1921 totum
902 1889 994 1925 illum
1005 1888 1121 1922 discur-

199 1965 202 1973 ,
256 1934 430 1968 sumistius
443 1936 646 1980 argumenti:
674 1947 779 1978 neque
789 1937 833 1972 est
845 1937 1041 1978 absurdum;
1065 1937 1119 1972 sed

255 1982 381 2024 optime
393 1983 463 2016 fieri
477 1984 579 2027 potest
589 2007 597 2015 .
619 1985 855 2029 Quamtumvis
865 1986 953 2023 enim
967 1986 1038 2028 quis
1052 1997 1118 2021 non

257 2032 351 2074 poffit
375 2033 509 2065 nomina
527 2044 671 2073 mutare,
697 2044 732 2067 ut
754 2034 824 2075 usui
846 2036 1016 2068 communi
1029 2035 1119 2069 dero—

254 2089 332 2123 ἔοις
356 2091 389 2114 at
403 2081 458 2115 fibi
483 2082 517 2115 &
537 2082 666 2121 ¹familiae
688 2084 749 2115 suae
760 2106 771 2121 ‚
798 2094 835 2119 ac
846 2083 988 2125 patribus
1000 2085 1118 2126 quibus

253 2141 330 2163 cum
341 2128 526 2168 contrahit,
553 2141 594 2162 ex
605 2141 722 2163 mutuo
734 2132 891 2168 consensu
908 2133 1008 2174 potest
1026 2156 1033 2163 .

306 2189 359 2226 30.
382 2182 495 2217 Contra
506 2179 556 2212 boc
567 2188 667 2215 tamen
675 2178 791 2220 objicies
801 2183 898 2221 primo
911 2207 920 2221 ,
946 2182 964 2214 l.
971 2192 1001 2226 4.
1016 2180 1043 2222 fi
1050 2187 1115 2227 quis

253 2234 287 2261 in
302 2229 417 2270 fundi,
450 2231 486 2266 de
507 2230 595 2272 legat.
611 2231 645 2264 Q!
664 2229 839 2271 fideicom.1.
854 2230 1059 2266 ubidicitur:
1085 2234 1116 2264 si

253 2284 320 2319 quis
330 2290 392 2310 cum
403 2279 475 2311 velit
489 2279 597 2317 vellem
609 2279 707 2321 legare
717 2304 727 2317 ,
737 2277 946 2321 supelleHilem
952 2279 1114 2324 scripserit,

255 2329 326 2359 dum
341 2335 430 2368 putat
437 2326 621 2369 supelleHilis
633 2326 831 2368 appellatione
844 2328 949 2370 vestem
959 2336 1116 2367 contineri,

257 2388 297 2409 ex
306 2375 449 2418 sententia
466 2379 617 2418 Pomponii
629 2377 734 2414 vestem
743 2386 863 2409 tantum
874 2378 971 2410 deberi
982 2392 993 2413 .·
1020 2390 1116 2421 quem-

253 2426 412 2459 admodum
424 2425 453 2467 fi
459 2433 528 2473 quis
537 2434 622 2467 putet
634 2432 700 2460 auri
709 2427 909 2468 appellatione
920 2427 1121 2468 eli-&ammei

256 2475 451 2508 auricalchum
475 2476 635 2513 contineri,
663 2476 715 2508 vel
723 2478 802 2518 quod
807 2477 926 2516 stultius
941 2477 978 2518 est
993 2502 1004 2518 ,
1029 2478 1117 2519 vestis

255 2525 458 2567 appellatione
468 2531 559 2562 etiam
569 2535 723 2569 argentum
732 2532 873 2559 contineri
885 2539 894 2569 3
923 2538 1002 2571 ergo
1016 2530 1117 2570 priva·

254 2576 279 2608 ti
303 2573 531 2611 contrahentes
550 2586 618 2613 non
639 2576 789 2618 possunt,
817 2577 915 2610 etiam
939 2577 979 2611 de
1000 2590 1116 2612 mutuo

251 2625 408 2658 consensu
421 2649 432 2665 ‚
459 2625 493 2658 in
508 2624 571 2663 suis
581 2625 798 2659 contractibus
809 2626 977 2669 depravare
988 2628 1112 2661 institu-

251 2675 360 2707 tiones
373 2684 491 2708 vocum
503 2697 514 2712 ,
541 2684 646 2716 neque
668 2686 781 2708 vocem
796 2676 970 2718 quamlibet
983 2677 1114 2720 deputa-

251 2734 307 2762 re,
332 2723 373 2756 ad
387 2723 469 2756 inter
490 2724 521 2757 se
541 2723 785 2767 significandum
797 2725 974 2769 quidlibet;
1006 2728 1113 2765 sedde·

251 2772 330 2806 bent
352 2772 486 2807 vocibus
504 2772 550 2806 uti
572 2773 664 2815 juxta
683 2773 920 2809 institutionem
939 2776 972 2809 &
997 2778 1088 2812 usum
1104 2803 1115 2819 ,

251 2833 348 2865 quem
371 2823 531 2856 ordinarie
552 2820 690 2857 habent.
718 2822 805 2867 Resp.
818 2827 952 2867 negando
962 2825 1113 2869 conseq.&

250 2872 327 2905 dico
350 2870 433 2905 hanc
449 2874 501 2917 l.4.
529 2883 597 2906 non
619 2883 762 2917 pugnare
772 2885 846 2907 curn
858 2875 877 2905 Ι.
892 2885 948 2908 non
958 2876 1045 2909 aliter
1057 2878 1111 2911 su-

250 2933 306 2965 pra
320 2922 419 2955 citata
430 2945 438 2954 .
467 2923 664 2966 Loquuntur
684 2923 820 2957 enimin
833 2924 951 2960 casibus
963 2925 1056 2968 plane
1065 2927 1114 2962 di-

248 2972 340 3005 versis
353 2983 367 3014 ;
391 2972 447 3017 l.4.
467 2973 557 3005 enim
579 2972 723 3015 loquitur
733 2973 773 3008 de
783 2974 853 3009 casu
865 2999 876 3014 ‚
902 2985 968 3018 quo
981 2975 1111 3011 testator

245 3030 328 3055 errat
352 3022 384 3055 in
400 3022 641 3066 fignificatione
651 3023 818 3063 verborum
831 3047 841 3063 ‚
868 3025 901 3058 δε
916 3035 957 3057 ex
968 3024 1048 3059 falso
1058 3037 1109 3059 er-

245 3080 317 3104 tore
336 3072 429 3112 ponit
453 3082 553 3105 unum
576 3084 632 3116 pro
644 3073 710 3107 alio
727 3097 733 3104 .
759 3074 813 3116 Jus
823 3075 910 3107 enim
923 3085 990 3107 non
1006 3085 1111 3118 patro·

244 3120 372 3154 cinatur
389 3122 508 3154 erranti
531 3122 566 3156 in
588 3123 889 3167 nomine(intell1‘ge
910 3124 1107 3167 appellativo:

244 3176 361 3203 erranei·
374 3181 496 3212 namque
509 3177 541 3204 in
564 3178 678 3206 nomine
695 3179 814 3214 proprio
826 3198 836 3213 ‚
861 3174 932 3205 bene
940 3181 1106 3214 patrocina-

242 3228 294 3252 tur
305 3244 312 3252 .
326 3221 338 3261 )
351 3220 479 3254 Deinde
491 3232 565 3255 eum
578 3246 590 3262 ,
614 3222 671 3265 qui
697 3234 755 3265 pro
784 3223 976 3266 supellectile
989 3225 1104 3263 vestem

242 3270 352 3312 posuit
374 3294 385 3309 ,
413 3270 571 3313 praesumit
596 3273 704 3314 potius
725 3271 852 3312 ludere,
880 3284 977 3315 quam
1001 3274 1105 3319 legare

242 3320 396 3353 voiuiffe.
425 3320 472 3354 At
491 3320 568 3354 vero
589 3322 608 3353 l.
622 3333 679 3355 non
701 3323 809 3362 aliter,
838 3334 903 3355 non
919 3323 1103 3366 loquiturin

241 3369 316 3402 casu
327 3368 460 3412 erroris;
486 3370 539 3405 sed
559 3370 593 3404 in
616 3373 708 3411 casu,
737 3384 804 3416 quo
827 3371 1055 3408 contrahentes
1064 3386 1105 3408 ex

240 3424 330 3456 ,certa
342 3419 473 3456 seientia
487 3431 590 3457 unum
602 3422 796 3458 vocabulum
819 3433 877 3467 pro
887 3421 952 3459 alio
963 3434 1107 3468 ponunt,
1122 3462 1130 3476 ,

1931 129 2022 173 ¹13

1191 207 1231 231 ac
1244 192 1414 233 verborum
1436 195 1570 232 suorum
1581 196 1706 230 sensum
1716 205 1911 243 exponam,-
1937 197 1972 233 ἀ
1980 208 2060 242 tune

1190 246 1374 282 contrassus
1394 245 1440 281 ita
1452 244 1526 281 initi
1540 244 1648 280 valent
1659 269 1672 285 ‚
1696 246 1730 279 ἀ
1742 247 1760 279 ὲ
1772 248 1846 290 Jure
1855 247 2034 293 probantur
2044 270 2056 281 .

1191 294 1414 343 quantumvis
1435 304 1576 337 namque
1587 294 1663 341 Jura
1676 306 1744 328 non
1757 298 2001 339 patrocinentur
2010 309 2056 340 εις

1192 343 1333 381 rantibus
1355 369 1366 385 ,
1393 344 1636 387 patrocinantur
1656 354 1768 380 ,tamen
1792 347 1886 382 verba
1907 360 1951 385 ex
1969 358 2056 383 certa

1190 395 1324 431 scientia
1345 393 1561 429 alienantibus
1577 418 1588 434 ‚
1613 405 1652 428 ac
1673 393 1905 437 alterantibus,
1929 409 1967 433 ac
1989 399 2057 433 sen.

1192 446 1261 479 sum
1285 446 1377 478 suum
1402 444 1599 482 sufficienter
1619 443 1873 485 explicantibus.
1901 448 1953 481 De
1979 450 2055 492 qui-

1190 495 1249 531 bus
1268 492 1423 531 omnibus
1445 494 1552 529 videre
1585 504 1677 538 pores
1707 497 1869 528 Vaccatum
1888 496 1911 529 ἃ
1933 499 2055 533 Vacuna

1187 544 1273 588 lib-4.
1285 545 1428 579 declarat.
1434 546 1517 585 juris
1527 546 1617 590 cap.‘3·
1625 569 1631 577 .
1640 545 1674 578 δ’
1685 543 1716 579 6.
1725 547 1824 578 Cuiat.
1834 549 1866 576 in
1877 543 2052 592 d18a11b.4.

1189 595 1221 630 &
1234 593 1432 639 Magistrum
1447 593 1589 640 Bafilium
1599 592 1805 639 Legionenftm
1814 615 1825 633 ,
1842 593 1931 636 lib.2.
1946 595 1982 628 de
1991 607 2055 630 ma-

1187 649 1268 677 trim.
1281 652 1335 686 cap
1348 642 1377 681 8.
1736 642 1738 644 ¹

1240 703 1292 740 3¹·
1320 695 1453 736 objicies
1460 692 1586 736 secundo
1598 718 1608 734 ,
1628 703 1694 736 cap.
1707 695 1854 728 extiteris
1868 705 1896 730 1.
1910 695 1947 728 de
1954 692 2055 737 spons.

1186 744 1207 777 Ι.
1223 744 1307 777 labeo
1319 756 1349 791 7.
1356 743 1394 785 ff.
1418 745 1454 777 de
1461 742 1567 787 supell.
1577 746 1677 787 legata
1687 768 1697 784 ,
1725 745 1758 778 ἀ
1767 746 1789 777 Ι.
1802 746 1954 777 anniculus
1968 751 2055 778 amit·

1185 799 1262 826 titur
1278 793 1395 839 132.ffl
1413 795 1450 826 de
1461 794 1544 827 verb.
1552 793 1654 838 fignifi
1673 794 1729 833 „bi
1741 794 1862 834 dicitur
1871 793 1963 828 verba
1975 804 2057 828 con·

1187 845 1344 879 tractuum
1353 843 1472 883 debere
1484 840 1608 878 sumi&
1623 844 1763 888 intelligi
1777 842 1953 881 secundum
1965 855 2055 883 corn-

1186 904 1320 928 munem
1355 905 1393 928 ac
1429 904 1589 938 receptam
1616 894 1829 938 loquentium-
1842 893 2056 939 significatio-

1188 953 1262 976 nem
1278 967 1286 975 .
1312 943 1394 981 Item
1408 942 1501 977 verba
1514 954 1729 983 mercatorum
1742 944 1956 988 intelligenda
1968 945 2030 984 esse
2043 966 2055 986 ‚

1187 1002 1282 1038 prout
1312 1002 1350 1027 ea
1383 995 1602 1027 communiter
1631 1004 1821 1029 mercatores
1838 993 2029 1037 intelligunt
2039 1016 2052 1033 ,

1187 1052 1274 1076 tenet
1298 1041 1388 1080 Rota
1414 1042 1497 1089 apud
1512 1047 1705 1076 Farinacium
1717 1068 1727 1084 ‚
1749 1053 1866 1086 part.2.
1879 1040 2055 1085 decis88-n.

1187 1102 1215 1131 2.
1239 1092 1358 1136 Neque
1372 1091 1517 1125 disientit
1542 1092 1630 1127 Rota
1655 1094 1739 1137 apud
1760 1092 1955 1135 Seraphinum
1966 1090 2053 1135 decis.

1192 1151 1267 1188 140.
1286 1152 1366 1186 ergo
1379 1141 1492 1185 pri-vati
1504 1141 1734 1179 contrahentes
1746 1154 1813 1176 non
1827 1144 1955 1187 possunt
1966 1153 2054 1180 com-

1189 1190 1302 1228 munia
1325 1190 1483 1228 vocabula
1501 1192 1635 1231 alterare
1649 1217 1659 1233 ,
1684 1204 1721 1226 ac
1732 1193 1898 1233 alienare;
1924 1192 2055 1233 sediliis

1189 1241 1237 1276 uti
1269 1240 1391 1278 debent
1426 1240 1518 1284 juxta
1555 1242 1795 1285 impositionem
1820 1252 2033 1277 communem
2046 1264 2055 1275 .

1187 1290 1276 1334 Κήρ.
1286 1292 1421 1335 negando
1430 1289 1665 1334 consequentiam
1678 1317 1685 1323 .
1704 1292 1791 1326 Nam
1804 1293 1917 1326 omnia
1933 1291 1987 1325 illa
2000 1290 2056 1325 ad·

1188 1341 1282 1383 duda
1303 1353 1367 1376 tam
1390 1341 1485 1384 Jura,
1505 1353 1602 1385 quam
1625 1342 1800 1376 decisiones
1812 1341 1906 1381 Rotae
1919 1342 2056 1385 loquun-

1184 1401 1241 1434 tur
1262 1392 1296 1425 in
1322 1391 1415 1429 casu,
1440 1402 1508 1434 quo
1532 1402 1621 1426 mens
1641 1404 1679 1427 ac
1701 1393 1843 1426 intentio
1853 1392 2056 1426 contrahen-

1189 1441 1271 1476 tium
1293 1440 1401 1489 dubit¹
1415 1441 1459 1474 est
1470 1452 1508 1474 ac
1519 1441 1661 1478 incerta:
1689 1452 1767 1476 tunc
1777 1442 1899 1476 etenim
1913 1442 2005 1476 verba
2018 1442 2054 1476 in

1187 1491 1352 1527 ordinaria
1366 1515 1377 1530 ,
1403 1501 1440 1523 ac
1452 1490 1593 1528 maxime
1604 1493 1755 1526 consueta
1777 1493 1831 1525 sua
1845 1491 2055 1535 significatio-

1189 1551 1229 1573 ne
1241 1551 1278 1578 ac
1298 1539 1518 1584 suppositione
1539 1540 1659 1581 debent
1684 1542 1755 1584 capi
1769 1566 1775 1572 .
1803 1544 1847 1582 Et
1857 1547 1933 1573 razio
1943 1540 1980 1579 est
1989 1542 2056 1573 cla-

1186 1601 1222 1627 ra
1237 1603 1245 1622 :
1272 1590 1350 1633 quia
1373 1589 1407 1623 in
1431 1589 1539 1625 dubiis
1551 1590 1667 1623 melior
1677 1590 1721 1623 est
1737 1591 1886 1624 conditio
1898 1590 2054 1633 poffiden-

1188 1641 1248 1682 tis;
1274 1639 1365 1681 atqui
1392 1638 1487 1681 verba
1509 1639 1582 1674 sunt
1606 1639 1639 1673 in
1651 1641 1784 1682 pacifica
1800 1639 1990 1682 possessione
2001 1651 2056 1674 an—

1189 1689 1282 1734 tiquae
1303 1701 1341 1723 ac
1361 1688 1481 1726 ufitatae
1507 1690 1568 1723 suae
1584 1690 1831 1734 fignificationis
1844 1713 1855 1730 ,
1880 1701 1919 1724 ac
1934 1689 2056 1723 institu-

1190 1739 1310 1783 tionis;
1338 1749 1418 1782 ergo
1434 1738 1499 1780 jura
1513 1739 1637 1783 semper
1653 1741 1846 1783 praesumunt
1859 1739 1952 1772 verba
1965 1738 2055 1780 juxta
2106 1747 2110 1750 “

1188 1788 1271 1823 hanc
1296 1788 1534 1822 institutionem
1556 1790 1574 1822 a
1596 1789 1867 1823 contrahentibus
1881 1790 1942 1822 effe
1953 1788 2056 1831 prola-

1186 1849 1243 1887 (εἰ
1273 1838 1329 1872 nisi
1341 1838 1510 1875 evidenter
1520 1840 1646 1881 constet
1661 1838 1890 1876 contrahentes
1903 1838 1987 1872 hanc
1999 1850 2053 1873 an-

1184 1889 1308 1931 tiquam
1322 1888 1564 1926 institutionem
1585 1889 1728 1930 alterasie
1739 1912 1749 1928 ,
1774 1889 1806 1922 &
1817 1887 1857 1921 ad
1872 1887 1959 1922 aliud
1973 1886 2053 1932 quid

1185 1937 1431 1981 significandum
1453 1938 1539 1969 inter
1560 1938 1792 1986 seinssituiffe,
1818 1948 1856 1971 ac
1868 1937 2031 1982 deputasse
2045 1963 2052 1970 .

1187 1986 1231 2019 At
1243 1984 1318 2019 vero
1329 1997 1402 2019 cum
1421 1986 1652 2028 contrahentes
1665 1988 1790 2027 sensum
1807 1988 1902 2023 suum
1912 1988 1989 2021 satis
1999 2000 2054 2022 ex-

1183 2035 1302 2078 plicant
1315 2057 1326 2075 ,
1351 2036 1384 2075 &
1397 2035 1491 2068 verba
1514 2036 1531 2068 a
1544 2036 1575 2068 se
1598 2047 1639 2070 ex
1651 2048 1737 2070 certa
1750 2037 1882 2075 scientia
1898 2037 2030 2079 alterata
2040 2062 2053 2079 ,

1180 2086 1213 2118 δι
1238 2084 1279 2119 ad
1304 2083 1393 2121 aliud
1405 2084 1484 2126 quid
1506 2084 1753 2126 significandum
1766 2088 1827 2124 esse
1837 2086 1988 2130 deputata
2014 2099 2053 2122 ac

1181 2133 1330 2174 usurpata
1353 2132 1584 2174 testificantur3
1612 2143 1692 2169 tunc
1717 2135 1792 2182 Jura
1815 2135 1856 2169 de
1876 2136 1940 2170 illis
1962 2136 2050 2178 nihii

1182 2183 1374 2225 praesumunt
1396 2206 1407 2222 ,
1434 2192 1539 2222 neque
1561 2182 1617 2217 illa
1643 2184 1919 2227 interpretantur3
1947 2197 2053 2228 neque

1180 2233 1270 2265 enim
1299 2232 1332 2266 in
1346 2242 1379 2265 re
1388 2242 1475 2265 certa
1487 2231 1756 2274 interpretatione
1766 2245 1846 2275 opus
1856 2236 1901 2269 est
1914 2259 1925 2275 ‚
1951 2237 2053 2268 Leon-

1181 2286 1303 2320 tinum,
1332 2291 1406 2327 137.
1420 2282 1450 2323 ᾗ.
1468 2291 1535 2316 cum
1554 2281 1807 2322 itafflpularusffl
1822 2285 1857 2316 de
1872 2284 1954 2318 verb.
1966 2285 2052 2334 oblig.

1183 2329 1235 2369 sed
1248 2330 1303 2364 illa
1317 2330 1508 2374 intelligunt
1519 2330 1612 2371 juxta
1635 2330 1840 2366 intellectum
1851 2344 1889 2366 ac
1898 2334 2053 2369 intentio-

1184 2390 1257 2413 nem
1279 2378 1572 2423 contrahentium;
1597 2380 1724 2423 illisque
1748 2381 1793 2416 ita
1815 2382 1985 2416 intellectis
2005 2385 2052 2417 as-

1181 2429 1290 2463 sistunt
1312 2429 1346 2463 ὅ(
1367 2428 1598 2472 suffragantur:
1625 2430 1773 2474 adeoque
1793 2433 1892 2465 etiam
1903 2432 2050 2467 affistunt

1182 2479 1352 2512 verborum
1372 2478 1558 2513 alterationi
1570 2490 1608 2514 ac
1619 2479 1811 2525 alienationi
1824 2481 1842 2515 ὲ
1854 2481 2049 2522 contrahen-

1180 2527 1265 2572 tibus
1281 2529 1385 2562 faciae-
1829 2526 1832 2528 ’
1986 2527 1989 2529 ’

1231 2589 1284 2624 32.
1313 2578 1442 2619 objicies
1462 2581 1571 2613 tertio:
1597 2579 1619 2613 fi
1642 2581 1863 2624 unusquisque
1874 2580 1975 2616 homo
1987 2582 2049 2626 pri-

1180 2638 1271 2675 vatus
1282 2628 1315 2662 in
1328 2629 1548 2663 contractibus
1561 2628 1623 2666 suis
1634 2653 1645 2669 ,
1670 2641 1709 2664 ac
1718 2632 1887 2672 praesertim
1903 2633 1936 2666 in
1951 2633 2048 2668 sacra-

1180 2678 1315 2718 mentali
1337 2680 1505 2712 contrastu
1527 2679 1730 2713 matrimonii
1756 2704 1767 2719 ,
1795 2681 1896 2723 posset
1917 2682 2046 2723 publica

1179 2728 1336 2762 idiomata
1359 2727 1493 2765 alterare
1505 2753 1516 2768 ,
1540 2740 1578 2762 ac
1589 2729 1629 2762 ad
1643 2729 1730 2762 aliud
1745 2730 1823 2772 quid
1838 2730 1932 2773 plane
1943 2731 2047 2772 divet-

1178 2779 1246 2814 sum
1268 2776 1515 2821 significandum
1542 2778 1715 2822 deputare,
1743 2790 1782 2818 ac
1803 2779 1934 2819 tandem
1949 2780 2046 2816 inter-

1177 2839 1257 2862 num
1282 2828 1373 2862 suum
1396 2829 1610 2869 consensum,
1635 2839 1672 2862 ac
1694 2829 1911 2863 intentionem
1924 2829 2045 2874 signifi-

1174 2889 1247 2911 care
1270 2889 1324 2921 per
1344 2876 1504 2922 quaslibet
1529 2889 1643 2920 voces;
1671 2880 1769 2920 posset
1782 2880 1879 2912 etiam
1892 2878 2044 2914 Minister

1172 2927 1454 2969 Sacramentorum
1476 2927 1508 2961 id
1520 2929 1623 2968 facere
1635 2929 1668 2961 in
1681 2928 1961 2969 Sacramentorum
1975 2930 2044 2964 col-

1174 2977 1354 3019 lationibus
1370 2991 1381 3012 :
1401 2975 1550 3021 adeoque
1571 2989 1636 3022 ego
1649 2979 1769 3021 possem
1784 2977 1965 3022 baptizare,
1985 2989 2043 3013 aut

1170 3038 1287 3070 corpus
1297 3028 1332 3062 &
1355 3028 1544 3072 sanguinem
1556 3027 1696 3061 Domini
1710 3027 1773 3070 mci
1785 3029 1971 3066 consecrare
1984 3039 2042 3072 pet·

1171 3076 1238 3110 haec
1253 3077 1347 3114 verba
1361 3077 1479 3111 baculus
1487 3077 1549 3117 star
1560 3082 1592 3115 in
1605 3078 1711 3121 angulo
1722 3101 1734 3117 ,
1760 3078 1860 3114 modo
1874 3078 1930 3111 ista
1945 3078 2042 3112 verba

1170 3127 1379 3166 informarem
1391 3126 1506 3162 debito
1522 3126 1655 3160 interno
1674 3127 1831 3168 consensu
1843 3151 1854 3168 ,
1880 3128 1941 3160 sive
1952 3127 2043 3162 debi-

1168 3187 1200 3209 ta
1212 3177 1395 3211 intentione
1410 3175 1556 3219 requisita
1569 3175 1609 3209 ad
1620 3175 1848 3220 baptizandum
1860 3201 1871 3217 ‚
1899 3177 1949 3210 vel
1963 3188 2041 3212 con-

1169 3226 1378 3270 sectandum:
1407 3225 1607 3268 consequens
1632 3226 1830 3267 absurdum,
1857 3238 1895 3260 ac
1917 3225 2039 3262 haereti·

1167 3287 1241 3309 cum
1265 3275 1337 3316 est;
1363 3285 1443 3318 ergo
1464 3275 1498 3310 &
1520 3274 1552 3308 id
1575 3275 1662 3311 unde
1688 3276 1851 3319 sequitur.
1877 3275 1970 3319 Resp.
1992 3288 2040 3311 ne-

1162 3326 1264 3369 gando
1283 3323 1436 3366 sequelam
1457 3326 1604 3365 majoris.-
1630 3324 1797 3368 disparitas
1814 3326 1901 3359 enim
1915 3326 1960 3360 est
1974 3337 2041 3361 ma·

1167 3374 1280 3408 nifesta
1297 3386 1306 3416 ;
1332 3374 1407 3417 quia
1431 3373 1583 3409 Minister
1594 3374 1876 3410 Sacramentorum
1889 3400 1901 3417 ,
1914 3378 1927 3418 (
1939 3382 2040 3419 excipe

1170 3423 1338 3468 ¹ministrum
1357 3427 1542 3461 Matrimonii
1556 3447 1570 3468 ,
1595 3429 1645 3468 qui
1658 3423 1733 3469 sunt
1743 3424 2038 3474 wficontrabemes)

1918 3486 1988 3522 agit
