2384 3770
698 87 1039 133 SANcri

237 180 386 216 Ecclesiae
399 178 633 222 disciplinam,
662 189 719 214 eos
732 179 924 223 coegerint,
953 178 1030 211 licet
1057 187 1126 210 non

233 233 279 267 ad
298 229 522 275 poenitentiam
548 229 703 273 plenam,
730 238 839 264 tamen
864 229 904 262 ad
917 228 1048 261 tertium
1063 238 1126 267 poe·

234 281 385 316 nitentiae
404 279 543 324 gradum
560 292 567 312 ε
595 281 675 314 Hoc
685 279 730 313 est
742 303 753 319 ,
785 277 874 322 quod
886 287 941 311 eos
952 281 1124 321 coegerint

236 342 349 366 coram
374 329 480 364 stante
503 330 627 373 populo
651 326 781 373 publice
807 329 842 360 in
873 326 1015 361 Ecclesia
1050 337 1126 360 ante

235 379 377 425 apsidem
398 391 507 425 genua
521 380 667 419 flectere,
693 376 783 423 quod
799 377 846 411 eis
868 387 1038 420 tamquam
1063 388 1126 421 pm-

234 430 419 464 nitentibus
438 439 547 464 totum
570 438 668 471 caput
693 428 829 461 raserint
855 439 891 461 ac
901 425 1125 467 decalvarint,

230 480 326 524 ‘quod
348 491 461 514 eorum
473 480 576 513 rasum
599 487 696 520 caput
708 477 822 510 cilicio
835 476 996 518 velarint,
1023 475 1127 520 quod-

231 539 299 573 'que
311 530 356 565 eis
366 539 532 571 tamquam
546 527 636 561 laicis
649 539 764 561 manus
778 527 1006 569 imposuerint.
1021 527 1123 574 Qod

233 582 323 614 enim
334 592 371 615 ea
383 588 496 614 manus
508 578 672 621 impositio
682 600 693 615 ‚
719 587 816 619 quam
829 578 1020 618 Diaconus‚
1035 577 1123 612 Pres-

232 630 360 672 byteris
370 654 381 670 ,
407 639 505 671 atque
519 628 690 671 Episcopis
700 651 710 667 ,
727 639 844 662 contra
858 627 1003 661 Ecciefiae
1016 627 1122 661 Disci-

232 680 357 724 plinam
380 677 612 722 impendebant
624 678 829 718 Donatistae,
855 677 888 711 &
911 678 951 711 dc
971 689 1034 722 qua
1048 678 1121 712 Ro-

231 741 294 764 mae
312 728 487 763 damnatus
510 730 554 763 cst
570 728 723 762 Donatus
735 728 752 760 a
766 729 851 762 Casis
875 728 996 773 nigris,
1025 729 1121 761 fuerit

235 791 303 814 non
326 777 546 816 reordinatio,
575 778 629 812 sed
651 789 765 811 manus
787 778 952 821 impositio
974 778 1008 811 in
1022 777 1121 821 poeni·

233 828 390 870 tentiam,
418 829 452 863 &
474 829 566 871 supra
592 828 667 861 satis
691 827 783 867 dixi,
810 827 1062 861 &clarissimum
1074 828 1119 861 est

231 890 274 913 eit
296 877 385 913 hisce
405 878 591 913 scurrilibus
613 877 739 916 verbis,
765 888 836 920 quae
858 877 899 910 ad
912 878 1027 912 Socios
1047 877 1121 912 suos

231 927 321 962 dixit
343 929 463 972 impius
483 926 662 971 Purpurius
687 925 870 970 Episcopus
897 927 1091 961 Limatensis
1111 954 1119 962 .

232 980 337 1012 Exeat
348 977 405 1014 buc
417 978 501 1022 quasi
506 984 675 1019 imponatur
686 978 730 1010 illi
741 988 848 1010 manus
872 982 904 1009 in
917 976 1102 1020 Episcopatu
1110 1002 1121 1019 ‚

231 1029 269 1062 ό*
288 1029 437 1072 quassetur
458 1030 503 1061 illi
522 1036 610 1070 caput
633 1029 671 1060 de
691 1032 889 1068 poenitentia.
918 1026 1083 1070 Loquitur
1109 1052 1120 1068 ,

230 1088 308 1112 ecce
333 1103 344 1118 ,
367 1077 475 1112 scurra
498 1077 557 1112 iste
579 1088 671 1111 more
695 1078 944 1120 prostitutorum
966 1077 1120 1111 Nebulo-

230 1139 330 1167 num,
363 1129 420 1170 qui
434 1127 670 1163 Ecclefiasticos
681 1128 784 1164 ritus,
811 1128 942 1171 ipsaque
965 1129 1120 1162 sacrosan-

231 1179 283 1212 ἂι
306 1179 377 1221 Jesu
398 1177 520 1212 Christi
539 1177 746 1211 Sacramenta
770 1176 904 1211 vocibus
937 1177 1121 1212 scurrilibus

229 1227 342 1261 solent
366 1228 538 1261 scurriliter
561 1227 759 1260 enunciare.
788 1226 996 1261 Blaterabant
1009 1228 1119 1262 Dona·

229 1276 315 1311 tistae
335 1276 500 1310 Caeciliani
525 1276 755 1318 Episcopalem
776 1276 1021 1312 ordinationem
1035 1302 1045 1317 ,
1074 1290 1122 1312 ut-

229 1335 312 1369 pote
331 1325 349 1358 a
372 1326 480 1359 Felice
504 1326 697 1359 traditorum
710 1325 875 1360 Codicum
887 1337 943 1360 reo
958 1327 1121 1371 Episcopo

230 1376 351 1410 fastam
366 1400 377 1416 ,
400 1376 462 1409 esse
479 1375 601 1409 irritam
624 1387 662 1409 ac
688 1375 836 1409 nullam.-
861 1377 958 1422 Qos
983 1377 1120 1412 irridens

230 1424 431 1459 Caeciiianus
454 1425 564 1469 paffim
587 1424 738 1459 dicebat:
764 1428 797 1460 St
820 1428 913 1460 Felix
923 1432 956 1459 in
966 1437 1033 1465 me,
1047 1426 1120 1468 ficut

231 1474 281 1512 isti
303 1475 512 1516 arbitrantur,
537 1474 616 1508 nibil
628 1476 748 1508 contulit
770 1500 781 1516 ,
808 1475 864 1518 ipfi
885 1487 1043 1518 tamquam
1063 1478 1119 1510 ad-

231 1524 290 1557 buc
310 1527 470 1559 Diaconum
494 1525 652 1559 ordinent.
681 1526 786 1569 Eique
804 1525 893 1560 dicio
917 1526 1016 1561 dabat
1039 1526 1120 1561 Pur*

228 1573 344 1619 purius
365 1576 431 1619 jam
450 1576 572 1611 dictum
586 1575 716 1610 scurrile
728 1578 936 1620 responsum,
964 1576 1054 1619 cujus
1064 1575 1118 1611 hic

229 1634 301 1659 erat
313 1625 441 1660 sensus:
467 1625 614 1666 Veniat,
638 1625 844 1669 imponemus
855 1627 884 1660 ei
899 1637 1034 1667 manus,
1049 1639 1117 1661 non

226 1674 269 1708 ἱη
295 1674 520 1720 Episcopalern
540 1676 807 1718 ordinationem,
836 1676 888 1711 sed
916 1678 949 1710 in
962 1677 1118 1721 poeniten-

228 1725 313 1759 tiam
336 1749 347 1766 ‚
373 1725 543 1770 quomodo
571 1726 708 1761 fecimus
724 1726 880 1761 omnibus
910 1727 984 1762 aliis
1005 1752 1013 1760 .
1045 1727 1118 1762 Ete-

228 1775 303 1808 nim
324 1775 569 1820 impositionem
588 1787 745 1811 manuum
771 1777 803 1810 in
819 1777 1047 1821 poenitentiam
1064 1790 1115 1812 vo·

229 1825 327 1859 cabat
350 1827 455 1861 scurra
475 1827 532 1861 iste
550 1826 666 1869 capitis
687 1827 728 1862 de
740 1828 931 1870 poenitentia
943 1828 1115 1874 quassatio-

228 1885 330 1916 nem,
356 1877 456 1920 phrasi
472 1902 482 1918 ,
508 1877 648 1917 utdixi,
678 1878 806 1921 penitus
818 1879 961 1914 scurrili.
991 1880 1118 1918 Sensus,

222 1925 363 1967 inquam
387 1951 398 1966 ,
426 1927 517 1960 istius
541 1928 652 1961 scurrae
669 1937 736 1961 erat
762 1927 815 1961 hic
844 1942 851 1961 :
878 1930 1000 1963 Veniat
1020 1952 1032 1968 ,
1058 1931 1114 1962 im-

226 1975 409 2015 pendemus
425 1976 456 2008 ei
480 1986 596 2008 manus
615 1976 859 2018 impositionem
873 2000 883 2015 ,
909 1989 977 2011 non
991 1989 1054 2020 qua
1073 1989 1114 2010 ex

226 2022 387 2058 Diacono
407 2024 556 2067 proficiat
576 2025 611 2057 in
639 2025 838 2069 Episcopum
858 2051 869 2066 ,
910 2025 962 2060 sed
984 2038 1046 2070 qua
1072 2038 1114 2061 ex

224 2071 386 2106 Diacono
397 2072 591 2117 degradetur
602 2074 636 2105 in
649 2074 769 2106 laicum
783 2098 794 2112 ,
820 2075 941 2115 fiatque
958 2076 998 2107 ad
1011 2085 1113 2108 omne

224 2123 364 2155 omnino
380 2121 638 2156 Ecclesiasticum
660 2121 874 2155 ministerium
897 2122 993 2164 plene
1013 2132 1111 2166 atque

222 2170 473 2213 irreparabiliter
511 2171 697 2215 irregularis
716 2195 725 2202 .
754 2170 798 2204 Et
823 2171 957 2215 quidem
980 2183 1023 2205 ex
1050 2172 1109 2206 ista

223 2220 348 2254 scurrili
372 2220 473 2266 phrasi
494 2221 600 2264 palam
625 2230 734 2264 patet,
763 2231 860 2264 quam
882 2222 1108 2266 manusimpo-

223 2270 374 2304 {itionem
395 2281 466 2305 tum
477 2271 661 2305 Donatistae
685 2271 910 2313 impenderent
931 2272 1109 2306 Sacerdoti-

224 2318 286 2352 bus
303 2317 519 2354 orthodoxis.
549 2321 643 2353 Patet
664 2320 744 2353 item
768 2320 861 2354 istam
882 2322 998 2364 capitis
1017 2324 1107 2356 rasu-

224 2379 296 2402 ram
317 2368 402 2402 nihil
416 2371 520 2404 facere
530 2367 570 2402 ad
582 2380 647 2403 rem
664 2371 866 2412 praesenrem.
897 2372 987 2424 Etut
998 2371 1106 2406 dicam

222 2418 314 2462 quod
338 2419 462 2459 sentio,
489 2419 620 2453 mallem
641 2430 706 2463 ego
729 2418 807 2453 tales
831 2430 900 2454 non
919 2422 1039 2464 apponi
1054 2433 1106 2455 an·

221 2467 322 2511 tiquis
341 2468 491 2503 Ecclefiae
502 2468 637 2503 decretis
650 2482 660 2501 .-
688 2469 772 2502 Rem
785 2469 873 2502 enim
882 2481 937 2514 per
949 2472 981 2505 se
992 2471 1105 2506 obscu-

219 2528 290 2551 ram
319 2518 448 2553 faciunt
468 2518 568 2564 longe
588 2518 807 2552 obscuriorem
822 2543 831 2552 .

272 2566 392 2612 Neque
421 2569 520 2602 eriam
556 2569 597 2602 ad
620 2579 685 2603 rem
707 2571 890 2613 praesentem
912 2571 990 2606 facit
1012 2571 1103 2606 locus

217 2617 319 2651 sanffl
343 2618 568 2661 Hieronymi,
592 2620 647 2662 qui
667 2619 708 2653 sic
721 2618 878 2654 sehabet.
899 2622 1103 2664 ,Quodautem

214 2666 348 2710 sequitur
361 2692 371 2707 ‚
397 2672 498 2709 Caput
514 2667 602 2710 suum
619 2680 676 2701 non
697 2670 806 2703 radent
829 2694 840 2710 ,
869 2682 961 2713 neque
989 2683 1102 2705 comam

219 2722 354 2750 nutrient
368 2741 379 2757 ,
396 2715 454 2760 sed
462 2719 617 2751 tondentes
630 2719 826 2753 attondebunt
837 2727 938 2762 capita
945 2720 1005 2764 sua
1016 2746 1026 2761 ‚
1035 2730 1102 2764 per·

214 2765 317 2809 spicue
333 2767 545 2808 demonstratur
557 2792 568 2809 ,
596 2779 649 2801 nec
670 2767 744 2808 rufis
764 2770 908 2810 capitibus
920 2795 931 2811 ‚
952 2771 1024 2812 ficut
1044 2774 1101 2804 5a-

217 2818 348 2850 cerdotes
370 2816 548 2860 cultoresque
569 2817 653 2859 lfidls
676 2826 768 2860 atque
786 2822 907 2862 serapis
930 2844 941 2860 ‚
968 2833 1022 2854 nos
1049 2824 1100 2866 effe

216 2867 319 2900 debere
328 2881 338 2900 .·
370 2872 436 2901 Nec
445 2869 564 2900 rursum
574 2879 684 2900 comam
695 2869 848 2902 demittere
858 2893 869 2908 ,
896 2871 975 2912 quod
979 2875 1100 2913 proprie

214 2915 427 2960 luxuriosorum
438 2918 475 2958 est
487 2943 497 2957 ,
511 2918 762 2961 barbarorumque
773 2921 806 2952 (θ’
818 2921 1010 2954 militantium
1022 2934 1029 2954 :
1042 2924 1061 2954 5
1062 2924 1100 2956 ed

212 2975 248 2999 ut
266 2966 398 3006 honestus
428 2967 549 3001 habitus
562 2970 753 3002 sacerdotum
769 2968 852 3009 facie
874 2971 1097 3010 demonstretur.

213 3019 275 3049 Pro
286 3028 342 3058 quo
352 3019 452 3052 dixere
462 3020 659 3062 septuaginta
670 3042 681 3058 ‚
710 3023 826 3060 Capita
834 3017 891 3061 sua
903 3032 959 3053 non
972 3025 1093 3064 radent,

210 3069 246 3100 (a
267 3078 366 3101 comas
381 3066 456 3110 suas
476 3069 521 3101 ad
537 3069 666 3111 preffum
687 3080 744 3102 non
755 3069 920 3103 tondebunt
933 3094 943 3110 ,
965 3069 1093 3113 firdope-

210 3122 323 3149 rientes
348 3125 480 3159 operient
498 3124 601 3161 capita
618 3117 691 3160 sua.
712 3122 821 3163 Juxta
843 3122 925 3161 quod
934 3122 1059 3155 dicimus
1079 3147 1091 3163 ,

1113 78 1665 135 Aucusrtut.

1983 109 2048 154 49

1191 175 1307 210 debere
1329 175 1392 208 esse
1413 182 1521 210 totum
1545 178 1650 209 rasum
1673 200 1683 216 ‚
1721 186 1825 221 neque
1853 178 1951 223 pleno
1984 180 2075 215 fluxu

1191 225 1381 268 capillatum
1395 238 1407 258 :
1430 223 1527 259 Dicit
1538 226 1731 268 capillitium
1748 228 2018 263 nostrumdebere
2031 232 2074 263 es·

1191 277 1222 309 se
1241 274 1415 309 honestum
1435 286 1473 309 ac
1495 274 1607 308 breve.
1637 274 1726 308 Dico
1748 276 1857 321 itaque
1879 280 2073 313 sacerdota—

1190 325 1255 359 lem
1275 336 1434 359 coronam
1457 325 1571 369 paffim
1596 323 1689 358 fuine
1700 326 1801 358 rasam
1814 352 1824 367 ‚
1851 340 1945 371 prout
1961 341 2075 373 praece-

1192 377 1239 418 pit
1265 384 1364 418 atque
1385 374 1527 410 instituit
1539 374 1666 408 sanetus
1679 373 1765 418 Papa
1778 374 1953 412 Anicetus.
1979 379 2073 413 Insti-

1189 425 1272 466 tuit,
1290 422 1399 466 idest,
1426 424 1598 460 adversum
1614 424 1773 466 quosdam
1787 427 1865 460 aviti
1876 431 1973 462 moris
1985 441 2072 463 tran-

1189 475 1356 519 sgressores
1374 486 1464 509 novo
1490 475 1623 510 decreto
1645 474 1807 509 firmavit.
1835 476 1936 518 quue
1961 480 2071 513 secun·

1187 526 1266 559 dum
1289 536 1484 569 praeceptum
1511 524 1665 569 Apostoli
1688 550 1694 556 .
1724 524 1805 558 Non
1834 524 1917 558 istud
1940 537 2070 569 genera-

1187 575 1216 608 le
1227 600 1238 614 ‚
1268 586 1336 617 quo
1357 586 1492 610 omnem
1505 576 1610 608 virum
1622 573 1640 607 a
1658 575 1842 609 nutriendis
1855 584 1945 608 more
1958 579 2069 612 mulie-

1187 624 1231 658 bri
1255 625 1381 669 capillis
1393 623 1544 669 prohibet
1555 624 1698 664 Paulus,
1725 624 1777 659 sed
1800 625 1988 670 quampiam
2007 628 2071 670 spe·

1185 675 1300 708 cialem
1324 687 1382 718 pro
1405 676 1533 710 clericis
1557 674 1787 718 Apostolicam
1819 675 2034 709 traditionem
2062 701 2070 709 .

1186 726 1264 766 Hoc
1287 725 1393 769 ipsum
1417 726 1550 760 testatur
1573 727 1770 768 &quartum
1784 725 1977 759 Concilium
1993 725 2072 760 Car-

1185 775 1407 820 thaginiense.
1437 777 1548 810 Clerici
1567 786 1617 808 nec
1638 785 1750 807 comam
1773 782 1917 809 nutriant
1929 786 1983 808 nec
2001 776 2068 808 bar·
2094 781 2173 826 Cap,
2189 794 2245 831 44,

1184 825 1270 858 bam.
1302 826 1346 859 Et
1371 836 1526 868 quartum
1539 824 1736 860 Concilium
1748 824 1977 860 Toletanum.
1999 830 2067 859 Om-

1184 886 1237 908 nes
1261 877 1357 909 clerici
1374 877 1427 909 vel
1437 876 1597 917 Ledam,
1632 883 1691 908 rcut
1703 877 2070 916 Levitaeosacerdotes,
2091 905 2120 940 C

1184 925 1300 969 detonso
1312 924 1452 968 superius
1478 933 1577 970 capite
1599 935 1677 966 toto,
1704 924 1834 966 inferius
1851 925 1947 969 solam
1967 926 2067 959 circuli
2122 917 2170 951 ap·
2183 918 2242 954 40.

1182 986 1318 1008 coronam
1336 975 1509 1018 relinquant
1521 990 1533 1011 .-
1558 974 1711 1017 Nonficut
1721 973 1865 1019 bucusque
1885 982 1919 1009 in
1932 977 2069 1013 Galliciae

1180 1025 1324 1067 partibus
1339 1024 1447 1067 facere
1468 1027 1605 1059 Lec'lores
1625 1027 1769 1060 videntur
1791 1048 1803 1065 ,
1827 1031 1879 1069 qui
1896 1027 2027 1068 prolixis
2055 1050 2068 1067 ,

1184 1084 1217 1108 ut
1237 1075 1328 1116 laici,
1352 1080 1440 1108 comis
1454 1099 1465 1115 ,
1489 1081 1522 1107 in
1539 1074 1597 1117 solo
1616 1080 1725 1116 capitis
1749 1082 1832 1116 apice
1844 1077 1989 1110 modicum
2010 1081 2066 1110 clr-

1183 1127 1279 1159 culum
1303 1126 1449 1158 tondent.
1477 1129 1567 1159 Ritus
1589 1130 1668 1157 enim
1690 1124 1740 1164 iste
1761 1130 1794 1157 in
1804 1125 1957 1167 Hispaniis
1971 1125 2068 1168 hucus-

1183 1187 1239 1218 que
1253 1181 1462 1211 l—iaereticorum
1476 1175 1544 1217 fuit
1555 1199 1563 1206 .
1588 1176 1674 1208 Unde
1686 1183 1798 1216 oportet
1805 1184 1862 1217 pro
1879 1176 2068 1217 amputando

1183 1233 1216 1258 in
1237 1224 1364 1264 Ecclefia
1383 1223 1545 1268 standale,
1573 1223 1624 1258 boc
1635 1224 1750 1269 signum
1772 1226 1923 1260 dedecoris
1950 1225 2070 1267 aufera-

1183 1284 1232 1308 tur
1254 1298 1264 1313 ,
1292 1277 1325 1309 (r
1338 1274 1376 1315 fit
1397 1287 1458 1309 una
1479 1274 1603 1319 tonsura
1624 1277 1676 1309 vel
1695 1274 1817 1309 babitus
1839 1301 1851 1317 ,
1881 1274 1954 1317 ficut
1975 1281 2067 1310 totius

1186 1324 1342 1368 Hispaniae
1364 1325 1403 1365 est
1426 1324 1511 1369 usus.
1539 1325 1606 1358 Pro
1630 1325 1774 1360 Ecclesia
1796 1337 1873 1360 vero
1894 1337 1996 1370 graeca
2023 1336 2066 1359 te-

1185 1376 1283 1409 statur
1302 1376 1427 1409 sanstus
1449 1375 1657 1420 Epiphanius
1678 1376 1790 1410 dicens
1811 1377 1852 1411 de
1872 1376 2066 1417 quibusdam

1185 1426 1217 1458 in
1229 1424 1476 1469 Mesopotomia
1490 1423 1661 1460 monachis
1676 1425 1861 1461 Haereticis.
1884 1430 1993 1460 Comas
2006 1437 2068 1460 mu·
2124 1451 2163 1485 H
2225 1451 2248 1485 Γ

1182 1476 1289 1509 liehres
1310 1476 1498 1518 producunt,
1523 1478 1556 1510 (π
1562 1475 1646 1519 sacco
1655 1475 1803 1518 conspicuo
1812 1477 1968 1511 incedunt.
1993 1478 2068 1510 Alie·
2118 1510 2123 1520 „
2164 1462 2221 1486 Ἤρ
2241 1476 2249 1485 ’

1183 1537 1251 1558 num
1275 1534 1375 1559 autem
1403 1525 1440 1560 eii
1457 1528 1478 1559 ἃ
1511 1526 1652 1560 catholica
1676 1525 1802 1568 Ecclesia
1821 1526 1926 1570 saccus
1949 1524 2068 1569 conspi·
2112 1510 2145 1539 θ’

1181 1587 1251 1609 cuus
1265 1601 1274 1616 ‚
1301 1578 1336 1610 o·
1356 1587 1438 1609 coma
1456 1584 1580 1612 extenta
1593 1579 1614 1608 a*
1623 1577 1836 1617 praedicatione
1849 1576 2044 1618 Apostolorum
2054 1601 2063 1609 .

1185 1626 1226 1659 Et
1253 1627 1376 1660 sanstus
1401 1626 1570 1662 Salvianus
1592 1625 1798 1660 Massiliensis
1821 1627 2002 1671 Episcopus
2020 1627 2068 1661 di-

1181 1687 1258 1709 cens
1290 1676 1330 1710 de
1351 1675 1484 1711 excidio
1519 1676 1642 1710 Africae
1662 1687 1700 1710 ac
1728 1678 1904 1720 praesertim
1925 1677 2067 1712 civitatis

1182 1725 1477 1771 Carthaginiensis.
1505 1731 1577 1763 Non
1592 1725 1652 1768 fine
1663 1730 1756 1769 cauffa
1775 1726 1850 1767 istud
1857 1728 1948 1770 fuit:
1975 1729 2070 1772 ,Quod
2088 1739 2245 1778 Lib.8.de

1179 1782 1261 1809 intra
1283 1775 1393 1818 Africa·
1413 1781 1557 1811 civitates
1570 1802 1581 1818 ,
1608 1779 1641 1812 <tt
1663 1780 1795 1812 maxime*
1807 1784 1891 1812 intra
1904 1779 2069 1821 Cartbagi-
2087 1792 2216 1835 provid·

1179 1832 1228 1860 nis
1255 1839 1377 1867 muros,
1395 1827 1558 1870 palliatum
1585 1830 1619 1862 (5
1637 1829 1789 1869 pallidum
1810 1853 1821 1867 ,
1849 1831 1884 1862 (5
1910 1826 2003 1869 recisis
2025 1839 2069 1862 co·
2088 1843 2163 1877 Dei.

1178 1889 1294 1910 marum
1311 1877 1466 1918 fluentium
1479 1879 1564 1919 jubis
1586 1880 1631 1911 ad
1648 1889 1741 1911 cutem
1751 1876 1868 1919 tonsum
1883 1879 1989 1911 videre
2000 1887 2065 1913 tam

1177 1928 1285 1967 infelix
1306 1929 1355 1959 ille
1373 1930 1501 1968 populus
1527 1940 1618 1970 quam
1640 1927 1767 1969 infidelis
1783 1925 1845 1966 fine
1867 1934 1996 1962 convicio
2022 1939 2067 1962 at—

1176 1987 1229 2016 que
1253 1980 1433 2009 execratione
1457 1981 1515 2009 vix
1530 1984 1650 2018 poterat
1663 2001 1670 2008 .
1699 1979 1747 2010 Et
1758 1975 1790 2018 fi
1806 1979 1927 2020 quando
1951 1980 2067 2021 aliquis

1178 2029 1236 2058 Dei
1252 2023 1358 2067 servus
1381 2035 1435 2058 aut
1457 2026 1495 2059 de
1518 2029 1733 2068 AEgyptiorum
1755 2027 1915 2067 canobiis,
1943 2039 1999 2063 aut
2024 2030 2064 2064 de

1170 2073 1267 2114 sacris
1293 2072 1550 2115 Hierosolymorum
1571 2076 1642 2107 locis
1663 2100 1673 2115 ,
1700 2085 1754 2108 aut
1776 2078 1813 2109 de
1831 2076 1949 2120 sanffls
1971 2085 2063 2113 eremi

1174 2121 1411 2165 venerandisque
1434 2122 1558 2164 secretis
1575 2125 1619 2156 ad
1640 2124 1745 2158 urbem
1766 2126 1852 2159 illam
1877 2129 1965 2169 officio
1977 2131 2062 2163 divi·

1173 2178 1204 2203 ni
1229 2177 1326 2213 operis
1352 2173 1457 2212 accefflt
1483 2197 1494 2213 ,
1514 2172 1604 2215 fimul
1625 2182 1660 2207 ut
1684 2179 1718 2207 in
1741 2176 1846 2217 populo
1873 2185 2021 2219 apparuit
2044 2204 2057 2223 ‚

1171 2223 1358 2255 contumelias
1381 2224 1414 2256 (9
1430 2220 1589 2266 sacrilegia
1617 2225 1651 2257 Θ
1671 2225 1894 2259 maledilliones
1919 2233 2058 2270 excepit.

1171 2277 1237 2304 Nec
1255 2270 1349 2314 fhli‘tm
1373 2271 1423 2304 boc
1438 2296 1449 2312 ‚
1470 2273 1528 2315 sed
1549 2273 1760 2314 improbissimis·
1780 2274 1997 2319 flagitiosorum
2012 2277 2060 2312 bo·

1169 2327 1282 2355 minum
1306 2321 1457 2355 cachinnis
1476 2347 1487 2362 ,
1516 2325 1550 2356 (θ’
1573 2323 1788 2362 detestantibus
1809 2327 1972 2360 ridentium
1988 2328 2061 2370 fibi·

1167 2372 1206 2404 lis
1222 2397 1230 2411 ‚
1257 2371 1341 2413 quasi
1361 2378 1473 2405 taureis
1495 2372 1686 2405 caedebatur.
1715 2373 1766 2406 En
1788 2386 1856 2408 non
1877 2377 1940 2410 soli
1954 2377 2056 2412 Afro-

1168 2433 1236 2454 rum
1267 2421 1466 2455 desertorum
1496 2422 1611 2456 incolas
1631 2445 1642 2461 ‚
1678 2423 1730 2456 sed
1764 2424 1863 2458 etiam
1886 2428 2056 2462 caenobitae

1168 2471 1326 2515 AEgyptii
1337 2484 1375 2506 ac
1389 2471 1782 2514 Hierosolymitanierant
1794 2475 1878 2508 tonsi
1899 2476 2000 2521 usque
2010 2476 2054 2511 ad

1165 2533 1290 2555 cutem.
1319 2521 1363 2556 Et
1385 2521 1528 2557 Photius
1551 2522 1874 2568 Pseudo-Episcopus
1888 2526 2054 2561 Constan-

1165 2571 1405 2616 tinopolitanus
1430 2573 1471 2607 ad
1501 2572 1682 2608 Nicolaum
1707 2573 1829 2618 Papam
1855 2576 1996 2620 primum
2007 2576 2051 2612 de

1165 2623 1258 2655 variis
1289 2621 1440 2657 Ecciefiae
1474 2622 1598 2656 Latinae
1623 2624 1658 2657 δε
1686 2623 1805 2659 Graecae
1832 2627 1941 2670 quoad
1970 2628 2050 2663 ritus

1163 2672 1358 2706 differentiis
1384 2672 1425 2706 sic
1456 2673 1565 2707 scribit
1590 2674 1675 2707 inter
1696 2684 1809 2709 caetera
1831 2700 1839 2708 .
1877 2678 1970 2719 Apud
1993 2689 2048 2711 nos

1161 2721 1295 2755 monachi
1315 2722 1453 2755 habitum
1481 2734 1566 2757 nemo
1587 2734 1719 2766 unquam
1746 2730 1778 2758 in
1802 2727 1898 2760 clerici
1923 2738 2047 2761 commu-

1161 2779 1237 2805 tarit
1261 2784 1270 2814 ;
1299 2774 1433 2806 nonnulli
1459 2781 1581 2813 autem,
1605 2785 1671 2807 cum
1695 2775 1847 2809 valuerint
1873 2776 2049 2812 monachum

1160 2825 1203 2855 ad
1229 2821 1369 2866 Episcopi
1387 2822 1544 2867 fastigium
1568 2826 1704 2858 attollere
1719 2847 1731 2864 ,
1757 2836 1821 2858 eum
1842 2825 2048 2861 orbiculariter

1159 2874 1336 2914 tondentes,
1358 2879 1488 2915 priorem
1514 2873 1651 2907 habitum
1673 2881 1835 2908 immutant
1860 2900 1867 2908 .
1894 2876 1944 2909 Hi
1965 2888 2049 2911 nou-

1159 2922 1243 2956 nulli
1265 2923 1323 2957 alii
1345 2933 1437 2957 erant
1458 2934 1574 2958 omnes
1593 2924 1706 2958 Latini
1733 2950 1741 2957 .
1770 2925 1864 2958 Hinc
1887 2925 1976 2961 enim
2003 2925 2045 2962 ad

1159 2972 1391 3007 Proculianum
1414 2974 1664 3008 Donatistarum
1689 2974 1888 3017 Episcopum
1914 2976 2045 3021 Hippo-

1157 3025 1288 3057 nensem
1310 3024 1420 3057 scribit
1442 3024 1507 3065 jam
1530 3024 1712 3067 Episcopus
1731 3025 1901 3059 ordinatus
1914 3027 2041 3061 sanstus

1156 3072 1378 3118 Augustinus.
1411 3077 1564 3107 Honorant
1579 3085 1630 3106 nos
1657 3073 1749 3114 vestri
1774 3098 1785 3114 ‚
1811 3074 1956 3109 honorant
1984 3089 2041 3110 vos

1153 3123 1261 3161 nostri.-
1289 3126 1350 3157 Per
1369 3134 1504 3157 coronam
1526 3123 1653 3164 nostram
1678 3125 1826 3164 adjurant
1850 3136 1903 3158 nos
1925 3125 2036 3167 vestri,
2055 3105 2115 3153 ΕΡ·
2136 3116 2209 3157 ¹47·

208 3178 263 3200 mc
285 3167 442 3200 calvitium
465 3169 517 3211 esse
538 3170 682 3202 novacula
698 3168 897 3210 faciendum,
923 3181 973 3204 nec
994 3177 1040 3206 ita
1050 3175 1094 3205 ad
1148 3181 1203 3214 per
1224 3185 1358 3206 coronam
1376 3173 1504 3213 vestram
1526 3175 1673 3214 adjurant
1701 3185 1756 3207 vos
1776 3174 1884 3214 nostri.
1915 3176 2002 3210 Ecce
2024 3202 2036 3219 ,

205 3217 332 3260 preffum
351 3219 534 3251 tondendum
549 3227 643 3261 caput
652 3241 663 3257 ,
685 3228 717 3251 ut
729 3218 861 3262 rasorum
866 3217 973 3260 similes
980 3224 1032 3265 effe
1044 3227 1091 3255 vi-

209 3269 356 3308 deamur,
379 3265 437 3311 sed
451 3273 607 3302 intantum
616 3270 737 3311 capillos
751 3270 803 3312 effe
815 3271 1008 3305 dimittendos
1023 3296 1034 3311 ,
1054 3282 1089 3306 ut

1155 3223 1359 3267 Augustinus
1381 3234 1450 3256 non
1464 3233 1530 3256 erat
1544 3224 1684 3267 amplius
1694 3225 1806 3257 tonsus
1820 3225 2034 3269 monachum,

1151 3273 1201 3306 sed
1226 3273 1403 3315 Episcopus
1425 3272 1598 3317 insignitus
1607 3285 1730 3308 corona
1743 3274 1941 3309 Sacerdotali
1953 3300 1960 3309 .
1978 3277 2035 3311 Li-

205 3325 309 3358 operta
326 3316 365 3358 fit
385 3323 479 3351 eutis.
507 3319 589 3353 Non
613 3319 683 3364 agit
703 3320 932 3362 Hieronymus
954 3322 995 3357 de
1016 3333 1087 3356 ton·
1131 3328 1198 3367 {cet
1224 3333 1365 3365 namque
1386 3323 1420 3356 ὃ(
1442 3322 1549 3356 clerici
1570 3324 1604 3356 ἀ
1627 3323 1782 3357 monachi
1809 3325 1894 3368 apud
1909 3336 2035 3362 utram-

204 3367 278 3400 sura
298 3367 513 3403 Sacerdotalis
536 3379 686 3409 coronae,
713 3370 767 3404 sed
778 3370 818 3403 de
830 3371 967 3406 universi
982 3373 1086 3406 Sacer·

202 3416 330 3451 dotalis
349 3416 464 3460 capitis
486 3420 617 3453 tonsura
643 3444 654 3459 ,
693 3418 840 3463 dicitque
873 3421 958 3458 istud
978 3433 1085 3468 neque

307 3465 422 3509 christ.
449 3471 530 3513 Lupi
554 3472 651 3514 Opera
676 3472 758 3504 Tom-
783 3473 857 3503 ΧΠ.

1152 3383 1214 3413 que
1248 3371 1428 3406 Ecclesiam
1464 3373 1681 3406 tonderentur
1701 3397 1712 3413 ,
1739 3374 1964 3410 tondebantur
1990 3388 2035 3412 ta-

1147 3432 1225 3457 men
1242 3421 1340 3458 aliter
1362 3423 1396 3457 ὄι
1417 3421 1533 3457 aliter.
1561 3422 1682 3458 Clerici
1706 3434 1747 3458 ex
1759 3423 1890 3461 residuis
1903 3426 2034 3470 quibus-

1683 3472 1713 3508 E
1908 3476 1984 3511 dam
