2384 3770
574 135 650 166 un>
686 120 758 166 Str
794 118 920 165 SIGM
957 117 1146 163 Accepr.
1184 115 1266 162 Suu
1303 114 1396 161 Stu’.
1434 116 1487 161 ΙΝ
1523 116 1643 165 Gau.

258 207 345 245 becio
357 208 392 244 ἀ
410 203 552 242 dulcedo
574 208 647 241 sunt
659 206 728 243 duo
739 201 956 250 reprrgnantia
968 213 978 233 ε
1000 211 1079 236 eum
1091 201 1132 237 de

258 260 322 295 sese
340 268 458 293 mutuo
480 257 699 295 universaliter
723 255 835 299 nepti.
857 250 975 294 poffint
994 274 1004 284 .
1042 251 1132 297 Ergo

257 319 356 344 voees
375 307 476 342 album
496 308 530 343 &
551 308 633 343 duae
643 306 751 349 quoad
763 301 981 348 significatum
994 302 1132 337 formale

257 359 405 393 suumJe
426 369 546 396 mutuo.
564 368 634 393 non
654 354 838 402 excedunt:
864 349 922 386 sed
934 350 993 386 fibi
1010 362 1131 388 mutuo

237 416 240 419 '
257 418 458 454 repugnant.

309 469 362 507 35.
391 457 503 493 Vocet
521 455 624 501 magis
643 455 677 489 ἀ
698 451 808 490 minus
834 462 1028 489 communes
1056 454 1130 498 sunt

256 507 327 543 duae
339 520 433 543 voces
443 532 454 549 ,
478 515 616 551 quarum
638 516 703 538 una
714 504 891 538 affirmatur
903 503 1128 539 universaliter

256 558 299 593 de
321 559 382 593 alia
393 582 405 598 ,
417 568 482 591 non
493 565 602 589 tamen
614 553 634 588 ὲ
646 564 760 589 eontra
771 578 779 587 .
809 554 890 589 Vox
903 554 913 595 ,’
930 564 1002 597 quae
1010 554 1051 588 de
1063 553 1127 588 alia

258 606 480 642 universaliter
513 604 665 640 affirmari
691 604 794 648 potest
812 626 827 645 2
865 612 1003 638 vocatur
1025 603 1128 648 magis

256 657 461 698 communis3
488 654 544 690 illa
560 653 638 690 vero
650 680 663 697 ,
688 666 758 699 quae
777 654 819 689 de
831 653 894 689 alia
906 653 1128 688 universaliter

255 702 483 742 affirmat-‘trion
496 705 600 750 potest
609 728 622 746 ,
650 715 790 745 vocatur
801 706 911 740 minus
918 704 1126 747 communis3

255 767 285 790 v.
297 767 328 802 g.
349 755 430 789 bomo
450 755 496 790 est
507 772 511 777 ·
521 767 584 790 vox
597 755 707 789 minus
717 755 904 789 communis
915 779 927 795 ,
952 755 1069 787 amma!
1081 753 1126 788 est

255 817 322 840 vox
335 805 438 850 magis
447 806 633 841 communis
645 817 655 839 ε
668 805 745 848 quia
756 804 839 839 reete
850 805 992 839 dicimus
1007 827 1018 844 ,
1031 809 1126 837 omnis

254 855 338 890 bomo
361 855 400 896 est
411 857 546 898 animal;
577 866 645 889 non
659 864 769 888 tamen
780 854 799 888 ὲ
810 864 924 888 contra
936 878 947 894 ,
966 864 1049 887 omne
1063 859 1127 886 ani·

253 906 319 939 mal
338 904 376 944 est
386 905 492 941 homo.>
513 904 620 941 Unde
639 906 742 941 etiam
754 914 872 944 voces,
898 903 1006 938 utsint
1019 903 1127 938 minus

253 955 288 990 ὰ
297 955 403 998 magis
414 964 605 991 communes
617 978 628 994 ‚
655 965 724 988 non
740 953 862 988 debent
874 955 937 988 esse
953 952 1033 987 tales
1042 963 1127 996 quo-

252 1004 294 1040 ad
315 1005 533 1050 similimum
556 1004 720 1046 formale3
748 1002 801 1038 sed
816 1003 923 1046 quoad
942 1003 1050 1038 solum
1064 1014 1129 1038 ma-

250 1054 508 1097 tetialeza-„roces
529 1055 648 1099 quippe
668 1053 751 1089 bomo
773 1054 807 1089 δε
820 1054 988 1095 rationale,
1012 1053 1132 1087 animal

252 1106 286 1140 &
294 1103 467 1148 J'enfitivum
477 1130 489 1147 ,
514 1107 571 1141 &a
596 1107 670 1140 sunt
691 1105 796 1149 magis
808 1105 842 1139 ἀ·
854 1104 962 1143 minus
973 1115 1128 1138 commu-

251 1165 331 1198 nes;
356 1155 465 1198 quoad
490 1155 673 1201 significata
697 1165 808 1191 tamen
825 1156 878 1189 sua
893 1153 1043 1189 formalia
1053 1154 1127 1189 sunt

251 1206 504 1242 convertibiles:
529 1214 567 1243 ut
577 1205 673 1242 facile
684 1204 1037 1250 patebitconfidetauti
1050 1230 1058 1237 .

355 1289 848 1367 DisPuTATIO
894 1306 1025 1361 xm.

250 1431 311 1491 De
333 1398 531 1495 signorum·
548 1398 749 1492 atceptione
759 1460 773 1485 ‚
783 1416 863 1489 'flu
875 1421 1122 1492 fippofitione

552 1501 591 1544 in
614 1498 820 1544 communi.

247 1616 354 1758 E
386 1762 460 1796 sunt
471 1760 672 1804 suppositio,
700 1760 900 1804 appellatio,
926 1759 1100 1801 ampliatio
1117 1782 1128 1798 ‚

246 1807 432 1852 distractio,
459 1811 522 1845 ὅτε.
544 1810 717 1845 Tanatus
745 1810 800 1844 hie
815 1821 883 1844 non
898 1810 1005 1844 solum
1018 1807 1127 1842 utilis-

248 1858 363 1904 simus;
395 1860 449 1895 sed
470 1859 698 1904 Philosopho,
724 1858 908 1905 Theologo
926 1883 938 1899 ,
964 1871 1003 1893 ac
1024 1859 1125 1892 etiam

247 1908 336 1951 Iuris
358 1910 463 1951 perito
487 1910 581 1953 plane
602 1910 648 1943 est
670 1909 879 1956 necessarius.
909 1908 1128 1943 Summulistae

250 1956 306 1992 hic
320 1959 430 1999 paffim
442 1968 545 2001 agunt
557 1959 598 1992 de
608 1959 827 2001 suppositione
840 1958 977 1990 solarum
994 1965 1123 1989 vocum:

251 2008 429 2051 suppositio
451 2015 560 2041 tamen
586 2018 655 2040 non
683 2007 793 2041 insola
806 2017 905 2049 voce;
936 2005 1035 2040 sedin
1048 2017 1126 2050 quo·

252 2058 301 2090 vis
323 2058 419 2101 signo
440 2057 551 2092 locum
570 2055 685 2090 habet.
715 2056 821 2091 Unde
836 2054 920 2089 hane
932 2055 1126 2095 disputatio·

250 2116 329 2139 nem
351 2105 424 2139 aliis
446 2104 674 2147 praeambulam
692 2104 832 2137 instituo
853 2104 896 2138 de
906 2102 1126 2147 suppositione

239 2155 333 2200 *signi
356 2155 392 2190 in
414 2164 549 2201 genere.

468 2251 803 2289 DUBIUM
875 2251 901 2285 1.

367 1609 520 1655 Xplicata
545 1608 678 1645 essentia
695 1607 730 1644 &
738 1604 980 1654 significatione
990 1604 1081 1643 vocis
1093 1603 1127 1638 fi-

381 1660 580 1707 gnificativae
607 1685 619 1702 ,
651 1659 824 1705 aggredior
859 1660 939 1694 alias
967 1655 1128 1703 quasdam

382 1711 450 1754 ejus
471 1710 642 1755 qualitates
665 1734 677 1751 ,
703 1711 757 1745 seu
785 1710 994 1753 proprietates
1017 1706 1127 1752 2'quae

283 2354 371 2399 ,Quid
383 2350 420 2394 fit
434 2351 510 2397 figni
530 2356 676 2395 acceptio,
699 2348 752 2394 seu
765 2346 916 2394 liappolt‘eio
930 2353 963 2384 in
972 2359 1096 2394 genere.

255 2465 286 2491 ι.
431 2455 485 2487 Oc
501 2451 632 2487 'nomen
651 2447 801 2496 suppofitio
822 2451 927 2493 plures
937 2450 970 2484 δι
980 2449 1124 2484 diversas

446 2501 696 2546 significationes
710 2502 821 2535 habet.
838 2500 1043 2545 Significatio
1055 2499 1124 2542 ejus

251 2554 355 2598 prima
365 2554 398 2587 δι
408 2552 584 2597 originaria
607 2551 732 2585 videtur
743 2552 805 2584 effe
820 2550 876 2584 illa
889 2574 900 2590 ,
926 2561 990 2594 qua
1001 2549 1115 2594 signifi·

252 2614 328 2638 cant
338 2604 435 2637 unius
456 2603 502 2636 rei
524 2602 581 2635 sub
592 2601 654 2635 alia
669 2600 885 2644 positionem,
913 2600 975 2633 sive
984 2600 1123 2642 alicujus

251 2654 298 2689 rei
321 2651 517 2687 collabentis
539 2651 764 2684 suffultionem
786 2661 841 2692 per
863 2649 1003 2693 alicujus
1026 2650 1120 2684 fulcri

252 2703 449 2748 positionem
461 2700 520 2735 sub
531 2701 588 2734 illa
601 2726 609 2733 .
637 2700 673 2732 ln
687 2699 748 2733 hac
765 2699 1003 2742 significatione
1017 2699 1122 2743 loqui·

252 2763 304 2788 tur
315 2751 418 2787 Poeta
430 2752 618 2797 ingeniosus
628 2755 660 2783 in
672 2748 768 2791 Epfi.
780 2750 932 2783 Deianira
945 2761 954 2781 ι

394 2802 528 2845 Hercule
543 2799 686 2845 supposito
691 2798 788 2841 fidem
803 2797 890 2840 fulsit
914 2799 1001 2832 Atlas
1014 2823 1023 2831 .

303 2852 458 2887 Secundo
473 2850 635 2896 supponere
648 2848 827 2891 aliquando
841 2849 1002 2894 signifieat
1012 2846 1096 2885 idem
1109 2873 1121 2890 ,

253 2903 344 2947 quod
357 2903 579 2947 praerequirere
593 2927 602 2935 .
627 2902 676 2935 lta
687 2900 844 2935 dicimus:
872 2899 983 2933 omnis
994 2899 1122 2933 effectus

253 2954 406 2996 supponit
426 2978 438 2994 ‚
464 2953 497 2987 id
519 2953 565 2987 est
587 2977 599 2994 ,
626 2951 820 2995 praerequirit
847 2950 935 2983 suam
958 2951 1099 2983 causiam
1114 2973 1121 2981 .

251 3002 371 3037 Tertio
378 3001 540 3047 supponere
549 3003 744 3047 quandoque
757 3000 843 3034 idem
860 2999 1120 3044 significat‚quod

251 3053 400 3098 delegare
411 3078 422 3094 ,
449 3055 504 3088 seu
516 3053 672 3087 vicarium
686 3062 826 3095 ponere.
855 3050 1009 3093 Aliasque
1022 3048 1123 3083 varias

252 3102 352 3137 habet
369 3104 622 3148 significationes
649 3102 727 3137 huic
750 3100 863 3134 nostro
886 3098 1049 3144 proposito
1070 3110 1122 3143 pa-

251 3162 323 3187 rum
345 3153 560 3189 deservientes
574 3179 581 3186 .
609 3154 666 3188 Est
690 3162 799 3186 tamen
810 3149 917 3184 adhuc
929 3161 994 3184 una
1005 3150 1121 3194 signifi-

250 3203 340 3237 catio
357 3203 452 3237 nobis
475 3215 542 3239 non
555 3205 737 3248 incongrua
749 3216 759 3235 .·
786 3212 848 3245 qua
855 3199 1017 3244 supponere
1027 3199 1120 3244 signi-

250 3253 329 3287 ficat
352 3252 440 3287 idem
453 3277 464 3294 ‚
489 3255 577 3296 quod
589 3266 692 3288 unum
705 3254 744 3288 in
762 3253 872 3286 locum
884 3252 916 3284 δε
928 3249 1031 3284 vicem
1044 3250 1121 3284 alte-

251 3304 318 3337 rius
340 3314 476 3347 ponere.
503 3303 552 3338 Ita
573 3303 762 3339 obstetrices
783 3303 937 3336 dicuntur
947 3300 1122 3344 supponere

251 3353 414 3388 infantem
426 3378 437 3394 ,
463 3354 601 3398 talisque
612 3354 715 3389 infans
732 3363 865 3388 vocatur
879 3351 1098 3395 supposititius
1110 3363 1122 3384 .-

249 3404 327 3445 quia
343 3404 516 3445 videlicet,
542 3416 619 3438 cum
643 3416 711 3440 non
726 3405 761 3438 sit
773 3403 880 3437 infans
893 3402 1057 3445 proprius,
1075 3400 1122 3435 est

251 3451 408 3491 inlocum
433 3455 465 3489 &
493 3456 601 3491 vicem
624 3451 887 3499 infantisproprii
902 3451 1123 3488 fraudulenter

1928 136 2028 184 ²07

1191 200 1309 246 Pofitus
1329 225 1338 234 ·
1376 200 1459 236 ΗΜ
1482 223 1495 242 r
1531 201 1666 246 inquam
1688 228 1701 245 ,
1735 205 1932 253 significatio
1948 209 2063 245 nostro

1191 252 1269 287 huic
1291 252 1456 295 proposito
1479 261 1548 285 non
1572 253 1617 287 est
1630 253 1829 300 incongrua:
1858 264 1933 302 quia
1946 271 2059 302 voces,

1191 303 1318 346 aliaque
1336 302 1426 346 figna
1438 302 1577 345 supponi
1606 300 1693 336 idem
1704 305 1748 337 est
1760 330 1771 346 ,
1796 308 1886 351 quod
1900 309 1955 346 ina
1968 311 2002 343 jn
2014 311 2060 346 10.

1191 363 1265 393 gum
1277 352 1407 387 alterius
1419 375 1430 390 ,
1457 353 1505 386 sui
1518 352 1644 388 scilicet
1658 354 1858 397 significati,'
1874 360 1971 402 poni.

1242 413 1273 440 2.
1300 404 1346 434 Et
1356 400 1517 446 bincpatet
1528 415 1540 435 .-
1565 402 1669 451 Qod
1680 399 1698 436 ὲ
1711 403 1901 446 quibusdam
1911 409 2062 447 Summu-

1192 450 1271 487 listis
1285 462 1381 486 voces
1403 451 1512 496 inepte
1523 450 1675 487 dicantur
1691 454 1723 485 in
1735 455 1892 489 orationis
1903 469 2061 493 contextu

1191 504 1370 546 supponere
1393 513 1453 546 pro
1477 504 1535 536 suo
1554 502 1755 551 fignificato:
1785 514 1880 549 voces
1892 507 1979 539 enim
1993 520 2062 542 non

1191 552 1320 597 possunt
1340 553 1407 587 dici
1431 554 1629 597 supponere3
1657 554 1709 587 sed
1731 553 1765 586 in
1778 553 1897 597 paffivo
1910 554 2063 593 dicuntur

1189 603 1346 646 supponi.
1374 602 1528 647 Loquens
1551 615 1631 649 ergo
1654 613 1768 642 vocem
1791 604 1826 637 in
1839 604 2064 648 orationesup-

1190 654 1283 696 ponit
1301 677 1312 693 ,
1346 652 1381 687 ἀ
1405 664 1470 688 vox
1491 655 1699 697 supponitur.
1727 653 1884 688 Similiter
1907 653 2024 689 hedera
2046 656 2065 689 a

1190 703 1347 747 vinopola
1371 702 1587 746 supponitur,
1612 704 1647 738 ἃ
1673 703 1832 751 vinopola
1851 703 1942 739 illam
1954 705 1989 740 in
2001 705 2065 740 suis
2100 699 2105 704 χ

1188 753 1312 787 foribus
1335 753 1488 797 supponit
1511 777 1519 785 .
1536 752 1724 798 Suppositio
1743 765 1824 800 ergo
1849 763 1918 789 non
1938 754 2042 790 active
2055 777 2066 795 ‚

1190 801 1241 837 sed
1261 802 1376 845 paffive
1397 801 1558 846 praedicari
1581 804 1675 838 debet
1697 804 1738 838 de
1761 804 1859 850 signis
1875 827 1883 838 .
1901 805 2064 848 ,Quaeritur

1189 863 1265 886 nunc
1274 852 1341 887 bic:
1370 853 1542 900 Qidnam
1557 852 1594 887 sit
1613 854 1696 899 signi
1714 855 1891 897 suppofitio
1905 857 1959 889 seu
1970 867 2061 892 acce-

1189 903 1287 946 ptio?
1314 903 1461 950 Qidam
1484 903 1619 938 Nobilis
1643 903 1865 948 Philosophus
1890 915 1982 948 putat
1992 904 2066 949 sup-

1190 953 1383 996 positionem
1406 953 1468 987 esse
1487 952 1572 988 idem
1585 965 1661 988 cum
1674 955 1792 989 actuali
1806 955 2062 999 fignificatione.

1190 1002 1274 1042 Sed,
1305 1003 1389 1047 salva
1409 1013 1507 1045 pace,
1533 1003 1684 1048 deceptus
1694 1005 1738 1038 est
1754 1028 1762 1036 .
1789 1004 1862 1038 Alii
1877 1015 1993 1052 putant
2003 1006 2067 1039 esse

1189 1052 1461 1098 significationem
1483 1053 1738 1098 aptitudinalem
1763 1078 1771 1086 .
1798 1055 1868 1088 Alii
1890 1056 1954 1090 esse
1977 1053 2067 1100 idem¹

1190 1113 1264 1137 cum
1289 1102 1495 1147 impositione
1507 1126 1516 1134 .
1540 1102 1609 1136 Alii
1624 1103 1747 1146 aliquid
1759 1104 1821 1137 effe
1835 1103 1973 1140 credunt
1986 1130 1993 1136 .

1243 1163 1271 1201 3.
1297 1151 1383 1197 Κεφ.
1398 1153 1432 1186 6·
1442 1151 1505 1189 dico
1513 1155 1612 1195 primii
1628 1154 1832 1197 :Suppofitio
1849 1154 1902 1188 seu
1916 1154 2069 1198 acceptio

1191 1204 1274 1248 signi
1300 1214 1368 1237 non
1385 1202 1431 1237 est
1454 1203 1520 1246 ejus
1545 1203 1742 1247 significatio
1766 1203 1915 1246 asinali&
1943 1203 1996 1239 sed
2020 1203 2066 1237 est

1193 1254 1273 1297 quid
1295 1252 1421 1288 realiter
1443 1253 1550 1290 abilla
1563 1255 1746 1287 diversum.
1778 1254 1950 1287 Probatur:
1975 1254 2069 1300 Qua

1191 1314 1402 1348 quaecumque
1413 1303 1485 1337 sunt
1499 1304 1627 1338 realiter
1640 1302 1828 1348 separabilia
1842 1328 1852 1344 ,
1878 1305 1951 1338 sunt
1967 1305 2069 1338 etiam

1191 1355 1316 1389 realiter
1328 1354 1498 1404 distinsta:
1525 1355 1617 1396 atqui
1635 1353 1811 1398 suppositio
1824 1353 1908 1401 figni
1928 1353 1962 1388 &
1976 1354 2071 1399 figni-

1191 1405 1303 1439 ficatio
1313 1404 1381 1447 ejus
1404 1403 1536 1439 actualis
1549 1404 1623 1438 sunt
1635 1403 1704 1438 duo
1719 1403 1844 1439 realiter
1859 1403 2068 1448 separabilia:

1189 1466 1269 1500 ergo
1282 1456 1354 1489 sunt
1362 1454 1429 1489 duo
1445 1454 1573 1488 realiter
1585 1453 1734 1489 distinsta
1746 1478 1754 1486 .
1782 1452 1930 1490 Probatur
1942 1461 2042 1488 minor
2059 1465 2068 1486 ε

1190 1505 1279 1552 Qia
1298 1503 1400 1548 potest
1411 1504 1546 1545 aliquod
1558 1504 1706 1548 signum
1733 1504 1818 1538 verbi
1831 1515 1864 1549 g.
1881 1505 1990 1548 aliqua
2003 1515 2070 1546 vox

1191 1554 1309 1588 habere
1344 1554 1600 1597 suppositionem
1621 1576 1632 1592 ,
1669 1553 1702 1586 ἀ
1723 1562 1834 1586 tamen
1861 1563 1928 1587 non
1951 1551 2070 1589 habere

1190 1604 1349 1639 aestualem
1373 1602 1668 1648 significationem:
1697 1611 1775 1646 ergo
1794 1602 2065 1646 signisuppositio

1190 1654 1234 1689 est
1246 1654 1371 1689 realiter
1383 1653 1570 1698 separabilis
1581 1651 1599 1686 ὲ
1612 1651 1852 1696 significatione
1878 1652 1946 1695 ejus
1960 1654 2065 1687 astua-

1190 1707 1231 1742 li.
1264 1703 1413 1740 Probatur
1442 1703 1641 1737 antecedens.-
1670 1702 1759 1748 Qia
1785 1701 1919 1744 quando
1933 1701 2062 1749 profero

1192 1758 1277 1793 hane
1288 1755 1544 1800 propositionem
1557 1779 1568 1796 ,
1593 1752 1675 1788 bomo
1688 1751 1726 1793 est
1738 1753 1854 1786 animal
1864 1775 1874 1791 ‚
1902 1752 1995 1788 nullo
2010 1751 2063 1798 in·-

1190 1810 1362 1854 telligente
1388 1816 1445 1842 aut
1465 1804 1654 1841 attendente
1675 1828 1686 1846 ,
1713 1813 1825 1848 utpote
1847 1804 1924 1848 quia
1952 1801 2064 1838 nullus

1189 1859 1394 1894 audientium
1419 1857 1566 1903 linguam
1592 1858 1728 1893 latinam
1759 1853 1919 1902 iutelligit
1932 1879 1944 1897 ,
1966 1855 2016 1889 vel
2038 1855 2061 1888 si

1189 1909 1247 1952 qui
1267 1910 1474 1952 intelligant,
1500 1909 1583 1941 mihi
1608 1917 1716 1940 tamen
1735 1905 1883 1952 loquenti
1897 1905 2064 1950 nullusat-

1190 1957 1320 1991 tendit:
1353 1967 1432 1992 tunc
1453 1957 1520 1991 ista
1542 1968 1638 1991 voces
1650 1956 1770 1991 habent
1783 1957 2062 2001 suppositionem

1191 2018 1259 2040 non
1288 2017 1397 2040 tamen
1437 2005 1559 2042 habent
1584 2006 1741 2042 naualem
1767 2007 2074 2051 significationem„

1192 2057 1281 2099 Ergo
1301 2055 1406 2098 potest
1428 2057 1539 2098 aliqua
1560 2068 1626 2089 vox
1647 2056 1766 2090 habere
1786 2057 2063 2100 suppositionem,

1190 2115 1258 2137 non
1286 2103 1408 2137 habens
1430 2094 1886 2149 astualem⁸significationem
1909 2130 1917 2138 .
1953 2105 2058 2154 Qod

1190 2154 1256 2188 istae
1270 2165 1364 2188 voces
1378 2151 1422 2187 ibi
1435 2153 1687 2196 suppositionem
1701 2151 1842 2189 habeant
1853 2179 1865 2195 ,
1883 2154 1919 2195 est
1929 2156 2058 2188 clarum:

1188 2203 1372 2246 Suppofitio
1392 2204 1512 2247 quippe
1535 2203 1625 2237 vocis
1649 2202 1734 2237 nihil
1757 2204 1802 2239 est
1825 2205 1936 2245 aliud,
1963 2215 2062 2248 quam

1188 2254 1302 2295 positio
1314 2252 1403 2286 vocis
1414 2252 1448 2284 in
1471 2253 1631 2286 orationis
1641 2263 1800 2288 contextu
1821 2265 1878 2296 pro
1888 2256 1947 2288 suo
1959 2255 2062 2299 signi-

1188 2303 1308 2335 ficato:
1335 2311 1371 2334 ut
1393 2301 1502 2335 statim
1527 2301 1610 2334 infra
1629 2301 1738 2335 dicam
1761 2303 1929 2345 pluribus.
1955 2304 2062 2346 Atqui

1188 2352 1251 2384 istae
1262 2361 1357 2385 voces
1379 2351 1452 2384 sunt
1465 2351 1511 2385 ibi
1525 2352 1558 2384 in
1572 2351 1634 2386 isto
1657 2350 1815 2384 orationis
1828 2362 1989 2385 contextu
2001 2363 2062 2395 pro

1187 2402 1249 2435 suis
1263 2401 1451 2445 significatis
1465 2402 1572 2444 pofitae
1585 2414 1597 2438 .-
1622 2410 1702 2445 ergo
1716 2401 1789 2434 sunt
1807 2401 1970 2446 suppositae
1982 2425 1994 2443 ,
2005 2399 2062 2437 ha·

1185 2450 1328 2494 bentque
1347 2451 1604 2494 suppositionem
1618 2475 1625 2482 .

1231 2511 1264 2546 4.
1287 2501 1390 2548 Quod
1401 2511 1510 2535 autem
1523 2500 1639 2535 actuali
1652 2500 1893 2544 significatione
1905 2510 2034 2536 careant
2048 2525 2062 2543 ,

1183 2551 1461 2593 aequeclarumest:
1488 2551 1579 2598 Qia
1601 2550 1735 2584 asinalis
1758 2550 1956 2596 significatio
1968 2552 2058 2586 vocis

1182 2600 1230 2635 est
1251 2611 1428 2644 conceptus
1443 2625 1453 2641 ‚
1477 2612 1575 2642 quem
1598 2601 1716 2635 format
1738 2602 1873 2636 audiens
1894 2602 1935 2635 de
1957 2612 1990 2635 re
2003 2613 2058 2645 per

1184 2661 1297 2684 vocem
1318 2651 1496 2696 significata
1520 2662 1562 2685 ex
1574 2651 1741 2685 occasione
1755 2652 1843 2686 vocis
1854 2651 1991 2686 auditae:
2021 2662 2058 2686 ut

1182 2701 1252 2734 dixi
1270 2701 1360 2744 supra
1381 2700 1489 2744 disp.2.
1514 2700 1618 2744 Atqui
1638 2701 1671 2734 in
1695 2700 1759 2734 hoc
1783 2701 1894 2735 nostro
1915 2703 1989 2735 casu
2003 2714 2059 2735 au-

1182 2751 1310 2785 dientes
1319 2751 1446 2785 nullum
1460 2752 1500 2785 de
1512 2763 1544 2785 re
1562 2761 1618 2795 per
1632 2762 1727 2785 voces
1741 2750 1921 2794 significata
1933 2762 2056 2786 conce-

1181 2811 1273 2844 ptum
1286 2802 1448 2835 formant:
1476 2802 1646 2835 nonenim
1658 2811 1754 2835 voces
1768 2801 1981 2845 intelligunt,
2003 2801 2057 2837 vel

1182 2852 1202 2884 si
1223 2850 1434 2895 intelligant,
1460 2851 1542 2885 mihi
1565 2861 1675 2885 tamen
1699 2850 1849 2894 loquenti
1875 2862 1941 2885 non
1954 2860 2057 2885 atten-

1181 2899 1283 2934 dunt.
1310 2902 1400 2945 Ergo
1421 2901 1484 2935 istae
1505 2912 1600 2935 voces
1625 2912 1693 2936 non
1706 2900 1827 2936 habent
1839 2900 1886 2935 ibi
1896 2901 2056 2936 astualem

1182 2951 1454 2995 significationem
1470 2964 1477 2984 :
1496 2952 1644 2993 adeoque
1656 2952 1789 2986 actualis
1800 2951 1994 2997 significatio
2005 2950 2054 2986 esi:

1183 3001 1311 3035 realiter
1334 3002 1548 3045 separabilis&
1562 3002 1651 3036 vocis
1663 3002 1895 3046 suppositione.
1923 3005 1969 3034 Et
1978 3005 2055 3036 ratic

1180 3049 1361 3092 conclufionis
1373 3053 1393 3084 ἃ
1402 3051 1548 3095 prim-ies}
1562 3065 1570 3085 :
1597 3053 1686 3098 Qia
1709 3052 1842 3086 actualis
1860 3052 2054 3098 significatio

1180 3102 1226 3135 est
1252 3102 1403 3146 cognitio
1425 3101 1571 3145 quaedam
1596 3126 1606 3142 ‚
1627 3104 1661 3136 &
1688 3102 1876 3146 plerumque
1896 3103 1941 3138 est
1965 3104 2055 3137 aetus

1179 3150 1315 3195 quidam
1337 3152 1543 3186 intellestus:
1572 3162 1608 3186 ut
1629 3152 1697 3187 dixi
1722 3154 1814 3195 supra
1839 3153 1915 3188 loco
1926 3152 2049 3187 citato.

1181 3204 1228 3235 At
1252 3201 1331 3235 vero
1355 3201 1531 3244 suppositio
1551 3202 1595 3235 est
1605 3203 1691 3236 actus
1702 3203 1900 3237 voluntatis.
1928 3202 2056 3238 ltemfi·

1179 3251 1353 3296 gnificatio
1373 3252 1504 3286 asinalis
1527 3262 1645 3287 vocum
1656 3251 1700 3286 est
1711 3255 1799 3287 aetus
1810 3253 1939 3290 elicitus
1948 3252 1990 3288 ab
2000 3263 2056 3291 au·

1179 3302 1312 3343 diente3
1339 3302 1516 3345 suppositio
1541 3302 1617 3336 vero
1627 3303 1671 3336 est
1686 3305 1770 3337 astus
1783 3303 1914 3346 quidam
1925 3303 2056 3338 elicitus

1179 3351 1196 3384 ὲ
1211 3351 1388 3394 loquente:
1415 3361 1451 3386 ut
1473 3350 1582 3387 dicam
1596 3352 1698 3387 infra:
1724 3354 1812 3388 Inter
1822 3365 1905 3398 quos
1917 3365 1987 3389 non
1999 3364 2058 3397 po-

1181 3400 1240 3436 test
1256 3412 1326 3436 non
1338 3402 1400 3436 esse
1411 3401 1576 3438 distinctio
1587 3402 1679 3436 realis
1689 3427 1698 3436 .

1232 3462 1264 3499 5.
1293 3456 1367 3487 Dico
1386 3450 1515 3496 ‚sicunde
1543 3465 1551 3487 ι
1588 3452 1776 3498 Suppofitio
1800 3453 1884 3500 signi
1911 3463 1980 3488 non
2005 3451 2051 3486 est

1903 3510 2005 3537 ettam
