2384 3770
362 86 427 122 60

319 711 411 743 diliis
432 713 670 748 ordinationibus
688 712 762 757 sunt
781 713 1001 758 submovendi,
1024 721 1068 747 rei
1083 713 1200 758 scilicet

288 797 295 804 ,
318 763 370 793 vel
388 770 453 797 veri
473 763 659 805 confefflone‚
685 766 740 799 vel
762 766 915 799 mendacio
936 763 1080 806 falsitatis
1108 790 1115 797 .
1155 766 1199 800 Et

317 822 359 843 ex
378 813 536 848 Concilio
553 815 744 849 Eliberino.
772 818 803 848 Si
828 820 896 858 quis
912 814 1118 858 Diaconumse
1130 824 1198 858 per-

316 859 429 904 miserit
448 866 581 897 ordinari
605 889 616 906 ,
647 867 681 900 <5
696 864 794 908 postea
810 865 914 906 *fuerit
940 871 974 898 in
1001 870 1125 899 crimine
1150 868 1198 900 de-

313 913 411 946 rcilus
439 921 566 954 mortis,
591 917 671 956 quod
677 917 837 958 aliquando
846 913 1043 958 commiserit,
1059 915 1090 958 fi
1102 914 1199 958 spon·

314 970 345 996 te
362 963 462 1005 fuerit
488 966 644 1008 confeffus,
667 967 785 1008 placuit
795 977 862 1000 eum
888 964 958 998 aeia
982 968 1068 1009 legit}
1076 979 1126 999 ma
1133 975 1195 1008 pae·

311 1018 440 1048 nitentia
447 1016 508 1056 post
522 1020 684 1050 triennium
694 1022 823 1058 accipere
834 1021 1059 1050 communionem
1071 1040 1079 1048 .
1104 1018 1199 1059 ,Quod

304 1062 335 1104 fi
351 1065 428 1099 alius
445 1066 593 1099 detexerit
607 1090 617 1106 ,
640 1066 702 1109 post
726 1071 964 1110 quinquennium
977 1091 989 1107 ‚
1015 1066 1086 1099 aava
1097 1074 1194 1108 paent-

310 1118 404 1147 tentia
418 1140 429 1156 ‚
453 1122 582 1159 accipere
594 1125 822 1151 communionem
843 1117 955 1149 laicam
977 1117 1083 1149 debere
1098 1140 1105 1147 .
1134 1117 1193 1152 Ec-

308 1176 368 1204 ce,
394 1178 462 1200 non
486 1166 697 1202 solummodo
715 1176 886 1212 peccatum
908 1167 979 1210 post
1005 1167 1128 1200 sacram
1142 1179 1192 1201 or-

307 1215 514 1251 dinationem
528 1242 538 1258 ‚
569 1218 623 1252 sed
645 1218 744 1254 etiam
767 1218 977 1252 commissum
1001 1226 1079 1250 ante
1101 1218 1191 1251 illam

306 1276 344 1300 ac
363 1268 472 1311 postea
494 1269 689 1311 patefactum
715 1268 892 1303 deiiciebat
914 1267 1070 1301 clericum
1083 1268 1117 1300 in
1133 1268 1192 1301 lai-

305 1326 377 1350 cam
400 1320 695 1353 communionem.
725 1319 847 1362 Estque
875 1317 909 1351 id
940 1317 1118 1351 fundatum
1157 1319 1190 1351 in

304 1368 471 1411 Apostolo
482 1393 493 1409 ,
521 1369 578 1413 qui
590 1370 691 1404 etiam
703 1369 896 1404 Diaconum
916 1367 1000 1401 dicit
1015 1366 1132 1401 debere
1147 1369 1189 1401 es-

304 1419 336 1451 se
361 1419 425 1452 fine
446 1420 606 1460 crimine,
627 1419 691 1453 hoc
713 1419 781 1459 est,
805 1420 872 1452 fine
895 1429 1032 1461 peccato
1046 1419 1186 1451 mortali.

304 1469 347 1502 Et
369 1468 466 1503 hosce
488 1480 631 1504 canones
664 1470 759 1504 fuiffe
784 1468 873 1503 Afris
895 1478 994 1502 notos
1019 1478 1120 1510 atque
1149 1469 1190 1502 ab

302 1519 369 1553 illis
391 1519 579 1554 observatos
606 1544 616 1560 ‚
652 1530 741 1564 patet
763 1531 803 1554 ex
826 1520 937 1553 saneto
975 1518 1189 1561 Augustino,

301 1569 472 1603 adversum
494 1569 691 1615 Pelagianos
712 1571 754 1605 fic
779 1568 942 1603 scribente
965 1568 1006 1602 ad
1035 1568 1188 1602 sanstum

301 1619 501 1654 Pontificem
524 1619 753 1655 Bonifaciutn.
781 1621 894 1653 Nullus
918 1623 950 1651 in
974 1617 1098 1659 Ecclefia
1111 1619 1187 1652 vecie*

298 1671 388 1713 poffet
410 1672 545 1703 ordinari
565 1671 696 1711 minister
709 1696 720 1712 ‚
735 1670 765 1712 fi
783 1670 900 1713 dixiffet
935 1668 1082 1710 Apostolus
1108 1693 1119 1709 ,
1155 1672 1186 1701 si

300 1727 368 1763 quis
387 1719 450 1762 fine
476 1729 593 1763 peccato
619 1721 679 1762 est,
698 1721 747 1754 ubi
763 1727 831 1761 ait,
857 1721 888 1752 st
910 1725 975 1761 quis
993 1717 1055 1760 fine
1067 1725 1187 1752 crimine

303 1771 340 1810 est
353 1783 364 1803 .·
392 1775 450 1802 Aut
465 1770 494 1812 fi
511 1772 650 1814 dixiffet,
679 1772 809 1805 Nullum
826 1778 981 1813 peccatum
1016 1767 1158 1802 babentes
1175 1793 1186 1810 ‚

306 1821 356 1854 ribi
379 1821 484 1859 dixit,
511 1823 638 1857 Nullum
658 1827 771 1855 crimen
792 1820 957 1855 babentes.
987 1820 1034 1855 At
1047 1819 1184 1855 veroissi

303 1870 537 1914 Apostatarum
572 1870 796 1915 suffragatores
831 1871 986 1913 Episcopi
1026 1870 1183 1904 nolebam

302 1921 349 1955 ob
373 1921 466 1955 istam
485 1921 671 1964 apostasiam
695 1921 786 1964 perdi
807 1921 995 1953 clericatum
1020 1931 1028 1951 ε
1069 1920 1182 1952 Cense-

303 1971 383 2005 bant
404 1982 484 2015 ergo
506 1971 598 2006 istam
629 1970 821 2014 apostafiam
851 1980 918 2003 non
945 1970 1009 2003 effe
1036 1969 1183 2010 crimen,

304 2021 338 2056 id
355 2023 399 2056 est
412 2045 423 2061 ,
436 2032 607 2066 peccatum
628 2023 766 2056 mortale
778 2044 790 2060 ‚
811 2019 958 2059 adeoque
977 2018 1009 2051 δε
1033 2019 1134 2052 vitam
1147 2020 1184 2052 is-

302 2084 370 2107 tam
391 2083 604 2107 communem
623 2072 686 2104 esse
718 2069 874 2113 placitum
905 2076 1149 2109 temporaneum
1173 2090 1184 2106 ,

304 2133 513 2165 nequaquam
527 2120 735 2155 immobilem
749 2118 866 2151 flatum
879 2141 887 2149 .
915 2116 959 2149 Et
979 2116 1038 2149 iste
1048 2140 1057 2155 ,
1071 2117 1182 2150 nescio

301 2173 421 2216 quibus
443 2170 717 2215 probabilitatum
744 2168 827 2203 fucis
850 2167 1011 2205 larvatus,
1032 2176 1117 2199 error
1127 2177 1181 2199 oc-

305 2223 441 2266 cupavit
463 2221 622 2265 plurimos
646 2219 851 2262 Episcopos,
872 2217 974 2251 etiam
997 2215 1099 2258 ipsum
1114 2217 1178 2249 san·

303 2274 392 2306 dum
414 2271 588 2307 Aurelium
611 2295 618 2302 .
648 2269 716 2303 Hic
740 2278 881 2311 namque
902 2277 969 2300 non
994 2266 1099 2299 solum
1122 2266 1178 2300 dis·

302 2323 397 2357 colos
412 2347 423 2363 ‚
457 2321 511 2356 sed
534 2321 634 2354 etiam
656 2317 830 2362 Apostatas
850 2313 1031 2350 monachos
1055 2326 1180 2359 promo·

304 2374 352 2407 vit
375 2372 415 2406 ad
437 2373 583 2411 clerum,
605 2368 703 2413 idque
723 2368 806 2403 adeo
816 2366 936 2406 dense,
962 2376 998 2399 ut
1020 2366 1099 2399 inde
1111 2367 1180 2400 ada-

303 2424 397 2468 gium
420 2423 528 2456 fieret:
557 2423 636 2454 Sicut
658 2420 756 2452 malus
777 2417 916 2452 choraula
937 2417 1029 2449 bonus
1051 2414 1178 2458 simpbo

304 2480 407 2507 niacus
428 2472 465 2512 est
478 2496 489 2512 ,
515 2472 561 2504 tta
584 2471 679 2503 malus
699 2467 857 2502 monachus
880 2467 974 2499 bonus
998 2467 1115 2499 clericus
1128 2465 1174 2505 esi.

303 2523 439 2557 Putavit
460 2532 540 2566 ergo
564 2531 631 2554 non
656 2518 866 2554 solummodo
886 2517 920 2551 in
949 2515 1071 2550 clericis
1094 2541 1105 2557 ‚
1129 2516 1178 2550 sed

304 2574 404 2607 etiam
417 2573 451 2605 in
471 2570 731 2606 monachisvitae
753 2568 939 2603 communis
962 2567 1178 2600 desertionem

304 2634 376 2657 non
398 2623 460 2656 esse
482 2631 652 2666 peccatum
671 2620 810 2654 mortale
824 2644 831 2651 .
855 2619 888 2652 Si
911 2627 1050 2659 namque
1064 2628 1176 2650 morta-

306 2673 338 2706 le
352 2683 520 2717 peccatum
543 2670 588 2705 ibi
604 2669 785 2715 agnovisset
798 2692 810 2709 ‚
826 2668 1002 2706 statuisset,
1024 2666 1111 2700 haud
1122 2666 1175 2700 du·

305 2722 360 2757 bie
378 2723 418 2757 de
443 2723 512 2756 istis
527 2721 694 2764 Apostatis
707 2745 718 2762 ,
739 2719 827 2764 quod
842 2730 909 2753 non
933 2718 978 2751 ita
1000 2717 1125 2760 pridem
1138 2716 1177 2750 de

303 2773 368 2807 illis
381 2797 392 2814 ,
416 2772 588 2812 omnium,
609 2782 679 2815 quae
699 2768 882 2804 monachos
902 2777 1020 2802 norant
1041 2790 1054 2807 ‚
1074 2768 1173 2811 genti·

302 2834 358 2857 um
382 2823 561 2858 unanimen
583 2821 780 2855 consensum
812 2820 918 2853 secuta
948 2817 1099 2851 statuerat
1135 2818 1175 2850 se-

128 2874 211 2920 Cap.
229 2889 282 2924 25.
305 2872 411 2907 cunda
424 2871 576 2915 synodus
595 2869 809 2905 Arelatensis.
840 2871 1095 2910 sinepaenitentia
1105 2877 1166 2900 com

305 2928 469 2956 munionem
490 2922 610 2965 penitus
633 2932 690 2955 non
711 2925 860 2962 accipiant
877 2941 888 2957 ‚
917 2929 987 2960 quos
1010 2922 1102 2952 etlam
1122 2919 1178 2958 ju—

305 2973 405 3007 bemus
429 2974 472 3005 ad
493 2974 646 3005 clericatus
667 2971 785 3013 officium
807 2980 864 3002 non
881 2967 1004 3000 admitti
1024 2990 1031 2998 .
1060 2967 1175 3001 Conti-

304 3024 353 3068 git
377 3022 445 3056 issis
464 3021 653 3056 douiffimis
664 3019 926 3063 sanstiffimisque
947 3017 1115 3051 Africanis
1139 3017 1178 3050 E-

309 3073 447 3116 piicopis
466 3072 567 3106 ferme
590 3071 728 3115 idipsum
749 3070 835 3105 circa
858 3068 1001 3103 instituti
1018 3066 1177 3101 monasti-

309 3124 339 3156 ci
360 3133 506 3157 naturam
518 3147 529 3163 ,
546 3121 637 3165 quod
655 3122 738 3155 circa
752 3130 900 3155 naturam
912 3118 1003 3152 istius
1024 3117 1177 3158 instituti,

310 3174 396 3215 quod
419 3172 613 3216 profitentur
634 3170 754 3204 Clerici
779 3170 966 3208 Societatis,
988 3167 1053 3208 hoc
1065 3168 1177 3201 nostro

310 3221 423 3255 saeculo
447 3222 590 3266 contigit
610 3221 802 3266 quibusdam
816 3219 960 3254 Eximiis
978 3217 1177 3253 SacraeThe-

310 3271 430 3314 ologiae
451 3271 638 3317 Magistris.
666 3271 813 3317 Qidam
835 3269 924 3304 enim
945 3267 1028 3303 adeo
1049 3268 1175 3302 exorbi.

310 3329 436 3360 tatum,
456 3321 538 3354 adeo
559 3319 890 3356 firmiterinstitutum
913 3318 998 3353 istud
1011 3329 1176 3362 tamquam

312 3370 466 3403 veraciter
486 3369 694 3415 Religiosum
714 3371 889 3416 agnoscere
919 3369 1119 3409 noluerunt,
1141 3378 1177 3402 ut

310 3419 329 3455 a
353 3419 467 3455 Sanila
478 3419 558 3455 Sede
570 3421 762 3465 Apostolica
772 3421 893 3456 fuerint
914 3430 971 3463 per
988 3418 1177 3454 anathema-

116 1609 155 1642 L·
173 1622 199 1646 1.
219 1623 246 1646 c.

119 1669 172 1705 14.

816 75 903 120 DE
942 77 1221 124 omnint
1258 80 1669 131 EREMITARUM

330 156 400 191 istis
422 157 590 201 Apostatis
605 157 763 194 dicebant
783 161 824 196 ad
846 162 1094 207 Augustinum.
1119 166 1211 208 ,Quid

329 209 402 239 mali
420 208 499 250 fecit
512 208 528 238 ἓ
555 212 629 241 Non
650 209 743 252 potest
769 220 865 246 tecum
891 213 1017 247 tolerare
1041 214 1126 254 islam
1155 221 1207 248 vi-

330 265 406 290 tam.
438 261 543 290 Extra
555 257 768 302 Episcopatum
794 264 863 296 vult
875 275 1014 303 manere,
1041 266 1127 298 &de
1138 274 1208 307 pro-

325 313 394 349 prio
421 313 545 342 vivere.
572 311 642 343 Ideo
668 323 726 344 non
753 313 839 347 debet
860 314 987 355 perdere
1014 314 1205 348 clericatum.

329 357 428 391 Certe
440 368 569 403 propter
586 361 726 402 quodvis
743 364 911 397 notorium
923 387 934 403 ‚
961 363 1056 408 quale
1068 374 1135 399 erat
1148 365 1206 399 issa

329 406 497 450 Apostafia
515 432 528 449 ,
562 412 700 458 mortale
721 424 889 456 peccatum
912 412 1106 457 perdebarur
1136 416 1205 449 istis

325 459 528 501 temporibus
549 461 720 497 clericatus
734 487 746 503 ‚
766 464 1007 508 cadebaturque
1027 465 1062 498 in
1084 465 1202 500 laicam

325 511 599 556 communionem
620 537 630 546 .
667 512 762 547 Patet
787 513 819 547 id
842 525 883 547 ex
915 515 1023 558 primo
1045 515 1203 549 Concilio

271 590 278 598 ,
324 556 509 595 Valentino
520 561 652 597 Galliae.
680 566 868 607 ,Quicumque
889 562 947 607 sua
958 565 1142 599 ordinatione
1153 568 1204 600 vel

321 611 505 645 Diaconatus
527 636 540 653 ‚
567 613 617 646 vel
642 614 821 653 Presbyterii
847 638 858 654 ,
886 616 939 648 vel
963 612 1161 656 Epiftopatus
1190 640 1203 657 ‚

320 662 436 694 mortali
464 667 586 696 crimine
612 664 746 697 dixerint
769 663 803 707 se
824 666 873 706 effe
893 665 1044 706 pollutos,
1070 663 1202 707 usupra·

1272 166 1314 201 tis
1333 167 1439 203 minas
1460 167 1655 203 coercendi.
1685 167 1761 201 Erat
1785 176 1871 201 error
1895 166 2047 203 infamis.
2073 169 2155 202 Gra·

1273 218 1373 260 viter,
1397 220 1531 264 inquam
1544 242 1555 258 ,
1576 217 1724 252 errabant
1738 239 1748 256 ,
1765 228 1916 260 putantes
1929 218 2062 252 istorum
2079 220 2154 253 Cle-

1270 266 1409 302 ricorum
1423 269 1597 303 solubilem
1608 265 1834 312 professionem
1849 268 1911 300 esse
1923 268 2001 311 quid
2017 270 2075 303 sub
2097 282 2150 304 cae·

1270 318 1302 351 lo
1319 329 1464 353 novum:
1493 318 1626 353 Etenim
1649 319 1759 353 omnis
1791 317 1934 351 omnino
1954 321 2147 354 cunctorum

1267 369 1479 413 antiquorum
1502 370 1748 413 Religiosorum
1771 365 1921 411 profeffio
1954 367 2017 401 fuit
2039 369 2147 412 hujus-

1268 420 1360 453 modi
1383 422 1485 463 usque
1504 420 1546 454 ad
1567 430 1714 463 tempora
1736 418 1889 462 Gregorii
1920 417 2015 461 Papae
2038 421 2142 460 noni,

1266 469 1321 511 qui
1338 471 1468 514 magnis
1479 470 1521 505 de
1533 469 1644 504 cauffis
1660 469 1752 503 istam
1774 468 1966 512 Religiofos
1987 469 2140 511 professos

1265 520 1456 553 dimittendi
1478 531 1576 563 atque
1595 520 1676 553 statu
1699 519 1756 552 suo
1781 518 1929 553 solvendi
1949 517 2142 560 potestatem

1267 568 1487 614 Regularibus
1507 570 1652 603 Praelatis
1675 570 1818 612 eripuit,
1838 579 1975 611 eamque
1992 569 2054 601 suae
2065 568 2141 601 san-

1264 622 1319 653 &ae
1339 619 1540 663 Apostolicae
1561 620 1638 654 Sedi
1663 617 1938 661 providentissime
1962 616 2141 651 reservavit.

1264 669 1328 703 Cui
1348 670 1468 713 optimi
1489 669 1664 704 Pontificis
1685 669 1816 710 optimo
1829 667 1950 702 statuto
1973 679 2075 712 nuper
2087 667 2144 701 de-

1264 721 1413 764 rogavit,
1441 731 1540 763 atque
1562 720 1638 753 vitae
1662 729 1765 763 genus
1781 718 1845 760 jam
1869 728 1923 761 per
1946 719 2007 752 tria
2029 719 2141 752 saecula

1262 771 1413 804 unanimi
1440 771 1591 804 omnium
1606 768 1664 802 sub
1685 769 1765 802 caelo
1780 768 1992 804 Ecclefiarum
2006 770 2142 802 consen-

1264 822 1295 853 su
1317 820 1537 863 improbatum
1551 819 1662 854 denuo
1683 819 1813 852 reduxit
1834 819 1868 852 in
1890 818 2003 853 orbem
2018 818 2139 852 Roma-

1260 882 1339 904 num
1362 870 1542 914 Gregorius
1563 869 1650 913 Papa
1674 869 1954 909 decimustertius,
1983 867 2068 902 haud
2081 868 2142 901 du-

1261 920 1311 955 bie
1331 933 1372 955 ex
1393 921 1524 962 caussis,
1555 920 1637 967 Qae
1658 921 1773 954 omnia
1803 919 1930 952 Eximii
1953 917 2003 952 isti
2029 919 2139 963 Magi-

1259 972 1312 1005 stri
1333 971 1513 1006 debuerant
1534 971 1658 1005 scivisse
1680 980 1778 1012 atque
1802 967 1989 1004 attendisse.
2018 967 2138 1002 Proin-

1258 1022 1299 1055 de
1332 1021 1565 1056 Africanorum
1588 1021 1829 1064 Episcoporum
1860 1030 1949 1052 error
1971 1041 1984 1061 ,
2021 1029 2136 1062 utpote

1259 1072 1384 1106 versans
1405 1073 1491 1106 circa
1509 1083 1578 1106 rem
1599 1071 1634 1104 in
1657 1080 1771 1104 eorum
1786 1069 1934 1103 Ecclefiis
1957 1069 2021 1104 huc
2036 1069 2137 1113 usque

1260 1132 1325 1154 non
1348 1122 1474 1162 visam,
1497 1133 1566 1155 erat
1590 1119 1692 1163 longe
1714 1118 1839 1152 levior.
1871 1120 1915 1152 Et
1938 1118 2016 1162 quia
2041 1118 2139 1161 pluri·

1258 1182 1327 1204 mos
1347 1182 1522 1215 occuparat
1548 1170 1731 1212 Episcopos
1754 1190 1764 1207 ‚
1794 1168 1963 1211 ipsumque
1983 1168 2083 1202 etiam
2103 1169 2135 1202 S.

1257 1221 1430 1255 Aurelium
1442 1245 1453 1261 ,
1475 1220 1564 1255 ceffit
1576 1219 1617 1254 ad
1639 1229 1765 1262 tempus
1779 1218 2002 1262 Augustinus,
2027 1228 2134 1261 neque

1255 1271 1374 1304 delevit
1401 1271 1577 1314 Apostatas
1608 1270 1682 1303 suos
1704 1268 1746 1302 de
1769 1268 1880 1302 tabula
1916 1268 2131 1302 clericorum.

1257 1322 1383 1355 Videns
1399 1332 1467 1356 rem
1488 1323 1551 1355 esic
1572 1320 1734 1365 agendam
1758 1320 1884 1352 fortiter
1904 1329 1942 1352 ac
1966 1319 2106 1352 suaviter
2119 1342 2129 1358 ‚
2144 1328 2244 1370 Epist.

1256 1371 1426 1405 Aurelium
1441 1396 1452 1412 ,
1473 1371 1558 1414 apud
1572 1379 1670 1414 quem
1688 1369 1881 1402 auctoritate
1893 1366 2056 1411 pollebat,
2068 1367 2126 1410 pri·
2139 1384 2198 1426 76·

1254 1421 1354 1455 mirus
1375 1422 1420 1456 est
1433 1423 1596 1466 agrestus,
1621 1418 1818 1463 tandemque
1831 1417 1979 1462 perduxit
1998 1428 2067 1452 rem
2080 1418 2127 1450 su—

1252 1483 1304 1505 am
1327 1471 1365 1505 ad
1392 1472 1572 1515 plenarium
1601 1470 1720 1503 Africae
1741 1469 1907 1513 Iudicium
1930 1494 1940 1509 ‚
1961 1478 2059 1512 atque
2081 1467 2128 1501 ibi

1252 1522 1285 1555 in
1307 1522 1425 1563 quinto
1438 1546 1449 1562 ,
1469 1523 1524 1556 seu
1538 1519 1643 1555 verius
1657 1520 1754 1554 tertio
1776 1518 2026 1562 Carthaginensi
2040 1518 2130 1553 Con-

1250 1571 1332 1606 cilio
1353 1572 1537 1615 impetravit
1557 1571 1646 1605 hunc
1667 1581 1845 1604 canonem.
1874 1570 1993 1603 Placuit
2015 1593 2026 1608 ,
2057 1577 2091 1600 ut
2105 1555 2223 1608 fiC2P·
2240 1563 2295 1603 ¹3·

1250 1627 1316 1664 quis
1339 1624 1377 1656 de
1398 1621 1569 1662 monasteriis
1587 1622 1712 1654 alterius
1739 1628 1888 1662 repertum
1909 1619 1961 1652 vel
1982 1619 2026 1651 ad
2043 1619 2129 1651 cleri·

1248 1683 1347 1705 catum
1366 1680 1542 1714 promovere
1563 1672 1688 1706 voluerit
1714 1695 1724 1711 ‚
1759 1671 1814 1703 vel
1832 1676 1864 1702 in
1883 1668 1938 1713 suo
1959 1668 2129 1709 monasterio

1248 1725 1395 1765 Majorem
1407 1723 1572 1764 monasterii
1583 1722 1752 1762 constituere
1767 1745 1777 1760 ‚
1796 1717 1961 1763 Episcopus
1976 1744 1986 1760 ,
2013 1724 2065 1761 qui
2076 1718 2127 1751 hoo

1240 1773 1370 1814 fecerit,
1389 1785 1408 1805 a
1429 1783 1598 1806 coeterorum
1629 1777 1830 1805 communione
1851 1768 2002 1812 seJ'une‘lus
2022 1793 2033 1808 ‚
2061 1767 2127 1812 suae

1248 1833 1366 1856 tantum
1383 1824 1480 1866 plebis
1506 1827 1707 1856 communione
1726 1829 1881 1854 contentus
1907 1818 1946 1860 fit
1968 1844 1979 1860 ‚
2020 1820 2054 1851 (9·
2077 1818 2127 1850 ille

1247 1886 1338 1916 neque
1360 1874 1482 1907 clericus
1504 1885 1595 1916 neque
1616 1870 1795 1913 Praepofitus
1813 1869 1984 1913 perseveret
2003 1893 2008 1899 .
2043 1867 2127 1902 Tra·

1249 1926 1296 1956 xit
1327 1924 1436 1966 itaque
1471 1922 1677 1966 Augustinus
1697 1932 1812 1954 omnes
1835 1920 1977 1954 omnino
1999 1917 2128 1951 Africa·

1247 1983 1306 2006 nos
1321 1972 1502 2015 Episcopos
1517 1973 1550 2004 in
1574 1973 1663 2004 suam
1690 1970 1881 2002 sententiam
1895 1992 1906 2007 ,
1927 1978 2023 2010 atque
2034 1969 2128 1999 exin-

1245 2023 1286 2055 de
1307 2022 1402 2064 caepit
1423 2021 1555 2063 quosvis
1578 2020 1650 2054 suos
1678 2018 1855 2061 Apostatas
1880 2016 2061 2062 intrepidus
2073 2017 2126 2050 de-

1247 2073 1308 2104 lere
1328 2071 1369 2104 de
1390 2070 1503 2102 tabula
1529 2070 1726 2102 clericorum
1740 2092 1747 2100 .

1419 2165 1702 2202 CAPUT
1764 2164 1947 2200 XXXII.

1306 2272 1352 2302 De
1378 2274 1489 2312 origine
1516 2267 1727 2308 Africanarum
1753 2265 2028 2299 sanctimonialium
2044 2290 2053 2298 .

1335 2319 1439 2352 Rrant
1464 2318 1607 2363 graviter
1630 2342 1640 2357 ,
1668 2316 1724 2359 qui
1746 2316 1831 2349 hanc
1846 2315 2008 2359 originem
2031 2315 2120 2349 attri-

1349 2369 1454 2402 buunt
1474 2368 1503 2401 S.
1515 2365 1706 2412 Augustino
1715 2391 1722 2398 .
1737 2364 1864 2399 Africas
1874 2365 1993 2408 quippe
2005 2366 2118 2399 saneti-

1243 2419 1403 2453 moniales
1414 2420 1476 2452 efle
1489 2416 1724 2461 antiquiffimas
1745 2427 1782 2450 ac
1794 2426 1868 2449 cum
1883 2416 1984 2459 prima
2009 2415 2116 2448 Evan-

1240 2469 1317 2513 gelii
1334 2468 1562 2513 praedicatione
1573 2466 1696 2501 ibidem
1712 2474 1868 2508 exortas,
1895 2465 2015 2498 docent
2044 2476 2113 2498 non

1242 2519 1344 2552 solum
1368 2517 1570 2552 Tertulliani
1591 2527 1630 2550 ac
1668 2516 1700 2549 S.
1722 2514 1882 2558 Cypriani
1905 2515 1992 2548 varia
2009 2514 2050 2548 de
2070 2516 2115 2547 sa-

1239 2570 1300 2602 cris
1322 2568 1503 2612 virginibus
1525 2568 1658 2611 scripta,
1679 2566 1734 2599 sed
1755 2565 1932 2608 etiamipse
1957 2564 2114 2610 S.Augu-
2137 2593 2142 2598 .

1240 2620 1340 2652 stinus
1355 2643 1366 2659 ‚
1389 2618 1574 2661 frequenter
1596 2618 1732 2651 asserens
1748 2614 2040 2654 sanctimoniales,
2063 2625 2114 2648 ea-

1240 2680 1374 2712 rumque
1388 2668 1615 2711 profeffioncm
1628 2691 1639 2707 ,
1661 2665 1859 2699 velationem
1871 2676 1908 2699 ac
1921 2665 2114 2698 benedictio-

1241 2731 1313 2754 nem
1335 2718 1429 2753 fuisse
1450 2718 1549 2753 etiarn
1562 2716 1647 2760 apud
1661 2715 1852 2750 Donatistas
1863 2740 1870 2747 .
1889 2714 2008 2749 Scribit
2020 2715 2114 2759 quip-

1240 2780 1277 2812 pe
1297 2769 1338 2803 ad
1361 2768 1390 2802 S.
1413 2767 1612 2811 Episcopum
1635 2765 1877 2799 Theodorum.
1907 2771 1983 2799 Cum
2004 2766 2112 2798 adnos
2138 2761 2237 2802 Epist.

1237 2825 1365 2853 veniunt
1384 2829 1424 2852 ex
1438 2826 1529 2860 parte
1542 2821 1676 2855 Donati,
1694 2817 1775 2848 mala
1793 2827 1891 2848 eorum
1914 2827 1972 2848 non
1989 2813 2109 2858 suscipi·
2134 2821 2209 2858 223.

1236 2881 1300 2902 mus
1311 2894 1321 2910 ,
1341 2866 1526 2913 agnoscentes
1537 2873 1570 2901 in
1586 2872 1627 2901 eis
1640 2865 1717 2899 bona
1736 2868 1810 2906 Dei,
1828 2864 1888 2906 five
1896 2863 2034 2907 sanc‘lum
2046 2868 2111 2898 Ba·

1231 2918 1373 2962 ptismum
1388 2942 1398 2958 ‚
1404 2918 1468 2960 five
1488 2917 1717 2951 benedit‘lionem
1730 2917 1929 2948 ordinationis
1942 2939 1952 2954 ,
1972 2914 2037 2956 five
2046 2926 2112 2948 con-

1235 2975 1371 3003 tinentiae
1389 2968 1607 3010 profeffionem,
1622 2965 1687 3008 five
1707 2964 1950 3009 consignationem
1971 2971 2106 3007 virgini-

1234 3027 1331 3060 tatis,
1353 3021 1407 3053 (τε.
1432 3018 1476 3053 Et
1499 3017 1539 3052 ad
1562 3014 1739 3050 Eusebium
1753 3016 1948 3060 Episcopum
1972 3015 2112 3047 Donati-

1235 3069 1353 3103 starum
1367 3094 1375 3103 .
1403 3073 1479 3102 Cum
1489 3065 1619 3108 Ecclest‘ae
1628 3066 1749 3109 quidam
1766 3065 1882 3098 colonus
1889 3063 1988 3106 filiam
1994 3062 2084 3106 suam
2094 3087 2106 3103 ,
2130 3068 2233 3111 Epist,

1234 3132 1300 3161 qu.e
1313 3121 1397 3162 apud
1421 3131 1473 3152 nos
1493 3117 1602 3160 fuerat
1611 3114 1835 3154 catechumena,
1859 3113 1941 3148 &ab
1960 3114 2021 3146 illis
2035 3114 2105 3147 Do·
2133 3119 2211 3166 ¹69·

1236 3169 1360 3203 natistis
1368 3168 1491 3211 sedulia
1501 3168 1537 3205 est
1553 3172 1662 3200 invitis
1669 3165 1862 3207 parentibus,
1874 3171 1905 3197 ut
1916 3163 1958 3196 ibi
1971 3164 2108 3205 baptiza-

1234 3228 1267 3251 ta
1276 3212 1367 3253 etiam
1376 3213 1982 3258 sanHimonialisfhrmamsusciperet‚&c.
1999 3213 2040 3247 Et
2053 3214 2108 3247 ad-

1235 3271 1339 3303 versus
1347 3269 1600 3303 parmenianum
1614 3266 1928 3308 corumEpiscopum
1940 3261 2111 3308 Carthagi-

1237 3321 1428 3353 nensemdn
1435 3330 1492 3353 non
1501 3329 1566 3352 cum
1575 3315 1682 3358 mechis
1692 3315 1873 3355 particulam
1877 3312 1967 3357 suam
1974 3320 2104 3355 ponunt,
2130 3317 2167 3351 L,
2187 3328 2218 3352 2.
2230 3330 2260 3352 c,

1235 3375 1286 3413 qui
1294 3381 1396 3413 greges
1406 3369 1501 3404 ebrios
1509 3367 1756 3402 sammonialium
1762 3364 1883 3408 sitarum
1893 3374 1957 3396 cum
1964 3364 2105 3407 gregibus
2132 3378 2162 3415 9.

1235 3420 1326 3454 ebriis
1337 3416 1591 3456 circumcellionum
1603 3418 1651 3451 die
1664 3415 1802 3458 nullaque
1809 3419 1973 3457 permixtos
1993 3419 2102 3457 vagari

1939 3469 2067 3507 turpiter
