2384 3770
759 98 1425 148 D.}h1=nwsronrs.

234 182 372 217 flentem
395 184 557 225 formam,
581 183 644 217 sive
665 182 923 224 accidentalem,
948 183 1013 216 live
1036 183 1112 218 sub-

235 234 435 272 stantialem.
467 233 572 277 Atqui
584 233 712 278 spiritus
723 245 779 277 per
801 243 948 267 neutram
970 234 1110 268 formam

236 283 271 316 id
282 283 386 325 potest
401 295 408 314 ε
424 283 512 328 Ergo'
525 284 708 327 iimpiiciter
719 283 802 321 illud
816 293 882 315 non
897 283 1017 324 potest.
1044 286 1115 316 Pro-

236 331 325 368 batur
337 338 452 366 minor:
480 334 567 380 Qia
583 334 764 368 viventium
777 332 1000 366 conformatio
1012 333 1046 366 ὃς
1061 345 1110 367 οι·-

237 384 404 430 ganizatio
419 385 493 419 sunt
503 386 709 428 operationes
721 381 792 415 vere
804 383 917 416 vitales
930 407 939 421 ‚
967 394 1111 426 petentes

237 438 307 471 fieri
326 460 336 476 ,
361 436 552 480 procedere,
581 432 808 476 &principiani
822 432 862 465 ab
873 433 987 475 aliquo
995 435 1111 468 .εὲξέἂί-

237 499 279 521 vo
289 488 452 531 principio
465 485 555 520 vitali
566 482 683 517 &vivo
697 493 707 524 ·,
738 493 843 525 neque
854 483 1017 519 ullatenus
1041 485 1110 519 fieri

236 538 396 581 poffunta
409 535 573 580 principio
585 533 733 566 inanimo
743 534 779 566 &
793 544 942 569 mortuo:
972 534 1020 566 uti
1043 544 1110 568 tra-

235 588 286 622 dit
298 579 596 621 Sanetus-Thomas
611 590 676 625 ιρ-
689 595 717 626 q.
734 583 788 629 76.
809 592 868 615 art.
885 593 912 617 1.
927 589 959 615 in
978 592 1051 625 corp.
1066 585 1110 618 Et

235 650 265 680 q.
280 639 355 677 118-
366 643 428 671 art.
441 633 472 671 '‘2.
487 633 529 667 Et
542 643 576 668 2.
587 642 664 666 cont.
674 630 760 666 Genr.
773 641 838 675 cap.
852 630 907 679 89.
932 635 1034 676 Atqui
1059 643 1110 667 ne-

235 698 300 731 que
309 685 399 720 calor
409 685 535 728 spiritui
551 683 746 724 adveniens,
774 694 882 726 neque
899 682 1002 717 forma
1022 684 1110 726 spiri-

234 746 307 771 tum
319 735 521 770 constituens
532 735 575 767 est
589 733 784 777 principium
797 733 894 766 vitale
905 733 937 766 &
960 734 1071 767 vivum
1100 746 1107 766 ε

233 785 422 834 Qomodo
435 785 515 829 ergo
529 784 638 819 vitalis
656 784 857 827 operationis
876 783 1029 816 dicuntur
1046 784 1109 817 effe

234 836 461 879 principium-‘⁷
487 835 637 875 Profecto
650 843 756 876 neque
766 831 867 871 redte,
893 844 998 875 neque
1019 832 1109 867 vere.

234 886 368 920 Deinde
378 886 524 919 officium
535 884 708 927 spirituum
715 882 759 916 est
772 893 894 927 organa
909 883 943 916 &
967 883 1109 917 membra

167 933 172 937 ’
233 936 275 972 ad
289 946 416 970 motum
427 937 460 970 &
472 934 599 968 sensum
611 933 751 967 excitare
762 933 796 966 ὃ(
819 931 1014 969 habilitare:
1051 934 1108 967 At·

232 986 292 1028 qui
303 984 517 1024 nihilhorum
541 983 586 1017 est
599 984 806 1018 conformare
826 983 860 1016 ὃς
882 982 1073 1026 organizare
1101 995 1108 1015 :

232 1034 325 1081 Ergo
338 1035 386 1070 hae
397 1035 542 1076 actiones
563 1044 633 1069 non
650 1032 732 1067 bene
754 1032 979 1073 adscribuntur
997 1033 1110 1076 spiriti-

233 1086 316 1120 bus.
344 1086 396 1120 Ac
407 1085 562 1125 tandem,
588 1083 809 1118 conformatio
821 1082 889 1118 fieri
900 1081 995 1116 debet
1015 1083 1034 1117 a
1058 1093 1111 1125 po-

233 1137 336 1170 tentia
351 1136 609 1170 conformativa:
624 1133 728 1177 Atqui
741 1133 850 1166 nullus
862 1132 992 1175 spiritus
1012 1131 1109 1167 habet

232 1186 419 1229 potentiam
432 1185 723 1220 conformativam:
752 1181 841 1226 Ergo
855 1183 962 1216 nulius
983 1183 1111 1224 spiritus

230 1236 337 1278 potest
350 1236 554 1270 conformare
579 1235 614 1269 δε
633 1234 842 1278 organizare,
870 1233 918 1267 uti
939 1231 1087 1276 dicebam
1100 1257 1110 1273 ‚

230 1286 266 1319 ἀ
278 1285 376 1319 latius
393 1285 595 1320 deducebam
606 1284 713 1318 statim
726 1283 815 1327 supra
826 1306 835 1315 .

286 1345 336 1380 14.
362 1335 471 1370 Verba
484 1334 763 1379 Marpurgensium
787 1332 951 1376 sequentia
963 1330 1047 1365 nihil
1060 1342 1109 1375 pe·

230 1394 308 1419 tunt
318 1385 477 1421 diversum
490 1388 508 1419 a
521 1386 584 1429 jam
597 1384 690 1418 distis
700 1408 708 1416 .
736 1384 818 1417 Sunt
830 1393 937 1416 autern
949 1380 1034 1416 haec:
1061 1384 1110 1415 Se·

229 1435 345 1475 cundo,
371 1434 772 1479 ovapiscium&ranarum
784 1441 912 1475 tempore
932 1443 1027 1468 verno
1048 1442 1111 1465 cum

228 1495 310 1527 aqua
322 1487 523 1528 imprudenter
539 1493 648 1527 potata
670 1484 836 1525 aliquando
854 1481 1076 1522 conformantur
1101 1505 1109 1513 .

229 1532 421 1577 Respondes,
446 1536 553 1567 Calore
563 1540 681 1567 interno
691 1531 851 1564 ventriculi
858 1527 986 1574 spiritus
999 1530 1110 1564 vitales

228 1585 276 1616 ad
285 1582 633 1626 istamconformationem
645 1581 849 1622 impelluntur:
883 1580 945 1612 Sed
953 1581 1030 1622 quid
1046 1579 1110 1614 baec

230 1635 268 1667 de
278 1639 350 1670 ovis
352 1633 476 1677 piscium
487 1635 522 1667 et
534 1642 678 1665 ranarum
689 1638 722 1664 ut
738 1628 777 1671 fic
789 1629 801 1662 i
828 1628 916 1662 Ecce
936 1639 1108 1663 accurrunt

230 1683 350 1717 iterum
359 1684 401 1718 ad
411 1684 555 1718 calorem
564 1681 597 1716 &
609 1680 755 1725 spiritum
766 1679 831 1722 jam
845 1677 919 1712 satis
936 1678 1107 1724 impugna-

229 1741 317 1767 tum.
343 1735 530 1778 Sequuntur
542 1732 611 1766 haec
634 1730 750 1765 verba.-
775 1732 894 1771 Tertio,
919 1731 989 1763 ,Ova
999 1729 1106 1768 bomby-

229 1793 294 1816 cum
306 1786 408 1828 infime
418 1790 503 1817 verit
515 1782 740 1824 conformantur
753 1782 786 1814 Θ
798 1784 1012 1824 ονεαηὶζαηων
1030 1778 1108 1822 seip-

223 1832 399 1874 Jisfineulla
410 1832 577 1876 extrinseca
599 1830 783 1864 incubatione
805 1830 855 1868 vel
871 1829 1009 1870 fhtione.
1037 1827 1107 1871 Res-

226 1884 361 1924 pondeo‚
387 1883 422 1915 id
437 1887 597 1924 provenire
607 1882 647 1915 ab
656 1891 724 1914 aere
744 1904 754 1920 ,
775 1888 901 1920 tempore
921 1891 1031 1920 verno,
1061 1889 1109 1912 ca-

229 1933 289 1964 lore
309 1930 382 1973 solis
401 1939 587 1974 temperato,
614 1932 698 1970 cujus
718 1929 853 1971 beneficio
875 1930 909 1962 (tt
921 1927 1109 1971 aliainseda

230 1988 482 2024 progenerantur:
510 1985 612 2025 Fungi
632 1985 798 2019 nimirum,
824 1977 951 2020 muſsa,
988 1977 1107 2021 vespa,

230 2031 295 2064 &c-
318 2030 406 2065 Ecce
417 2031 533 2066 iterum
548 2038 713 2065 recurrunt
725 2029 766 2064 ad
778 2028 934 2063 calorem:
963 2026 1062 2073 idque
1075 2029 1108 2063 fi-

230 2090 274 2115 ne
284 2080 351 2114 ulla
366 2081 583 2126 probatione,
610 2078 762 2120 vocando
783 2080 817 2112 in
842 2077 954 2112 testem
968 2102 980 2118 ,
1017 2090 1110 2122 expe-

228 2130 398 2174 rientiam,
426 2130 553 2165 Verum
563 2131 604 2163 de
614 2127 810 2170 hujustestis
818 2128 1012 2160 testimonio
1036 2129 1109 2162 satis

228 2178 371 2224 estjam,
397 2179 566 2225 plusquam
578 2178 670 2214 satis.
700 2176 822 2211 Eamus
831 2175 872 2211 ad
894 2176 1080 2224 sequentia,

383 2252 757 2317 c'AoUT
846 2273 933 2315 ax.

280 2381 491 2413 Examinatur
514 2382 691 2422 oppugnatio
711 2388 784 2411 meae
807 2379 952 2418 opinionis
973 2379 1050 2408 circa

480 2429 608 2472 caussam
624 2427 840 2470 principalem.

231 2489 263 2516 1·
283 2505 286 2507 -
342 2479 397 2515 Ta
407 2478 488 2523 ergo
499 2480 722 2513 dicunttNunc
734 2477 816 2510 nobis
829 2477 865 2508 de
877 2475 1111 2518 cauffaauenam

232 2541 237 2558 ι
364 2529 417 2562 illa
430 2528 469 2570 fit
481 2553 492 2569 ,
511 2526 735 2571 dispiciendum
748 2551 756 2560 .
783 2531 850 2559 Nos
871 2524 1111 2567 conformationis

229 2581 355 2621 caussam
358 2580 555 2620 principalem
566 2573 698 2609 creatam
706 2577 835 2614 dicimus
847 2574 897 2617 effe
909 2581 1043 2608 animam
1050 2576 1110 2619 gal-

229 2631 302 2665 iina-
312 2652 322 2668 ,
342 2626 408 2669 five
418 2624 618 2669 absentisfive
626 2623 786 2669 pra-sentis
798 2637 807 2667 ;
833 2626 960 2668 eauffam
972 2627 1042 2658 vero
1067 2630 1110 2658 in=

225 2678 448 2719 strumentalem
458 2676 584 2708 dicimus
591 2674 642 2717 effe
651 2673 769 2716 spiritus
784 2675 896 2707 vitales
908 2677 940 2706 in
951 2674 1113 2717 ovofecun·

230 2730 268 2761 do
280 2729 554 2760 contentos.contra
565 2723 639 2758 hanc
651 2724 814 2757 dodi-inam
826 2723 1111 2768 quidam-insurgens

228 2788 329 2812 omnes
336 2775 403 2820 fisos
417 2787 524 2810 nervos
549 2774 677 2808 intendit
690 2799 701 2815 ‚
725 2782 757 2806 ut
781 2772 866 2812 nobis
888 2774 1013 2815 caussam
1033 2785 1111 2808 crea-

230 2837 296 2862 tam
305 2828 503 2869 principalem
513 2850 525 2867 ‚
551 2835 640 2867 quam
653 2829 786 2857 animam
791 2823 920 2867 gallinae
932 2823 1065 2856 diximus
1090 2848 1102 2862 ,

226 2876 398 2922 surripiat3
425 2885 515 2918 atque
536 2881 672 2908 animam
695 2885 749 2908 ovo
772 2872 943 2915 infidentem
956 2895 967 2911 ‚
986 2876 1109 2916 praedi-

229 2929 365 2970 &amque
377 2926 636 2968 conformationem
650 2931 821 2965 operantem
841 2925 905 2964 ejus
929 2924 986 2956 loco
1012 2923 1110 2963 consti·

228 2986 298 3011 tuat
313 3003 320 3010 .
349 2981 480 3010 Errores
492 2974 631 3018 decaussa
645 2973 858 3014 instrumentali
870 2984 937 3006 mox
949 2979 1040 3006 etiam
1062 2980 1108 3006 in·

229 3026 437 3071 dignabuntur
450 3039 459 3069 ;
486 3029 579 3059 Nunc
591 3032 767 3068 argumenta
777 3024 813 3055 de
824 3023 1106 3066 cauffa'principali.

230 3079 368 3110 Primum
379 3091 390 3111 .·
417 3081 491 3110 Non
503 3083 593 3110 vacat
613 3080 727 3118 exiguis
745 3073 831 3106 rebus
847 3072 941 3116 adesse
956 3077 988 3118 J
990 3085 1076 3108 ovem
1095 3098 1102 3107 .

231 3129 311 3160 Deus
324 3127 400 3160 hdie
405 3125 529 3169 septimo
540 3150 550 3166 ,
574 3136 628 3168 quo
637 3129 784 3166 requievit
794 3122 834 3155 ab
859 3132 945 3165 opere
965 3122 1016 3167 suo
1027 3148 1038 3165 ,
1065 3137 1105 3158 or·

232 3179 371 3209 dinarias
382 3186 479 3209 rerum
494 3175 697 3221 generationes
709 3183 767 3206 non
787 3178 943 3215 exequitur
959 3182 1017 3216 per
1035 3173 1069 3217 se
1094 3200 1104 3215 ‚

1920 122 2009 167 335

1170 193 1218 220 nis
1231 187 1365 230 afflgnare
1376 189 1511 231 aliquam
1532 189 1657 232 cauffam
1662 191 1857 234 principalem
1878 201 2008 233 creatam
2032 209 2054 237 2v

1171 243 1244 271 Haec
1255 242 1364 280 quippe
1372 242 1555 281 organizatio
1566 250 1622 272 non
1633 241 1671 280 est
1693 242 1768 274 aelio
1792 241 1943 282 hetroclyta
1955 269 1965 283 ,
1986 243 2045 287 sed

1169 298 1259 328 quam
1272 289 1404 320 maxime
1423 289 1580 320 ordinaria
1592 310 1600 318 .
1626 290 1794 332 Respondeo
1806 306 1818 326 .-
1843 294 1922 335 ,ραι
1940 292 2044 337 seque.

1169 338 1200 370 la
1211 360 1221 376 ,
1246 339 1326 373 Deus
1339 348 1396 370 non
1405 337 1443 376 est
1454 336 1550 378 cauffa
1562 336 1652 378 hujus
1675 341 1914 382 conformationis
1931 350 2043 385 princi·

1167 388 1248 429 palis
1260 394 1378 419 creata:
1407 390 1487 430 Ergo
1494 389 1599 420 anima
1607 393 1659 420 ovi
1669 387 1685 417 ἓ
1710 393 1845 425 Ridicula
1858 417 1865 424 .

1218 447 1251 482 ᾳ.
1278 436 1456 472 pausemus
1477 437 1530 470 hic
1555 447 1682 480 parurn-
1710 438 1859 475 Profesto
1878 442 2042 477 reeriffime

1169 498 1222 521 me
1245 487 1279 519 in
1302 487 1448 531 Epistola
1473 487 1574 522 vestra
1596 487 1637 520 de
1658 487 1811 523 modestia
1828 493 1861 525 &
1884 493 2041 535 patientia

1169 536 1358 570 monuistis:
1388 538 1475 570 Nam
1487 548 1611 580 quanto
1622 538 1894 581 meimpatientiae
1914 553 1950 575 ac
1974 543 2040 576 im-

1169 587 1333 621 modestiae
1344 587 1488 631 periculo
1501 587 1664 620 hincinde
1675 590 1894 631 exposueratis
1905 615 1916 630 ,
1941 603 2040 634 quam

1168 637 1294 679 optime
1305 639 1484 672 noveratis.
1513 637 1774 680 Servaboitaque
1791 640 1901 683 egoin
1926 642 2038 675 voluu-

1170 698 1236 721 tate
1249 698 1319 722 mea
1331 687 1521 721 modestiam
1533 698 1570 720 ac
1582 686 1770 729 patientiam
1784 700 1793 729 ς
1821 689 1905 722 circa
1928 701 1985 724 vos
1998 702 2042 724 ta-

1170 748 1244 770 men
1258 749 1326 771 non
1338 737 1553 771 intermittam
1567 738 1805 772 misericordem
1817 738 2019 775 severitatem
2031 764 2043 783 ‚

1170 787 1203 820 ὃς
1213 787 1352 821 severam
1364 787 1615 825 misericordiam
1626 810 1634 818 .
1654 786 1743 820 Nam
1761 811 1772 827 ,
1785 787 1877 830 juxta
1890 790 2043 825 Sanctum

1173 837 1394 881 Augu-stinum
1410 836 1544 880 Epistol.
1555 848 1585 883 5.
1612 838 1766 879 Praecepta
1787 836 1841 877 ista
1854 861 1866 878 ,
1893 839 2043 874 videlicet

1171 888 1378 930 patientiae&
1401 887 1563 921 modestiae
1575 909 1586 925 ,
1612 892 1707 930 magis
1731 888 1776 920 ad
1790 894 2045 929 praeparationem

1170 937 1265 969 cordis
1278 961 1289 976 ‚
1315 942 1473 979 quaeintus
1485 936 1542 976 est,
1566 942 1717 977 pertinere
1730 961 1741 977 ‚
1766 949 1857 980 quam
1870 939 1914 971 ad
1932 946 2005 980 opus
2030 962 2043 978 ,

1170 988 1251 1028 quod
1260 991 1292 1019 in
1302 986 1448 1029 apertofit
1460 1010 1471 1026 ‚
1493 995 1672 1020 iat-teneatur
1692 993 1726 1019 in
1741 986 1853 1029 secreto
1876 994 1971 1021 animi
1985 997 2046 1030 pa-

1172 1041 1280 1069 tientia
1289 1047 1354 1069 cum
1367 1037 1570 1071 benevolentia
1582 1062 1593 1078 ‚
1620 1042 1651 1068 in
1662 1036 1813 1076 manifesto
1822 1047 1921 1071 autem
1931 1039 1967 1071 id
1972 1038 2053 1080 fiat,v

1169 1087 1251 1128 quod
1259 1091 1302 1120 eis
1314 1087 1432 1119 videtur
1439 1087 1567 1128 prodesse
1577 1086 1661 1128 poffe,
1697 1087 1805 1128 quibus
1819 1087 1890 1120 bene
1906 1090 1981 1121 velle
1994 1090 2044 1121 de-

1171 1137 1290 1169 bemus:
1320 1134 1386 1169 binc
1396 1137 1511 1177 liquido
1523 1136 1682 1175 ostenditur
1693 1161 1704 1176 ‚
1730 1137 1806 1178 quod
1815 1135 1877 1180 ipse
1900 1140 2041 1171 Dominus

1171 1186 1309 1230 JESUS
1333 1187 1499 1228 exemplum
1508 1185 1839 1230 fingularepatientiae‚
1867 1198 1930 1220 cum
1938 1195 2043 1229 percu-

1170 1243 1276 1269 teretur
1287 1236 1441 1277 infaciem
1451 1260 1462 1276 ,
1488 1234 1653 1278 respondit:
1681 1237 1800 1270 simale
1823 1238 1891 1270 dixi
1903 1261 1913 1275 ‚
1942 1246 2058 1279 exproffl

1171 1285 1226 1318 bra
1239 1287 1274 1320 de
1285 1287 1362 1319 malo
1372 1299 1386 1328 ;
1405 1285 1435 1327 fi
1442 1295 1540 1319 autem
1550 1286 1623 1319 bene
1636 1310 1646 1327 ,
1675 1287 1753 1328 quid
1771 1297 1815 1319 me
1836 1287 1926 1320 caedts
1938 1287 1955 1318 ἒ
1984 1291 2016 1320 N
2020 1299 2050 1320 e-

1170 1346 1318 1378 quaquam
1329 1336 1422 1379 igitur
1434 1344 1619 1378 praeceptum
1631 1334 1719 1378 suum
1731 1359 1742 1375 ‚
1760 1334 1790 1376 fi
1809 1335 1904 1369 verba
1933 1332 2056 1370 in'tuea-¹

1170 1397 1258 1427 mur,
1283 1387 1424 1428 implevit
1447 1398 1455 1418 :
1495 1391 1601 1428 Neque
1623 1391 1702 1419 enim
1720 1384 1849 1427 praebuit
1867 1391 2056 1428 percutienti*

1173 1436 1301 1470 alteram
1307 1444 1428 1478 par-tene
1437 1461 1448 1476 ,
1470 1434 1494 1478 s
1488 1438 1528 1469 ed
1533 1436 1635 1478 potius
1643 1435 1796 1478 probibuit
1813 1461 1823 1476 ,
1849 1447 1888 1470 ne
1899 1441 1950 1479 qui
1966 1436 2054 1477 fece-⁴

1170 1493 1219 1519 rat
1233 1510 1244 1526 ,
1270 1488 1419 1527 injuriam
1430 1496 1571 1529 augeret:
1599 1489 1645 1519 Et
1656 1495 1757 1519 tamen
1766 1493 1897 1527 paratus
1918 1495 2047 1521 venerat

1170 1534 1329 1578 nonfhlum
1350 1542 1382 1569 in
1397 1535 1511 1577 faciem
1528 1542 1665 1578 percuti,
1691 1536 1796 1570 verim
1816 1540 1907 1568 etiam
1916 1544 1973 1578 pro
2000 1535 2048 1568 bi,⁴

1170 1595 1279 1626 quoque
1289 1608 1300 1624 ‚
1328 1586 1348 1617 a
1359 1585 1466 1626 quibus
1478 1584 1540 1616 baec
1549 1585 1723 1624 patiebatur
1734 1609 1744 1623 ,
1770 1585 1930 1625 crucifixus
1939 1587 2047 1626 occidi,
2101 1623 2105 1627 ζ

1167 1643 1224 1675 pro
1233 1634 1341 1675 quibus
1354 1639 1399 1666 ait
1410 1637 1442 1673 ip
1454 1637 1545 1666 eruce
1552 1634 1687 1674 pendens
1700 1656 1709 1671 ‚
1738 1634 1831 1666 Pater
1842 1633 1956 1676 ignosce
1968 1635 2050 1675 illis,

1171 1685 1246 1726 quia
1259 1680 1389 1724 nesciunt
1402 1706 1413 1722 ‚
1438 1683 1512 1723 quid
1513 1681 1636 1722 faciunt
1643 1706 1655 1721 ,
1681 1682 1742 1715 &c-
1754 1684 1829 1715 Sunt
1837 1685 1903 1725 ergo
1916 1682 1969 1722 ista
1977 1692 2048 1724 pre·

1171 1740 1257 1774 cepta
1264 1736 1423 1775 patientia
1430 1730 1546 1775 semper
1568 1738 1600 1764 in
1620 1732 1718 1764 cordis
1734 1737 1957 1773 praeparatione
1978 1738 2055 1767 retia

1172 1784 1291 1821 nenda,
1316 1780 1439 1826 ipsaque
1447 1781 1653 1815 benevolentia
1666 1805 1676 1821 ‚
1703 1792 1739 1814 ne
1759 1782 1907 1814 reddatur
1930 1784 2057 1827 malum·

1167 1840 1224 1874 pro
1234 1833 1311 1865 malo
1322 1855 1333 1872 ‚
1354 1830 1471 1875 semper
1480 1838 1515 1864 in
1527 1834 1683 1866 voluntate
1692 1832 1861 1873 complenda
1871 1832 1910 1872 est
1923 1857 1932 1865 .
1960 1838 2053 1876 ngen->

1171 1883 1214 1917 da
1230 1880 1304 1924 sunt
1326 1891 1425 1915 autem
1445 1883 1562 1921 multa,
1586 1886 1679 1914 etiam
1701 1892 1766 1914 cum
1788 1886 1897 1915 invitis
1922 1882 2052 1927 benigna

1171 1932 1300 1975 quadam
1310 1929 1347 1974 as
1341 1936 1474 1973 peritate
1477 1931 1642 1973 plefflen‘dis
1656 1955 1667 1970 ,
1693 1942 1816 1974 quorum
1823 1933 1926 1974 potius
1934 1934 2051 1965 utilitas

1171 1988 1196 2016 ti
1206 1981 1414 2025 consulendum
1425 1981 1463 2022 eli
1473 1992 1563 2024 quam
1570 1982 1720 2015 voluntati
1732 2006 1743 2023 ‚
1764 1981 1826 2016 &a
1840 1982 1980 2017 Servabo
1993 1983 2051 2021 itae

1171 2044 1235 2076 que
1245 2043 1308 2077 ego
1323 2032 1357 2066 in
1370 2032 1542 2069 voluntate
1550 2043 1622 2067 mea
1632 2042 1706 2076 erga
1719 2043 1776 2065 vos
1788 2031 2052 2072 benevolentiam

1172 2083 1207 2116 ὅ(
1230 2083 1454 2125 Ριῑὶεωίαωζ
1474 2094 1578 2126 neque
1604 2092 1714 2117 tamen
1736 2081 1889 2116 omittam
1910 2083 2050 2118 mixtam

1174 2142 1248 2164 eum
1261 2131 1427 2164 severitate
1438 2131 1690 2165 misericordiam
1701 2156 1709 2164 .
1738 2131 1849 2176 Agitis
1859 2131 1960 2167 modo
1971 2143 2051 2167 cum

1175 2178 1277 2213 verbis
1289 2190 1365 2218 meae
1377 2180 1405 2212 A
1411 2179 1554 2224 pologiae
1567 2204 1579 2220 ,
1605 2181 1653 2215 uti
1663 2189 1759 2225 agere
1767 2181 1876 2215 soletis
1886 2193 1963 2216 cum
1985 2193 2052 2216 ver·

1175 2229 1224 2262 bis
1236 2228 1354 2262 divinae
1364 2229 1542 2270 scripturae:
1569 2229 1606 2262 ld
1615 2229 1660 2262 est
1673 2252 1684 2267 ‚
1711 2239 1768 2271 yos
1781 2226 1836 2263 illa
1854 2231 2014 2265 mutilatis
2039 2255 2053 2273 ,

1173 2277 1330 2315 alteratis,
1359 2277 1481 2309 vitiatis
1496 2301 1503 2308 .
1533 2276 1643 2320 Agitis
1653 2287 1729 2310 cum
1749 2287 1821 2311 mea
1844 2279 2012 2324 Apologia
2038 2305 2052 2322 ,

1175 2327 1221 2361 uti
1235 2325 1415 2369 antiquitus
1427 2336 1574 2368 tempore
1585 2326 1785 2360 Tertulliani
1799 2325 1940 2370 ag'ebant
1961 2330 2053 2364 Gen—

1175 2377 1247 2413 tiles
1259 2388 1333 2411 cum
1346 2386 1414 2410 tota
1426 2374 1613 2410 Christiana
1637 2375 1792 2410 Ecclefia.
1820 2378 1962 2421 Fingitis
1986 2390 2053 2413 ma-

1175 2427 1220 2460 las
1231 2426 1503 2470 consequentia,
1528 2426 1561 2460 δε
1578 2426 1672 2460 falsas
1694 2436 1732 2460 ac
1753 2424 1903 2465 absurdas
1925 2429 2052 2464 senten·

1175 2478 1255 2516 tias,
1283 2477 1399 2519 easque
1411 2475 1674 2519 meaeApologiae
1687 2475 1863 2510 attribuitis
1881 2501 1892 2517 ,
1918 2478 1953 2511 δε
1974 2488 2048 2513 toto

1176 2527 1298 2570 impetu
1310 2527 1445 2570 arguitis
1457 2551 1465 2558 .
1492 2525 1552 2558 Ast
1564 2523 1664 2568 quid?
1692 2526 1843 2570 Arguitis
1855 2538 1922 2562 non
1940 2539 2048 2562 meam

1178 2576 1379 2621 Apologiam
1395 2600 1405 2616 ,
1432 2575 1484 2609 sed
1498 2574 1631 2609 vestram
1643 2571 1895 2611 criminatricem
1915 2576 2048 2621 phanta-

1174 2627 1270 2659 fiam.
1299 2625 1372 2660 Ubi
1385 2636 1449 2670 ego
1458 2625 1521 2659 feci
1543 2624 1629 2659 hanc
1652 2625 1723 2660 vere
1747 2625 1917 2661 ridiculam
1938 2629 2047 2663 conse-

1174 2676 1343 2720 quentiam
1356 2700 1367 2715 ‚
1394 2677 1485 2709 Deus
1499 2687 1567 2709 non
1580 2675 1625 2709 est
1637 2675 1741 2708 cauffo
1764 2686 1870 2710 creata
1893 2679 1950 2711 ovi
1973 2689 2049 2711 con-

1175 2725 1367 2760 formativa:
1396 2723 1483 2770 Ergo
1494 2724 1550 2759 illa
1562 2725 1666 2759 caussa
1678 2725 1723 2759 est
1739 2726 1795 2759 ovi
1812 2725 1942 2759 anima?
1970 2727 2049 2762 Pro-

1174 2775 1256 2811 fecto*
1275 2775 1395 2809 nullibi
1420 2799 1427 2807 .
1465 2775 1552 2809 Ecce
1574 2775 1842 2818 consequentiam
1865 2800 1876 2816 ‚
1911 2786 2049 2820 eamque

1175 2826 1295 2860 bonam
1309 2837 1347 2859 ac
1367 2824 1549 2869 legitimam
1566 2838 1574 2857 :
1600 2826 1715 2860 Caussa
1737 2827 1794 2858 ovi
1813 2824 2050 2861 conformativa

1173 2875 1270 2910 debet
1282 2876 1344 2909 effe
1364 2877 1468 2909 causta
1489 2885 1612 2909 creata:
1642 2876 1747 2918 Atqui
1771 2886 1837 2909 non
1860 2876 1962 2917 potest
1987 2877 2050 2910 esse

1173 2926 1235 2960 alia
1247 2936 1345 2970 quam
1367 2926 1477 2959 anima
1497 2926 1574 2959 ovi:
1601 2924 1720 2968 Neque
1742 2927 1831 2958 enim
1853 2925 1916 2958 effe
1940 2925 2046 2968 potest

1174 2976 1221 3010 sol
1232 2985 1288 3011 aut
1308 2975 1396 3010 aliud
1415 2976 1533 3010 astrum
1547 2999 1558 3015 ,
1585 2985 1689 3017 neque
1710 2975 1798 3009 calor
1817 2975 1958 3015 fovens,
1995 2987 2049 3009 ne-

1171 3037 1235 3071 que
1246 3024 1538 3066 aercircumstans,
1567 3035 1672 3068 neque
1683 3025 1787 3059 forma
1810 3024 1890 3064 ovi,
1918 3025 2048 3068 qualem

1171 3077 1263 3119 ponit
1275 3075 1442 3110 Carrerius
1455 3100 1466 3116 ,
1495 3076 1674 3109 inanimata
1687 3099 1698 3114 ‚
1725 3086 1829 3116 neque
1841 3074 1957 3118 aliquis
1977 3075 2048 3110 An-

1169 3126 1280 3170 gelus,
1309 3125 1553 3168 nequeanima,
1581 3136 1685 3167 neque
1698 3124 1848 3167 spiritus,
1876 3136 1979 3167 neque
1992 3135 2043 3159 ca·

1168 3176 1218 3210 lor
1240 3175 1371 3220 gallinas
1395 3174 1583 3209 incubantis
1606 3199 1616 3215 ,
1651 3174 1710 3207 &c.
1740 3173 1828 3218 Ergo
1863 3174 1958 3209 debet
1981 3176 2043 3210 effe

229 3226 286 3270 sed
304 3234 358 3268 per
381 3226 489 3268 cauffas
511 3225 653 3268 secundas
666 3225 710 3257 ad
728 3223 762 3256 id
787 3223 1057 3267 officiiagenduma
1074 3223 1105 3267 se
1167 3237 1268 3260 ovum
1281 3225 1462 3259 informans
1485 3225 1614 3258 anima:
1640 3223 1743 3266 Cujus
1762 3234 1881 3258 munus
1903 3223 1949 3258 est
1973 3235 2042 3259 non

227 3285 366 3314 creatas:
393 3277 461 3310 ideo
471 3281 549 3308 enim
559 3278 619 3310 illis
630 3276 711 3309 dixit
723 3297 735 3314 ‚
760 3271 888 3316 Crescite
900 3276 933 3307 (tt
960 3276 1105 3317 multipli-

230 3331 342 3362 camini
353 3325 506 3367 &replete
515 3332 622 3358 terram
633 3351 640 3358 .
670 3328 801 3366 Perquae
813 3322 909 3357 verba
920 3323 1004 3356 rebus
1025 3336 1101 3358 crea·

229 3382 272 3410 eis
284 3380 451 3418 potentiam
455 3381 665 3418 generativam
686 3375 822 3408 collatam
841 3374 893 3417 effe
913 3380 1102 3408 communiter

231 3428 359 3461 tradunt
369 3424 542 3466 expofitores
555 3448 563 3455 .
589 3428 709 3466 oportet
722 3426 786 3467 ergo
797 3422 887 3462 huius
910 3430 1104 3469 organizatio-

280 3502 284 3504 .
332 3474 438 3516 Christ:
466 3477 545 3518 Lupi
572 3478 670 3516 Opera
693 3478 771 3508 Tom-
791 3475 862 3511 XII.

1167 3286 1219 3309 tan
1225 3285 1294 3309 tum
1304 3285 1403 3308 ovum
1416 3274 1591 3308 informare
1604 3286 1615 3315 ,-
1628 3273 1680 3307 sed
1695 3274 1729 3308 ἀ
1740 3275 1943 3309 conformare
1952 3274 1986 3309 &
1998 3286 2047 3309 or·

1168 3326 1317 3369 ganizare
1327 3350 1334 3357 .
1362 3325 1443 3358 Haec
1456 3323 1687 3367 consequentia
1699 3323 1744 3357 est
1757 3323 1843 3358 bona
1855 3348 1867 3364 ,
1877 3324 1910 3359 &
1921 3324 1938 3359 a
1953 3324 2045 3360 vobis

1168 3387 1246 3418 neq,·
1265 3384 1451 3418 expugnata
1464 3398 1475 3414 ,
1502 3385 1607 3417 neque
1617 3383 1806 3418 oppugnata
1815 3399 1823 3409 .
1851 3374 1942 3408 Dum
1966 3373 2044 3417 ergo

1167 3425 1266 3460 aliam
1277 3424 1403 3471 fingitis
1413 3449 1426 3466 ,
1450 3425 1485 3459 &
1495 3423 1579 3458 mihi
1601 3423 1778 3468 appingitis
1787 3448 1799 3466 ‚
1820 3422 1972 3466 ,nunquid
1995 3422 2044 3454 in·

1588 3475 1616 3509 F
1625 3474 1644 3508 f
1690 3487 1715 3513 2
1884 3471 1993 3513 juriari
