2384 3770
426 114 521 159 31⁰
942 97 1262 144 Secr-

381 178 491 218 rniunt
504 206 515 222 ,
537 182 684 220 otiantur
703 207 715 225 ‚
738 183 774 218 δε
794 183 899 222 vivere
911 185 998 229 quasi
1020 184 1184 223 desinunt.
1216 182 1263 219 At

382 232 459 266 vero
470 231 666 269 adventante
677 245 768 276 vere,
795 235 851 269 ubi
864 235 881 268 a
895 235 1029 272 vivifico
1040 236 1149 273 calore
1160 234 1239 269 solis
1251 259 1262 276 ,

378 282 561 328 tepidisque
574 296 743 325 vernarum
765 286 911 321 nostium
938 287 1056 330 pluviis
1077 298 1114 320 ac
1135 285 1263 323 roribus

378 332 506 374 foveri,
531 333 731 376 humectari,
758 348 795 371 ac
808 336 950 379 tepefieri
962 336 1148 380 incipiunt,
1176 337 1258 370 som-

377 393 460 416 num
485 385 576 419 simul
597 397 672 421 cum
696 386 769 420 otio
790 386 964 420 excutiunt
987 399 995 418 :
1033 386 1222 423 Germiaare
1249 410 1260 426 ,

378 432 604 475 frondificare,
629 436 821 475 florificare,
850 435 986 479 aliisque
1007 436 1260 481 organizationi·

378 481 439 516 bus
452 485 516 519 sese
527 486 628 529 polire
638 487 671 524 ὃς
682 498 797 525 ornare
808 485 1092 532 denuojncipiunt
1104 512 1112 521 .
1140 487 1259 522 Simili-

373 542 422 566 ter
434 535 470 567 fit
483 537 517 569 in
529 547 707 579 ov0;ovum
721 535 791 569 vere
807 533 904 569 habet
918 537 1075 577 animam:
1088 538 1150 575 Sed
1163 537 1258 580 quid?

376 582 502 622 Anima
514 584 615 629 sopita
630 586 674 619 est
684 609 695 624 ,
720 586 791 619 alto
805 585 959 628 premitur
972 587 1085 630 sopore
1098 611 1109 628 ,
1131 588 1256 630 operati

374 644 444 667 non
470 635 589 677 potest.
621 635 727 669 Debet
739 646 839 670 ovum
862 637 1004 680 tepefieri
1016 648 1054 671 ac
1075 637 1217 677 calefieri
1245 663 1254 672 .

375 683 479 736 Qod
492 685 546 717 ubi
560 685 743 728 incaeperit,
769 696 849 720 tunc
872 687 984 721 anima
1006 689 1136 732 exurgit
1150 713 1160 730 ,
1185 687 1255 722 otia

372 733 556 777 abrumpit,
583 735 900 773 &conformationis
923 748 1005 781 opus
1022 738 1147 781 operari
1169 737 1255 772 iuci-

373 784 443 828 pit.
471 785 550 826 Hoc
561 795 641 829 ergo
651 786 740 819 calor
749 785 880 830 gallinae
900 787 1023 830 praestat
1041 799 1129 829 ovo,
1165 788 1253 832 quod

370 833 461 867 calor
470 835 546 868 solis
559 836 682 878 praestat
695 834 883 878 arboribus,
910 837 1063 878 herbis&
1075 849 1185 877 earum
1211 840 1252 872 se-

371 883 539 921 minibus:
568 885 774 928 Atquicalor
787 887 863 923 solis
876 887 931 922 illa
954 900 1023 923 non
1043 889 1212 934 organizat
1240 902 1251 932 ‚-

368 933 423 966 sed
438 933 649 973 solummodo
661 937 785 973 animas
795 949 910 973 eorum
934 939 975 972 ad
994 939 1253 983 organizationis

367 983 687 1026 opusinchoandum
708 987 852 1022 excitat:
882 989 973 1034 Ergo
996 989 1142 1027 similiter
1162 990 1251 1023 calor

367 1033 514 1076 gallinae,
543 1036 630 1070 furni
645 1037 696 1071 vel
707 1037 810 1074 fimeti
834 1049 935 1075 ovum
960 1050 1026 1073 non
1040 1039 1211 1085 organizat
1237 1052 1250 1082 ;

368 1082 419 1116 sed
433 1083 643 1121 solummodo
652 1088 798 1127 animam
809 1100 875 1124 ovo
895 1089 1089 1125 insidentem
1108 1090 1148 1124 ad
1168 1101 1250 1134 opus

367 1133 452 1168 istud
465 1134 690 1171 inchoandum
703 1139 823 1173 excitat
836 1163 844 1171 .

418 1192 475 1220 21.
489 1185 536 1227 ⁴!ss
547 1189 721 1229 quidemn?
749 1188 841 1224 Novi
855 1199 919 1233 ego
931 1187 1084 1229 homines
1107 1191 1248 1227 ovoani-

364 1243 534 1270 mamtam
545 1238 704 1272 malevole
717 1239 920 1278 invidentes,
945 1251 981 1274 ut
995 1237 1036 1274 ne
1058 1240 1150 1274 illam
1173 1252 1248 1278 con-

365 1285 451 1319 fiteri
483 1288 746 1330 compellantur,
772 1300 876 1325 totam
912 1290 1064 1324 arborum
1077 1315 1088 1334 ‚
1123 1291 1247 1332 planta·

365 1346 455 1377 rum,
482 1348 519 1370 ac
533 1337 692 1373 seminum
705 1339 988 1383 organizationem
1001 1342 1019 1375 a
1033 1351 1132 1375 verno
1144 1341 1211 1375 sole
1238 1365 1250 1384 ‚

364 1384 495 1429 ejusque
508 1388 642 1426 vivifico
661 1389 771 1423 calore
791 1390 996 1433 proficisci&
1018 1390 1248 1428 efficieredant

362 1434 397 1471 ὄρ
410 1436 640 1478 profiteantur.
669 1439 730 1473 Sed
746 1449 781 1473 tu
793 1440 944 1475 Cardane
954 1442 1209 1484 compesceillos
1238 1465 1251 1482 ,

364 1486 534 1520 confunde
559 1488 632 1521 illos
657 1503 667 1523 .-
704 1488 876 1535 indignam
896 1492 986 1525 enim
1007 1489 1249 1536 philosophiam

363 1535 463 1570 nobis
473 1536 646 1574 obtrudere
668 1551 848 1574 conantur.
877 1542 1048 1575 Car-danus
1069 1541 1178 1585 itaque
1195 1542 1248 1580 llb.

363 1595 396 1630 4.
407 1583 528 1627 subtili}
539 1610 547 1619 .
574 1588 672 1621 tradit
686 1588 784 1623 nobis
799 1590 884 1624 viam
898 1602 936 1624 ac
949 1589 1142 1630 methodum
1154 1615 1164 1631 ‚
1186 1604 1249 1636 qua

364 1637 546 1674 brumalem
560 1635 645 1671 horti
655 1639 703 1670 tui
717 1649 825 1674 aerem
839 1662 850 1678 ,
876 1641 986 1684 eisque
999 1641 1162 1684 rigentem
1189 1651 1250 1674 ter-

363 1696 430 1719 ram
447 1686 490 1718 ita
503 1685 687 1720 humectare
697 1697 734 1721 ac
754 1689 934 1731 tepefacere
958 1689 1063 1723 valeas
1080 1713 1090 1728 ,
1118 1699 1155 1723 ut
1179 1700 1251 1726 om-

363 1735 500 1776 nescius
521 1734 623 1770 herbae
646 1738 823 1774 frondeant
845 1763 856 1777 ,
884 1738 1044 1779 floreant,
1074 1751 1111 1774 ac
1136 1740 1252 1785 germi-

364 1796 445 1820 nent
460 1796 526 1819 non
548 1787 656 1820 minus
674 1788 706 1821 in
718 1788 823 1832 rigida
838 1787 979 1831 hyeme,
1005 1800 1105 1832 quam
1127 1792 1160 1823 in
1174 1790 1253 1832 tepi-

365 1835 406 1870 da
428 1834 533 1869 aestate
548 1861 555 1867 .
583 1837 695 1884 Qam
718 1850 820 1872 artem
844 1839 973 1874 videtur
993 1840 1094 1873 etiam
1130 1840 1254 1873 novisse

366 1886 520 1920 Entellus
536 1886 607 1926 ille,
634 1888 725 1930 cujus
736 1886 895 1927 hortum,
925 1898 960 1922 ut
983 1887 1093 1922 scribit
1115 1890 1255 1924 Martia-

368 1936 408 1970 lis
418 1936 466 1969 lib.
483 1934 513 1973 8.
525 1938 682 1980 Epigram.
698 1948 767 1972 tota
778 1935 901 1981 hyeme
913 1940 1135 1983 germinantes
1148 1940 1256 1978 acfru-

369 1986 548 2020 &ficantes
562 1988 765 2022 exornabant
779 1990 899 2023 vineae.
929 1989 1012 2023 Item
1025 1989 1107 2031 mibi
1119 1987 1185 2024 haec
1207 1989 1255 2023 di-

368 2038 469 2071 stanti
482 2037 514 2070 in
533 2039 726 2078 memoriam
741 2041 830 2073 venit
842 2038 998 2073 industria
1013 2038 1198 2074 nostrorum
1223 2039 1256 2073 in

368 2085 523 2123 Flandria
536 2087 721 2127 villicorum
733 2113 744 2127 ‚
771 2089 989 2131 quiarborum
1001 2111 1014 2127 ,
1039 2090 1258 2130 omniumque

370 2137 541 2171 herbarum
553 2139 829 2181 germinationem
839 2158 849 2177 a
862 2136 1160 2170 frondificationem
1172 2161 1182 2177 ‚
1197 2137 1259 2177 flo-

373 2187 593 2221 rificationem
614 2209 626 2226 ‚
651 2198 689 2220 ac
709 2185 996 2224 frustificationem
1020 2186 1164 2229 apposita
1186 2186 1258 2221 vira

374 2236 463 2271 calce
486 2245 607 2269 norunt
629 2246 699 2268 non
720 2233 930 2268 solummodo
950 2235 1127 2269 accelerare
1155 2258 1167 2274 ,
1204 2235 1258 2269 sed

375 2287 476 2321 etiam
486 2283 855 2319 excitare&inchoare.
882 2284 1039 2320 Similiter
1062 2284 1222 2318 hordeum
1247 2307 1258 2324 ,

375 2335 546 2372 triticum,
571 2332 700 2375 aliaque
713 2333 829 2368 similia
852 2333 997 2377 semina,
1023 2335 1046 2368 fi
1067 2334 1263 2383 rigidiffimo

375 2386 475 2427 etiarn
490 2382 618 2428 hyemis
629 2394 777 2425 tempore
791 2386 823 2416 in
838 2384 952 2427 tepido
974 2384 1181 2427 hypocausta
1209 2395 1264 2428 po-

378 2446 497 2470 nantur
510 2458 521 2475 ,
547 2433 657 2478 ibique
671 2433 918 2474 humeQentun
944 2447 982 2468 ae
993 2446 1075 2478 aqua
1097 2436 1264 2479 aspergan-

378 2497 451 2525 tur,
479 2484 588 2518 statim
623 2484 828 2528 germinare,
856 2496 894 2518 ac
923 2485 1066 2522 vitaliter
1101 2486 1265 2528 incipient

380 2535 504 2580 operari
519 2559 527 2567 .
554 2533 662 2570 Unde
673 2545 789 2568 vernus
801 2535 836 2568 δε
846 2533 972 2571 aestivus
984 2535 1031 2569 sol
1043 2536 1161 2579 plantis
1174 2535 1208 2575 ὃς
1220 2546 1266 2569 ar·
1289 2554 1291 2556 -

381 2586 516 2622 boribus
531 2584 615 2619 nihil
626 2586 750 2618 confert
763 2585 906 2628 amplius
917 2609 926 2624 ,
953 2596 1051 2628 quam
1063 2586 1211 2620 conferat
1226 2587 1267 2618 il-

382 2638 423 2675 lis
433 2646 483 2669 ars
494 2634 705 2669 Cardaniaut
719 2635 864 2670 Entelli:
892 2635 1006 2684 Qam
1026 2635 1174 2670 conferat
1199 2636 1265 2672 illis

385 2688 459 2720 viva
470 2686 543 2719 calx
554 2684 737 2720 nostrorum
750 2686 784 2719 in
796 2683 948 2719 Flandri'a
971 2685 1159 2721 villicorum
1173 2698 1181 2718 ε
1207 2695 1264 2722 aut

384 2734 541 2774 humidus
551 2743 642 2778 tepor
653 2759 664 2775 ,
689 2735 724 2769 δε
737 2734 865 2778 tepidus
877 2736 997 2774 humor
1009 2737 1143 2781 alicujus
1163 2733 1269 2780 hypo-

385 2785 487 2822 causti
502 2810 510 2818 .
537 2785 642 2828 Atqui
657 2785 722 2820 haec
739 2785 852 2822 omnia
873 2785 948 2821 istas
972 2787 1086 2821 vitales
1103 2786 1269 2832 organiza-

386 2838 496 2872 tiones
505 2835 649 2870 effeffive
662 2846 730 2870 non
744 2838 876 2871 causant
888 2850 902 2878 ;
929 2836 980 2871 sed
994 2837 1205 2872 solummodo
1221 2837 1266 2870 so·

387 2888 491 2931 piram
503 2886 646 2920 animam
658 2886 698 2920 ad
710 2885 781 2921 illas
791 2887 978 2921 efficiendas
993 2888 1139 2921 excitant
1151 2901 1164 2921 .-
1189 2897 1268 2929 ergo

388 2938 538 2974 fimiliter
557 2936 604 2972 sol
613 2947 666 2970 eas
679 2948 746 2971 non
758 2939 868 2971 causat
880 2962 891 2977 ,
918 2937 972 2973 sed
982 2936 1194 2973 solummodo
1204 2936 1269 2969 ani·

389 2987 675 3023 maminvitant&
687 2986 825 3022 excitat.
855 2986 981 3022 Etsane
1001 2987 1175 3032 quomodo
1198 2986 1269 3021 illas

389 3038 561 3074 causarer?
586 3037 650 3074 111ae
688 3038 895 3081 operationes
911 3034 984 3072 vere
1018 3037 1133 3071 vitales
1160 3037 1235 3071 sunt
1260 3062 1267 3069 .

390 3089 553 3133 Adeoque
563 3097 633 3122 tota
651 3088 727 3122 solis
751 3088 906 3123 facultate
927 3087 1027 3133 longe
1050 3087 1270 3132 superiores&

388 3140 642 3177 eminentiores.
670 3138 834 3173 Deindefi
858 3139 928 3173 illas
948 3139 1070 3174 efficiat
1095 3138 1164 3181 sol;
1191 3137 1270 3180 quid

391 3193 437 3226 ibi
461 3193 539 3228 facit
560 3190 669 3223 anima
686 3189 703 3221 ἓ
743 3188 907 3234 Nunquid
928 3191 1020 3224 enim
1041 3189 1151 3225 anima
1181 3187 1272 3231 juxta

390 3241 630 3286 Philosophum
641 3239 686 3274 est
699 3238 801 3279 illud,
827 3251 895 3284 quo
909 3240 1052 3275 vivimus
1066 3264 1076 3280 ,
1098 3238 1271 3277 nutrimur,

390 3302 664 3337 augmentamur,
689 3301 882 3329 movemur,
908 3290 1165 3325 sentimus&c.?
1191 3289 1275 3323 Om·

390 3342 475 3376 nino
495 3355 574 3387 ergo
599 3342 665 3376 istae
684 3341 798 3375 vitales
818 3342 1028 3384 operationes
1046 3341 1130 3375 fiunt
1154 3350 1191 3374 ac
1203 3338 1274 3379 fieri

391 3391 512 3428 hbent
522 3393 563 3425 ab
574 3392 773 3425 informante
784 3393 898 3426 anima
910 3417 918 3424 .

439 3452 498 3489 μ.
523 3441 648 3482 objicies
676 3443 780 3482 quart&
794 3456 804 3476 :
827 3441 1044 3487 organizatio
1062 3439 1273 3476 Oviestcot·

1330 114 1348 146 1
1419 105 1452 144 Ο
1532 96 1695 149 „dliv

1323 183 1433 227 ruptio
1442 182 1519 228 ovi;
1548 181 1697 226 adeoque
1707 184 1813 223 causta
1821 191 1924 221 ovum
1943 182 2139 230 organicam
2155 185 2205 226 est,

1322 234 1427 269 caussa
1437 237 1491 268 ovi
1505 234 1694 278 temperiem
1718 231 1884 268 destruens
1906 245 2167 279 accorrumpens
2177 232 2201 272 ’ξ

1321 283 1684 331 ergooviorganizatio
1695 283 1765 318 fieri
1781 295 1849 320 non
1872 285 1976 327 potest
2000 285 2162 327 abanima
2186 311 2199 330 ,

1322 346 1468 379 quamve
1493 334 1629 374 insidet,
1657 333 1843 376 ovuumque
1867 334 2039 373 informat.
2079 342 2203 376 Antece-

1321 387 1396 418 dens
1415 392 1505 426 pam
1526 390 1727 427 experientia.
1757 384 1870 419 Ovum
1889 385 1980 420 enim
1992 408 2004 426 ,
2029 386 2137 424 ssadm
2160 399 2201 425 ae

1320 434 1520 469 conformari
1531 435 1647 479 incipit
1661 459 1671 475 ‚
1698 434 1807 469 statim
1818 441 1950 479 <proque
1958 446 2065 473 totum
2088 438 2203 477 altera·

1320 486 1368 524 ri,
1391 484 1601 525 fermentati,
1625 496 1662 518 ac
1678 487 1840 528 corrumpi
1854 486 1991 530 incipit,
2016 482 2202 530 Cuiusm-

1319 541 1365 568 tia
1377 536 1448 569 υπὸ
1459 534 1604 576 probatur
1618 547 1627 567 ι
1653 534 1743 582 Qia
1754 536 1844 570 nulla
1856 537 1960 576 finrma
1973 535 2112 572 destruit
2123 548 2203 575 tem·

1320 594 1543 629 peramentum
1556 583 1683 627 subjecti
1697 585 1957 626 aseinformati:
1983 588 2075 632 atqui
2097 589 2207 626 forma.

1317 647 1419 670 ovum
1444 636 1658 669 conformans
1682 634 1716 669 δι
1741 636 1933 679 organizans
1955 637 2002 672 est
2025 638 2131 674 caussa
2144 639 2204 681 ovi

1320 695 1613 729 temperamentum
1626 696 1838 729 corrumpens
1862 698 1901 723 ac
1917 687 2097 725 destruens:
2123 689 2205 734 ergo

1317 737 1421 771 forma
1434 747 1535 770 ovum
1548 734 1761 773 conformans
1772 736 1887 780 nequit
1897 735 1959 772 esse
1969 739 2078 775 anima
2099 750 2205 777 ovum

1320 787 1521 823 informans.
1545 787 1601 821 ,De
1613 786 1677 821 hoc
1689 797 1887 831 argumento
1899 788 1985 830 apud
1993 787 2138 826 diversos
2157 789 2206 825 di,

1317 838 1401 872 versa
1415 837 1500 882 legi;
1527 837 1632 874 modo
1647 847 1756 872 tamen
1771 848 1875 881 neque
1888 837 1979 872 lubet
1992 862 2005 878 ,
2031 849 2138 884 neque
2150 851 2206 878 va-

1315 898 1367 921 cat
1380 887 1582 932 fingulorum
1602 887 1777 930 opiniones
1802 899 1925 929 ponere
1943 912 1951 920 .
1975 889 2147 926 Faciemus
2169 890 2204 927 id

1314 937 1412 977 semel
1423 938 1502 972 alias
1515 938 1599 974 uasti
1615 937 1719 981 majus
1729 938 1837 972 otium
1852 962 1864 978 ,
1887 950 1927 973 ac
1951 948 2078 982 tempus
2098 941 2205 985 magis

1313 998 1541 1032 opportunum
1558 1012 1566 1019 .
1594 987 1697 1021 Nunc
1706 987 1788 1032 ergo
1799 988 1840 1023 ad
1851 991 2036 1036 argumenti
2062 991 2204 1026 formam

1314 1037 1451 1073 breviter
1463 1039 1497 1072 ὅ(
1512 1050 1580 1072 uno
1596 1037 1695 1071 verbo
1713 1061 1721 1070 .

1365 1099 1420 1135 23.
1446 1086 1535 1131 Resp.
1547 1087 1680 1131 negando
1698 1085 1810 1131 conseq.
1834 1090 1870 1127 ψ
1894 1090 2038 1130 majorem
2056 1089 2208 1137 probari·-

1314 1143 1362 1171 nir
1381 1152 1388 1172 ε
1417 1138 1481 1175 Ve'l
1497 1137 1608 1183 potius
1620 1136 1766 1182 distinguo
1785 1140 1890 1172 illam:
1914 1139 2016 1176 Nulla
2026 1141 2132 1176 forma
2151 1141 2206 1178 de·

1313 1187 1405 1223 struit
1415 1186 1852 1232 temperamentumsubjeffl
1867 1188 1886 1222 a
1912 1190 1945 1223 se
1970 1189 2205 1235 informatiper

1311 1240 1474 1278 astionem
1490 1238 1568 1282 pure
1578 1237 1797 1283 corruptivam
1809 1253 1820 1274 .-
1846 1241 1893 1279 sdc
1906 1235 2042 1280 diffimulo
2052 1254 2068 1283 ;
2086 1239 2201 1282 strabis

1311 1300 1342 1322 re
1366 1293 1531 1332 permitto.
1559 1288 1662 1325 Nulla
1687 1289 1792 1324 forma
1814 1290 1949 1324 destruit
1972 1299 2212 1334 temperamenv

1311 1350 1382 1374 tum
1394 1338 1554 1380 subjeffia
1570 1340 1599 1373 se
1620 1339 1791 1374 informati
1813 1351 1868 1384 per
1882 1341 2044 1378 astionem
2067 1351 2203 1377 conver·

1310 1391 1409 1425 {ivam
1421 1388 1490 1433 ejus
1503 1391 1537 1424 in
1553 1389 1643 1425 aliud
1656 1399 1950 1433 temperamentum
1972 1391 2112 1432 melius,
2145 1401 2207 1426 no·

1313 1440 1410 1475 bilius
1421 1465 1432 1482 ,
1447 1441 1497 1473 vel
1511 1439 1645 1482 utilius;
1675 1441 1823 1484 sicplanb
1834 1452 1906 1484 nego
1921 1465 1930 1472 .
1957 1440 2037 1476 Hoc
2049 1441 2141 1478 enim
2166 1442 2214 1476 fa.-

1310 1492 1356 1530 cit
1367 1502 1435 1525 non
1449 1490 1516 1523 sola
1528 1490 1639 1524 anima
1650 1489 1730 1532 ovi3
1761 1490 1814 1524 sed
1835 1491 1867 1529 ὅς
1887 1490 1999 1525 anima
2024 1490 2208 1535 cujusnam.

1311 1552 1375 1585 que
1399 1541 1498 1575 foerus
1535 1538 1697 1579 humani,
1736 1539 1873 1580 equini,
1915 1539 2049 1577 bovini.
2089 1541 2211 1585 Neque

1314 1592 1418 1624 solum
1429 1588 1542 1626 anima
1557 1590 1654 1623 foetus
1677 1581 1788 1626 adbuc
1810 1588 1951 1626 fluidum
1971 1592 2095 1634 sperma
2111 1593 2209 1632 inco,-

1314 1641 1405 1680 lens;
1433 1637 1486 1672 sed
1499 1638 1533 1677 &
1545 1637 1701 1676 animalis
1716 1639 1846 1682 perfecti
1858 1639 1923 1680 jam
1939 1643 1972 1674 in
1985 1640 2083 1675 firmo
2097 1640 2131 1676 δι
2142 1640 2213 1676 soli-

1315 1688 1359 1724 do
1380 1699 1516 1732 corpore
1540 1684 1723 1727 confistens
1739 1713 1746 1721 .
1772 1687 1868 1736 Qid
1890 1692 1980 1726 enim
1992 1688 2078 1734 apud
2101 1689 2215 1727 Medi-

1316 1751 1371 1773 cos
1382 1738 1551 1783 vulgarius
1568 1763 1579 1778 ,
1605 1749 1704 1782 quam
1727 1749 2022 1782 temperamentum
2047 1739 2209 1786 cartilagi-

1320 1790 1367 1823 nis
1379 1789 1419 1823 ab
1430 1789 1541 1822 anima
1557 1789 1743 1824 trasmurati
1758 1800 1796 1823 ac
1818 1792 1964 1826 converti
1992 1790 2029 1823 in
2052 1800 2212 1834 tempera-

1319 1850 1470 1874 mentum
1496 1838 1598 1873 offis-²
1624 1836 1802 1875 Pulchrum
1826 1838 1907 1881 quid
1918 1837 1959 1873 de
1977 1838 2086 1875 haere
2109 1838 2211 1876 habet

1321 1889 1489 1923 Cardanus
1503 1889 1552 1921 lib.
1579 1898 1632 1933 14.
1657 1890 1695 1923 de
1717 1899 1774 1921 rer.
1795 1894 1906 1923 variet.
1931 1897 1995 1931 cap.
2021 1889 2076 1936 76.
2097 1889 2216 1926 Κεῖαι

1321 1937 1496 1984 quemdam
1509 1938 1602 1972 fuisse
1613 1962 1624 1979 ,
1649 1949 1748 1980 quem
1759 1937 1886 1980 justitia·
1897 1938 2008 1974 ciuilis
2021 1938 2146 1982 laqueo,
2153 1949 2213 1983 pe-

1322 1986 1435 2024 rimere
1449 1989 1649 2026 &suffocare
1661 1999 1729 2023 non
1742 1998 1888 2031 poterat.
1918 1988 1956 2024 ld
1978 1988 1998 2022 a
2025 1988 2150 2032 populo
2169 1989 2217 2026 in·

1322 2050 1369 2073 ter
1391 2038 1549 2073 miracula
1574 2037 1726 2074 habitum
1747 2037 1817 2081 est;
1853 2039 2041 2083 semperque
2061 2038 2213 2076 habitura

1323 2089 1428 2122 fuisset
1439 2112 1451 2128 ‚
1479 2089 1538 2122 nisi
1550 2088 1709 2132 cartilago
1718 2089 1830 2130 aspere
1844 2090 1968 2122 arteriae
1981 2090 2016 2122 in
2027 2099 2067 2122 os
2079 2100 2215 2126 convec-

1324 2138 1354 2171 sa
1376 2136 1410 2171 δε
1427 2135 1656 2176 consolidata,
1683 2135 1836 2168 miraculi
1869 2137 1983 2171 fucum
2004 2133 2215 2175 deterfiffizff„

1326 2187 1411 2220 Eece
1420 2186 1581 2228 cartilago
1593 2184 1639 2218 est
1664 2183 1841 2226 subjeskum
1861 2185 1904 2220 ab
1921 2187 2032 2221 anima
2051 2186 2216 2223 informar-

1324 2244 1398 2270 tum
1411 2247 1422 2266 .·
1449 2235 1542 2276 atqui
1553 2234 1663 2272 anima
1675 2242 1970 2276 temperamentum
1980 2235 2049 2278 ejus
2069 2247 2215 2283 corruan-

1328 2285 1374 2328 pit
1385 2307 1396 2323 ‚
1422 2284 1503 2320 acin
1516 2293 1809 2326 temperamentum
1820 2282 1895 2318 offis
1917 2286 2084 2321 convertit
2095 2297 2109 2320 .-
2132 2285 2216 2332 ergo

1329 2333 1431 2378 potest
1443 2333 1552 2371 anima
1564 2344 1770 2376 corrumpere
1792 2344 2090 2377 temperamentum
2109 2335 2215 2380 suhja-

1329 2385 1369 2419 sti
1383 2384 1442 2419 ase
1454 2383 1622 2418 informati
1636 2407 1647 2423 ‚
1674 2383 1822 2427 illudque
1832 2395 2022 2420 convertere
2034 2385 2173 2426 inaiiud
2197 2411 2206 2422 .

1332 2435 1443 2469 Refert
1454 2433 1609 2478 Aloysius
1622 2433 1775 2469 Almeida
1789 2433 1930 2470 scribens
1938 2446 1978 2470 ex
1989 2436 2129 2478 japonia
2149 2447 2214 2472 an·

1331 2497 1374 2518 no
1389 2483 1626 2529 1566.ibidem
1637 2486 1699 2519 effe
1710 2484 1831 2518 animal
1842 2485 2007 2527 quoddam
2019 2486 2173 2528 sylvestre
2201 2509 2216 2528 ,

1330 2534 1464 2569 canibus
1476 2534 1591 2569 nostris
1603 2545 1670 2568 non
1687 2533 1833 2568 absimile
1846 2544 1856 2575 ;
1883 2534 1943 2567 nisi
1954 2534 2045 2578 quod
2060 2534 2213 2572 breviora

1330 2595 1419 2618 crura
1431 2584 1548 2619 habeat
1562 2607 1573 2624 ,
1599 2595 1636 2618 ac
1643 2584 1712 2619 esui
1726 2581 1871 2618 humano
1884 2584 2001 2619 serviat
2011 2608 2019 2617 .
2045 2585 2126 2619 Hoc
2139 2608 2150 2626 ‚
2163 2585 2216 2622 iu-

1331 2646 1448 2679 quam,
1473 2634 1598 2672 animal
1609 2645 1687 2668 cum
1699 2633 1859 2670 senescere
1867 2632 2006 2677 incipit,
2032 2635 2135 2669 etiam
2147 2645 2213 2673 mu·

1329 2696 1363 2719 re
1374 2686 1575 2729 frequentare
1584 2707 1595 2723 ,
1619 2695 1658 2719 ac
1671 2684 1701 2718 se
1715 2683 1842 2718 natatui
1854 2684 2175 2729 assuefacereiucipit
2195 2696 2210 2718 t

1329 2735 1362 2768 in
1374 2747 1441 2779 quo
1451 2734 1607 2769 exercitio
1630 2733 1744 2768 omnia
1768 2734 1823 2768 sua
1834 2744 1959 2778 organa
1982 2735 2176 2770 transmutat
2199 2759 2213 2776 ‚

1329 2797 1365 2820 ac
1378 2786 1454 2819 sein
1468 2784 1803 2829 piscemteansfigurat
1814 2808 1822 2816 .
1843 2784 1960 2819 Simile
1970 2785 2048 2830 quid
2062 2784 2212 2825 videmus

1331 2837 1364 2870 in
1376 2834 1596 2879 bombycibus
1608 2835 1746 2869 nostris.-
1775 2834 1842 2868 Har
1850 2834 1957 2877 prime,
1970 2847 2013 2869 ex
2038 2846 2106 2870 ovo
2126 2836 2213 2872 fiunt

1330 2897 1473 2920 vermes:
1500 2884 1622 2926 deinde
1633 2896 1675 2920 ex
1688 2884 1890 2924 vermefiuot
1900 2886 2024 2920 animal
2046 2884 2214 2930 quoddam

1331 2937 1499 2977 informe,³
1514 2935 1580 2971 fine
1592 2935 1728 2980 pedibus
1739 2958 1751 2975 ,
1778 2934 1845 2969 line
1857 2935 1945 2970 villis
1956 2949 1970 2972 .·
1995 2947 2064 2970 tum
2088 2937 2156 2970 alas
2176 2935 2214 2972 fi-

1331 2987 1366 3022 bi
1377 2986 1539 3022 fabrieant
1550 3011 1561 3026 ,
1589 2998 1628 3020 ae
1639 2987 1672 3020 in
1686 2984 1774 3029 quasi
1786 2984 1977 3020 scarabeum
1990 2985 2216 3023 conformant.

1334 3038 1419 3072 Ecce
1435 3035 1595 3080 numquid
1608 3036 1654 3071 ibi
1665 3036 1777 3079 anima
1794 3044 2089 3077 temperamentum
2110 3036 2148 3071 dt
2165 3044 2217 3070 or-
2265 3032 2267 3034 ’

1332 3099 1417 3133 gana
1429 3087 1560 3130 subjeeti
1573 3088 1634 3121 ase
1657 3084 1827 3127 informati
1847 3084 2001 3125 destruit,
2028 3098 2067 3120 ae
2089 3086 2125 3120 in
2147 3084 2217 3121 alin

1332 3138 1497 3172 convertit
1510 3138 1527 3170 ,ἓ
1553 3137 1647 3190 Qid
1669 3137 1704 3171 ni
1722 3135 1805 3182 erg&
1822 3133 1858 3172 id
1882 3134 1980 3170 faciat
1999 3137 2110 3173 anima
2119 3135 2217 3183 ovi)

1333 3190 1426 3229 Facit
1439 3186 1472 3223 id
1485 3187 1628 3226 omnino
1644 3213 1655 3223 .
2169 3184 2187 3199 ¹*

1384 3250 1440 3287 24.
1467 3238 1586 3282 Neque
1608 3237 1673 3275 hoc
1694 3239 1742 3273 est
1761 3234 1929 3279 proprium
1942 3246 1982 3270 ac
2002 3236 2163 3280 peculiare
2180 3234 2218 3276 'u

1336 3289 1446 3324 anima
1457 3290 1523 3324 Ovi
1535 3301 1545 3331 ;
1572 3289 1627 3324 sed
1639 3296 1815 3334 commune
1826 3286 1858 3319 &
1872 3285 2040 3331 vulgatum
2053 3288 2088 3321 in
2105 3286 2218 3321 anima

1335 3339 1569 3383 cujuscumque
1581 3339 1658 3374 novi
1670 3341 1767 3374 foetus
1796 3335 1829 3369 δε
1843 3336 2048 3381 embryonis.
2081 3335 2217 3372 Etenim

1337 3390 1448 3425 anima
1457 3389 1590 3425 seminis
1610 3400 1698 3424 terrm
1714 3386 1900 3432 implantati
1921 3395 2216 3432 temperamentum

1336 3439 1577 3487 seminisgplane
1588 3438 1721 3476 destruit
1732 3450 1770 3475 ac
1781 3439 1816 3474 in
1829 3438 2222 3524 temperamentum-fron-

2118 3498 2145 3522 ¹⁵
2154 3510 2168 3530 a
