2384 3770
514 135 599 180 Dia
635 135 805 179 Aius
840 126 1130 196 Qsnusn.

1161 130 1272 176 Sin.
1308 123 1690 177 Divisio‘NiB.
1909 146 2006 194 127

226 233 299 260 aion
311 224 397 268 poffe
411 231 525 255 vocem
537 220 630 261 boma,
641 220 820 266 significare
832 228 980 254 naturam
993 215 1103 250 huma·
1160 215 1311 250 caussant
1324 215 1417 248 suurn
1435 213 1652 261 significatum
1663 228 1678 257 ;
1702 226 1780 262 ergo
1790 211 2039 260 aliquaeintelle-

228 285 307 310 nam
317 299 328 314 ,
355 272 412 305 nisi
425 271 531 315 &ipsa
552 271 593 305 ab
606 271 771 306 intent-itu
781 268 1001 314 cognoscatur
1012 291 1019 298 .
1042 270 1104 304 ‚Ra-

226 329 269 358 tio
277 322 401 367 efl2quia
416 333 530 356 vocem
541 320 624 354 bomo
641 321 820 366 significare
831 328 982 351 naturam
993 316 1102 350 huma-

230 384 307 407 nam
319 374 363 406 est
383 372 582 406 intellectum
595 370 758 405 audientis
774 368 1104 410 determinari,impel-

230 423 308 464 li,ac
315 423 448 456 excitari
459 422 477 456 a
492 420 686 466 cognitione
699 419 787 454 vocis
797 418 883 453 bomo
892 419 931 452 ad
943 417 1116 462 cognitio*

231 484 308 507 nem
321 483 442 507 naturae
452 470 617 513 humanae·‚
639 468 733 512 atqui
746 469 928 503 intellectus
938 469 979 502 ad
992 467 1104 512 cogni-

1141 267 1144 272 *
1164 268 1288 301 stiones
1298 265 1371 298 sunt
1381 265 1470 313 signa
1481 266 1615 307 praefica
1629 288 1637 296 .
1657 266 1932 302 Probatur-minor.-
1956 269 2035 312 quia

1165 316 1380 362 significatum
1395 314 1629 353 ‚intellestionis
1642 315 1691 351 ‚est
1712 317 1936 352 intellectionis
1948 318 2040 362 obje-

1165 369 1272 401 stum:
1297 366 1386 406 atqui
1402 363 1763 408 aliquaeintellestiones
1776 389 1786 404 ‚
1812 380 1928 402 omnes
1941 369 2038 402 nimi·

1166 427 1236 450 rum
1251 415 1484 454 intellestiones
1500 415 1647 461 prasticae
1661 438 1671 453 ‚
1695 414 1841 449 caussant
1851 418 1941 452 suum
1952 418 2040 462 obio-

1163 468 1273 508 ssum,
1295 476 1378 509 ‘ergo
1397 466 1514 508 aliquae
1533 464 1769 498 intellectiones
1788 467 1932 501 caussant
1945 470 2038 503 suum

230 521 357 556 tionem
382 533 500 556 naturae
523 518 672 554 humanae
699 517 1021 561 immediateimpelli
1036 529 1104 551 non
1165 516 1406 566 significatum:
1434 517 1493 549 Sed
1509 516 1548 548 de
1569 513 1726 551 hoc,ali'bi,.

231 573 334 617 potest
356 573 397 606 ab
414 570 602 613 auditione3
630 569 682 604 sed
711 569 919 607 solummodo
930 567 1105 602 abintelle-

230 623 340 657 itione
352 622 439 656 vocis
449 620 548 663 homo;
575 630 653 664 ergo
672 619 714 655 ,ad
725 618 790 654 hoc
802 644 813 660 ‚
840 629 875 653 ut
891 630 954 652 vox
965 618 1048 651 bomo
1059 619 1106 652 in-

1214 576 1271 611 41.
1297 565 1473 603 Dividitur
1492 574 1639 609 praeterea
1650 565 1777 614 signum
1790 564 1824 597 in
1838 564 1963 609 signum
1976 578 2041 601 ma-

1167 616 1387 650 nifestativum
1407 625 1561 656 tantum,
1586 616 1621 649 ἀ
1643 615 1815 662 insignum
1829 615 2043 649 manifestati-

232 670 565 714 tellectuifignificet‚
594 670 769 704 necessario
781 668 1105 706 debetabintellessu
1167 677 1264 707 vum,
1290 677 1326 699 ac
1339 667 1568 710 suppositivam
1588 665 1699 699 simul.
1728 666 1867 710 Signum
1880 665 2045 708 suppositi·

232 720 389 766 cognosci
406 745 415 754 .
445 720 593 753 Probatur
613 724 728 756 minor:
755 719 831 764 quia
852 719 1005 763 potentiae
1028 718 1107 751 infe-

231 769 330 807 riores
344 781 410 804 non
436 771 565 813 possunt
585 770 746 813 potentias
756 769 931 813 superiores
945 768 1108 812 impellere

234 822 270 856 δε
289 821 501 855 determinare
512 844 523 862 ‚
549 820 606 855 nisi
626 820 667 854 ad
680 822 768 854 acius
777 820 894 853 similes
908 821 990 853 suis:
1019 818 1052 851 id
1064 816 1108 850 est

232 872 295 906 nisi
318 869 357 904 ad
378 872 465 908 astus
490 871 649 906 versantes
668 864 854 910 circaidem
866 869 1050 912 objectum:
1078 876 1110 900 ut

233 925 422 955 communiter
434 922 568 959 traditur
575 925 609 958 ‚in
618 919 672 953 lib.
683 920 721 955 ,de
732 924 835 954 anima
843 943 850 951 .
867 919 956 963 Ergo
969 917 1110 956 auditio,

234 970 286 1005 vel
294 970 392 1004 etiam
405 970 602 1017 imaginatio
626 970 714 1003 vocis
726 968 808 1001 bomo
821 979 887 1002 non
901 968 1004 1012 potest
1016 966 1111 1005 intel-

232 1019 351 1055 lectum
373 1019 561 1058 immediate
582 1019 799 1053 determinare
818 1018 860 1052 ad
882 1017 1111 1063 cognitionem

233 1079 355 1105 naturae
368 1068 541 1113 humanae;
569 1069 620 1104 sed
634 1068 828 1103 determinat
840 1069 934 1109 illum
946 1065 1112 1101 immedia-

234 1119 267 1153 te
279 1120 319 1154 ad
331 1116 560 1163 cognitionem
575 1120 663 1154 vocis
675 1118 756 1151 bomo
769 1143 779 1158 ‚
791 1119 824 1152 δε
836 1130 907 1159 tum
921 1118 987 1152 haec
999 1117 1112 1162 cogni-

235 1171 285 1203 tio
298 1169 493 1207 ,intelleffiva
519 1169 629 1208 vocis,
658 1168 880 1209 intercedente
895 1168 1112 1211 &adjuvante

234 1219 362 1264 judicio
379 1219 421 1253 de
445 1219 652 1262 impositione
674 1218 836 1260 vocis(de
858 1229 917 1261 quo
938 1218 1005 1250 dixi
1021 1216 1116 1261 supra

234 1267 346 1315 ‘isso-3·
357 1267 462 1313 dub.5.
474 1271 487 1309 )
501 1269 710 1302 Determinat
734 1268 935 1301 intelienum
947 1268 987 1301 ad
1001 1267 1116 1312 cogni-

235 1319 365 1354 tionem
378 1328 497 1354 naturae
508 1318 697 1362 significatae
707 1342 715 1350 .
742 1319 802 1358 Sed
812 1319 849 1351 de
861 1317 911 1358 bis
921 1318 994 1352 alibi
1002 1318 1095 1356 latius
1109 1342 1116 1350 .

445 1419 480 1453 D
507 1417 547 1459 U
574 1417 603 1458 B
628 1418 643 1452 Ι
671 1417 711 1453 U
739 1418 781 1452 M
831 1411 905 1457 V'T.

338 1521 386 1551 De
404 1517 475 1551 aliis
495 1516 676 1566 quibusdam
690 1516 767 1560 figni
788 1515 981 1558 divisionibus
993 1541 1001 1549 .

240 1627 295 1667 39·
309 1613 401 1700 D
431 1666 610 1705 culativum
632 1668 664 1701 ἁ
676 1668 852 1710 practicam
867 1691 874 1700 .
901 1667 1040 1711 Signum
1053 1667 1120 1709 spe-

237 1717 422 1751 culativum
448 1727 583 1751 vocatur
608 1716 717 1761 illud,
743 1717 834 1762 quod
856 1717 949 1751 suurn
960 1716 1119 1762 fignifica-

1169 717 1290 750 vum&
1314 716 1593 755 manifestativum
1615 715 1860 750 fimulestillud
1875 739 1884 755 ‚
1909 716 2044 758 quod&

1168 766 1383 811 significatum
1397 766 1680 810 suumsignificat‚
1704 777 1744 801 ac
1756 764 1850 802 simul
1872 766 2044 807 proilloin

1169 826 1330 850 contextu
1352 818 1510 855 orationis
1531 816 1670 859 supponi
1694 816 1816 859 potest,
1845 814 1943 849 Talia
1956 816 2045 859 signa

1171 868 1243 900 sunt
1264 877 1359 900 voces
1379 867 1412 900 ὅτ.
1440 866 1597 909 scripturae
1620 865 1756 909 respestu
1768 876 1898 905 rerum,
1926 865 2047 909 quassi-

1170 916 1330 960 gnificant
1343 929 1354 950 .·
1383 916 1454 950 illas
1473 917 1596 961 ⁴quippe
1623 928 1690 949 non
1704 915 1914 950 solummodo
1927 915 2048 960 signifi-

1171 977 1269 1008 cant3
1298 966 1350 1000 sed
1372 968 1474 1000 etiam
1497 978 1555 1009 pro
1578 965 1642 1000 illis
1660 965 1695 1003 in
1716 975 1877 1002 ,contextu
1888 966 2048 1000 orationis

1173 1016 1295 1050 vocalis
1321 1017 1355 1049 δε
1394 1017 1513 1060 scriptae
1537 1017 1675 1059 supponi
1704 1016 1833 1059 possunt
1862 1040 1869 1047 .
1909 1017 2049 1060 Signum

1174 1065 1449 1102 manifestativum
1490 1076 1618 1099 tantum
1658 1065 1704 1099 est
1741 1065 1823 1102 illud
1849 1090 1862 1108 ,
1888 1066 1978 1110 quod
2014 1065 2050 1098 si-

1173 1115 1368 1163 gnificatum
1392 1116 1486 1153 suum
1514 1116 1646 1158 quidem
1658 1115 1836 1159 significat,
1856 1125 2050 1149 nontamen

1175 1177 1235 1210 pro
1256 1166 1315 1199 illo
1344 1167 1378 1199 in
1399 1175 1559 1199 contextu
1581 1166 1740 1199 orationis
1764 1166 1902 1208 ,supponi
1924 1165 2027 1209 potest
2042 1189 2051 1197 .

1176 1215 1275 1250 Talia
1294 1215 1407 1250 itidem
1430 1215 1519 1260 signa
1542 1216 1614 1249 sunt
1633 1216 2053 1258 voces&scripturaerespe-

1175 1269 1229 1303 istu
1241 1275 1419 1309 conceptus
1431 1265 1595 1309 loquentis
1606 1266 1638 1300 ὅ(
1651 1264 1820 1299 scribentis
1830 1278 1841 1298 .-
1854 1265 1948 1298 illum
1961 1264 2053 1307 quip-

1178 1327 1217 1360 pe
1234 1316 1366 1359 quidem
1392 1315 1595 1361 fignificant3
1622 1326 1690 1353 non
1718 1325 1828 1349 tamen
1859 1326 1918 1358 pro
1948 1314 2054 1349 illoin

1177 1375 1337 1400 contextu
1348 1366 1508 1401 orationis
1529 1366 1658 1409 possunt
1671 1367 1829 1408 supponi:
1858 1365 2054 1408 utipatetin

1179 1416 1240 1449 hac
1270 1417 1443 1450 oratione:
1469 1415 1550 1448 homo
1573 1415 1611 1454 est
1631 1417 1766 1448 animal.
1796 1414 1904 1449 Voces
1921 1414 2003 1447 homo
2021 1415 2054 1448 &

1179 1466 1434 1510 animalquidem
1458 1466 1640 1510 significant
1662 1465 1901 1499 humanitatem
1924 1476 1960 1499 ac
1982 1465 2057 1499 ani·-

1180 1516 1378 1560 malitatem;
1400 1517 1545 1563 itemque
1555 1526 1752 1560 conceptum
1763 1514 2000 1555 humanitatis,
2023 1515 2056 1547 δι

1179 1576 1376 1609 conceptum
1397 1566 1629 1601 animalitatis:
1659 1576 1727 1600 non
1749 1575 1858 1599 tamen
1874 1575 1931 1607 pro
1942 1575 2059 1598 conce·

417 1616 712 1660 lviditurpraeterea
726 1618 855 1662 signum
871 1616 1041 1661 insignum
1056 1616 1119 1659 spe·
1182 1614 1289 1659 ptibus
1311 1617 1537 1659 supponuntur
1559 1641 1567 1648 .
1608 1614 1661 1649 Sic
1682 1614 1772 1649 enim
1801 1614 1945 1648 facerent
1970 1613 2059 1647 hunc

1180 1666 1306 1700 sensum
1319 1679 1330 1699 .-
1354 1674 1506 1708 conceptus
1517 1664 1722 1698 humanitatis
1734 1664 1771 1705 est
1783 1673 1933 1706 conceptus
1943 1669 2061 1696 anima·

1179 1716 1278 1749 litatis
1287 1741 1295 1749 .
1323 1716 1429 1761 Quod
1442 1716 1487 1750 est
1503 1714 1672 1758 manifeste
1683 1715 1809 1749 falsum.
1824 1716 2062 1758 Supponuntur

239 1777 309 1801 tum
330 1776 458 1812 tanturn
485 1766 667 1812 significat,
694 1778 763 1800 non
777 1766 853 1805 vero=
864 1767 985 1800 caussat
999 1791 1006 1799 .
1032 1765 1122 1801 Tale
1181 1777 1260 1811 ergo
1287 1777 1345 1810 pro
1373 1767 1449 1800 solis
1471 1766 1588 1809 rebus;
1614 1767 1803 1808 faciuntque
1813 1763 1900 1799 hunc
1914 1765 2035 1797 sensum
2049 1775 2060 1796 .-

239 1827 270 1852 ν,
283 1826 315 1860 g.
327 1816 371 1850 est
384 1817 493 1856 fumus
511 1818 649 1860 respectu
671 1817 780 1862 ignis,
808 1827 875 1859 vox
885 1815 968 1849 bomo
980 1817 1119 1860 respectu
1181 1826 1225 1851 res
1241 1815 1408 1860 fignificata
1423 1825 1479 1859 per
1500 1827 1601 1850 vocem
1625 1815 1707 1848 homo
1731 1815 1767 1854 est
1784 1827 1831 1848 res
1835 1813 1999 1858 significata
2005 1822 2062 1855 per

238 1877 361 1901 naturae
384 1864 535 1903 humana
553 1890 565 1907 ‚
592 1867 702 1910 pulsus
720 1867 842 1900 arteriae
861 1868 1003 1909 respestu
1028 1865 1122 1901 bonae
1182 1877 1280 1899 vocem
1289 1869 1421 1902 animal:
1448 1867 1512 1901 live
1526 1890 1538 1907 ,
1558 1866 1595 1908 est
1606 1867 1708 1900 eadem
1721 1876 1785 1898 cum
1797 1876 1828 1898 re
1833 1864 1998 1907 fignificata
2006 1872 2078 1905 per·

239 1916 292 1949 vel
314 1915 407 1949 malae
431 1916 627 1954 valetudinis
643 1941 653 1956 ,
679 1917 739 1951 ὅτε.
751 1916 842 1952 Nam
862 1918 1119 1960 fumusignem,

1182 1927 1281 1956 vocem
1293 1917 1424 1951 animal.
1453 1916 1581 1958 Copula
1603 1915 1641 1954 est
1658 1917 1779 1962 quippe
1792 1915 1826 1948 in
1840 1914 2065 1962 propositione

241 1976 309 1998 vox
323 1964 405 1997 bomo
417 1975 564 1999 naturam
589 1964 765 2001 humanam
779 1989 790 2006 ‚
818 1966 926 2007 pulsus
936 1965 1056 2000 arteriae
1065 1975 1123 1997 va·-
1183 1965 1373 1999 affirmativa
1396 1965 1558 2009 fignificat
1594 1961 1800 2007 identitatem
1821 1975 2042 2005 extremorum
2055 1988 2064 1998 .

243 2013 424 2047 letudinem
436 2013 568 2054 quidem
577 2014 734 2057 fignificat
746 2039 757 2054 ‚
786 2025 854 2047 non
866 2024 974 2048 tamen
989 2016 1120 2055 caussam

1185 2014 1293 2049 Unde
1315 2013 1400 2048 idem
1423 2014 1551 2058 signum
1563 2015 1705 2058 respectu
1717 2016 1815 2049 unius
1827 2016 1876 2049 sui
1889 2014 2065 2059 significati

245 2064 414 2096 auctarum
425 2062 484 2102 est.
512 2063 650 2106 Signum
664 2064 838 2106 practicam
852 2064 895 2096 est
910 2064 1013 2104 illud,
1034 2064 1123 2107 quod
1184 2063 1229 2097 est
1255 2064 1466 2097 solummodo
1488 2064 1766 2098 manifestativum
1790 2078 1802 2098 .-
1827 2066 1963 2108 respestu
1987 2065 2067 2099 alte-

243 2112 463 2155 significatum
477 2112 776 2155 suum&significat
787 2135 797 2150 ‚
824 2123 863 2145 ac
874 2113 964 2144 simul
980 2115 1099 2145 cauffat
1114 2135 1122 2142 .

243 2160 345 2194 Talia
373 2162 447 2194 sunt
472 2161 679 2199 Sacramenta
695 2160 801 2193 Novae
814 2160 895 2204 legis
905 2161 1042 2202 respestu
1056 2171 1123 2204 gra-

243 2210 297 2244 tiae
312 2209 563 2249 Sanstificantis,
573 2209 781 2252 aliorumque
791 2210 920 2244 suorum
931 2209 1101 2244 effediuum
1117 2234 1124 2242 .

1180 2113 1250 2152 'rius
1271 2112 1346 2154 vero
1367 2113 1412 2153 est
1425 2112 1516 2153 simul
1530 2112 1825 2157 manifestativum,
1851 2126 1888 2148 ac
1900 2113 2066 2163 suppositi·

1187 2172 1279 2203 vum,

1235 2221 1290 2256 42.
1311 2210 1463 2251 objicies:
1489 2223 1591 2247 omne
1609 2213 1735 2257 signum
1746 2216 1790 2249 est
1808 2214 2038 2258 suppositivam
2053 2239 2067 2258 ,

244 2260 345 2293 Talia
360 2261 432 2296 sunt
449 2259 543 2299 verba
556 2260 699 2294 effectiva
713 2261 904 2296 sacramenti
921 2259 1125 2294 Eucharistiae
1187 2261 1280 2294 simul
1300 2261 1334 2301 ὃς
1354 2261 1631 2304 manifestativum
1654 2276 1667 2306 ς
1705 2266 1740 2303 ὃς
1759 2265 1887 2299 nullum
1914 2263 2010 2299 datur
2031 2266 2066 2298 fi-

245 2309 385 2351 respestu
404 2308 562 2350 Corporis
581 2310 613 2342 ὅ(
642 2310 808 2351 sanguinis
829 2309 971 2343 Domini
1000 2311 1120 2349 nostri,

246 2360 307 2392 &c.
321 2361 409 2391 Ratio
420 2357 574 2398 divtfionts
587 2363 632 2395 {ta
644 2359 796 2400 explicata
804 2358 840 2398 est
852 2372 863 2391 .-
894 2359 969 2400 quia
980 2383 991 2398 ,
1003 2364 1046 2394 uti
1060 2359 1127 2393 dlxi

245 2407 338 2452 supra
349 2404 461 2450 dispa.
473 2408 539 2440 dub.
549 2408 580 2444 6.
604 2408 742 2453 Signum
765 2409 1019 2451 comparaturad
1033 2410 1125 2442 suum

197 2484 201 2487 a
247 2458 468 2502 significatum
489 2481 500 2498 ,
538 2457 614 2492 ficut
638 2459 723 2493 actus
743 2467 949 2500 comparatur
970 2459 1011 2493 ad
1035 2460 1125 2495 suum

245 2507 410 2550 objestum
431 2519 438 2541 ε
467 2507 556 2550 atqui
580 2509 667 2541 astus
679 2508 833 2549 practicus
849 2518 981 2543 vocatur
995 2509 1020 2542 is
1034 2532 1044 2547 ,
1068 2509 1124 2552 qui

246 2555 407 2601 obit-&um
422 2558 514 2593 suum
540 2568 608 2590 non
630 2557 736 2590 solum
747 2559 920 2601 cognoscit
934 2583 943 2598 ,
971 2559 1023 2592 sed
1042 2559 1126 2592 insu·

246 2607 429 2649 percaussat
450 2606 616 2642 &efficit:
643 2608 730 2640 astus
750 2607 825 2641 vero
848 2607 1059 2650 speculativus
1071 2618 1127 2641 vo—

247 2665 338 2689 catur
361 2654 404 2693 ἱε,
429 2657 486 2695 qui
505 2655 668 2699 objestum
691 2658 783 2690 suum
804 2668 871 2690 non
896 2659 1037 2696 caussae,
1066 2669 1125 2691 nec

247 2704 348 2737 efficit
362 2726 368 2732 .
382 2703 621 2744 Ergosimiliter
633 2705 687 2739 hic
701 2708 789 2750 figna
799 2707 1018 2751 significatum
1033 2709 1124 2741 suum

246 2751 558 2790 caussantia‚debeiit
569 2755 633 2789 dici
645 2757 791 2800 prassica3
805 2757 839 2789 ἀ
851 2757 938 2800 signa
949 2783 959 2798 ‚
974 2758 1126 2801 significa-

247 2814 321 2839 tum
339 2802 432 2835 suum
446 2812 511 2836 non
527 2802 780 2839 caussaiiziadici
793 2805 913 2842 debent
923 2807 1124 2849 speculativa.

302 2862 359 2899 40.
372 2851 464 2885 Hinc
474 2851 563 2895 signa
575 2851 710 2893 practica
723 2859 788 2886 tam
801 2855 928 2893 possunt
941 2858 1002 2890 effe
1013 2857 1127 2892 forma·

252 2902 318 2940 lia,
346 2912 445 2945 quam
466 2899 722 2934 instrumentalia
735 2925 742 2932 .
771 2903 816 2934 De
835 2904 1101 2942 instrumentalibus
1116 2931 1127 2948 ,

249 2959 336 2996 patet
363 2964 370 2983 :
410 2961 482 2982 nam
521 2952 728 2983 Sacramenta
750 2951 859 2995 gratiae
894 2953 1122 2996 justificantis,

251 3013 291 3037 ae
326 2997 512 3035 characteris
547 2996 565 3033 a
602 2999 633 3032 se
669 2999 808 3042 impressi
845 3002 919 3036 sunt
957 3004 1044 3048 signa
1083 3007 1131 3040 in-.

254 3049 476 3086 strumentalia
503 3060 510 3081 ε
543 3049 632 3092 atqui
662 3051 841 3086 eorundem
873 3052 1127 3097 significatorum

253 3104 330 3136 sunt
365 3101 453 3143 figna
488 3097 647 3140 prastic23
674 3110 753 3144 ergo
779 3101 867 3145 signa
895 3104 1030 3144 practica
1057 3108 1127 3147 pos·

256 3153 332 3186 sunt
348 3149 409 3182 esse
438 3149 520 3190 signa
556 3147 813 3185 instrumentalia
832 3175 839 3183 .
876 3156 922 3185 De
950 3152 1128 3194 formalibus

256 3207 350 3236 etiam
383 3198 537 3240 prolatur:
565 3199 641 3239 quia
679 3211 796 3233 omnes
821 3202 1031 3246 cognitiones
1053 3206 1127 3240 sunt

257 3251 347 3295 signa
370 3246 527 3282 foiznalia:
556 3248 774 3292 atquialiquae
785 3253 994 3297 cognitiones
1006 3255 1129 3290 intelle-

258 3301 348 3335 &ivae
367 3301 429 3332 sunt
458 3295 548 3338 figna
576 3299 710 3342 practica
735 3312 744 3341 ;
779 3311 858 3345 ergo
882 3303 970 3346 signa
994 3307 1127 3348 prastica

259 3351 360 3384 etiam
373 3344 432 3378 :sse
454 3347 584 3387 possunt
609 3349 698 3392 signa
720 3351 890 3387 formalia.
918 3353 1065 3387 Probatur
1075 3362 1127 3389 mi-

260 3411 336 3434 nor:
351 3395 425 3436 quia
447 3394 575 3439 siguum
600 3401 776 3444 prasticum
789 3402 833 3434 est
846 3402 969 3447 signum
980 3406 1125 3440 caussans

259 3451 339 3486 suun
359 3444 598 3489 significatum.-
625 3450 719 3495 atqui
743 3450 860 3498 aliquae
884 3452 1126 3492 intellestiones

1186 2321 1290 2354 gnum
1302 2332 1312 2348 ,
1337 2310 1427 2353 quod
1441 2323 1509 2344 non
1524 2310 1561 2351 sit
1574 2308 1808 2354 suppositivam
1826 2326 1840 2360 ‚·
1866 2326 1945 2358 ergo
1958 2317 1991 2348 in
2004 2315 2065 2349 ista

1186 2359 1343 2394 divisione
1355 2360 1491 2395 alterum
1505 2362 1688 2395 membrum
1712 2361 1863 2401 dividens
1873 2375 1949 2397 cum
1960 2363 2066 2398 diviso

1186 2410 1388 2443 convertitur
1399 2423 1414 2452 ;
1440 2410 1575 2444 alterum
1590 2411 1646 2445 sub
1658 2412 1763 2455 diviso
1775 2425 1842 2447 non
1855 2414 2062 2448 continetur:

1187 2459 1335 2503 adeoque
1354 2460 1411 2493 issa
1423 2461 1536 2494 divisio
1549 2473 1617 2494 non
1630 2462 1715 2496 valet
1731 2488 1739 2495 .
1768 2463 1917 2503 Probatur
1927 2466 2066 2498 anteced.

1185 2510 1263 2550 quia
1284 2510 1413 2554 signum
1435 2511 1667 2554 suppositivam
1686 2513 1730 2555 est
1742 2514 1869 2560 signum
1882 2523 1996 2557 potens
2006 2512 2066 2548 ha-

1188 2558 1259 2597 bere
1272 2560 1526 2602 suppofitionem
1546 2562 1647 2597 suiad
1659 2563 1908 2606 significandum
1922 2566 2014 2598 suum
2029 2564 2066 2597 si-

1187 2608 1400 2654 gnificatum:
1428 2613 1518 2655 atqui
1538 2622 1639 2646 omne
1660 2613 1788 2657 signum
1812 2614 1876 2648 sive
1896 2615 2065 2655 naturale,

1187 2659 1249 2693 sive
1267 2659 1491 2702 arbitrarium,
1517 2662 1581 2695 five
1602 2662 1762 2704 formale,
1787 2664 1851 2697 sive
1875 2664 2066 2698 instrumen-

1187 2709 1273 2748 tale,
1299 2709 1345 2743 est
1368 2720 1483 2753 potens
1506 2710 1622 2746 habere
1637 2712 1684 2746 sui
1707 2712 1958 2756 suppositionem
1971 2715 2011 2748 ad
2033 2715 2066 2746 si-

1188 2759 1413 2802 gnificandum
1423 2762 1512 2794 suum
1526 2760 1765 2806 significatum:
1792 2764 1964 2806 quomodo
1975 2762 2065 2798 enim

1156 2834 1160 2840 .
1188 2808 1254 2843 fine
1277 2810 1494 2853 suppositione
1504 2812 1686 2856 significare
1703 2814 1833 2855 posset?
1862 2814 1951 2857 Ergo
1963 2824 2065 2847 omne

1188 2859 1315 2902 signum
1339 2859 1383 2893 est
1406 2862 1658 2904 suppositivum.
1687 2862 1779 2906 Resp.
1802 2875 1862 2906 neg.
1879 2864 2066 2905 Μιθρῆ-

1189 2908 1316 2948 bationis
1328 2911 1488 2952 majorem:
1515 2922 1646 2956 oportet
1657 2913 1746 2953 enim
1772 2913 1854 2947 bene
1866 2913 2066 2958 distinguere

1189 2958 1443 3002 suppositionem
1457 2962 1540 3008 signi⁴
1550 2963 1590 2997 ad
1604 2963 1850 3007 significandum
1864 2964 1956 2997 suum
1969 2964 2068 3007 signi·

1189 3008 1322 3043 sicarum
1338 3034 1348 3050 ,
1374 3010 1408 3044 δε
1421 3012 1672 3055 suppositionem
1689 3013 1772 3056 signi
1800 3024 1857 3055 pro
1870 3014 1926 3047 suo
1946 3014 2067 3058 signifi·

1189 3069 1281 3092 cato:
1304 3057 1467 3095 haecenim
1492 3061 1560 3095 duo
1583 3061 1678 3106 plane
1699 3062 1819 3097 diversa
1831 3064 1923 3096 sunt:
1951 3066 2063 3105 dequo-

1188 3120 1255 3145 rum
1275 3109 1448 3152 diversitate
1468 3122 1506 3143 ex
1523 3112 1646 3155 professo
1668 3114 1817 3154 loquemur
1838 3113 1922 3154 infra
1934 3137 1941 3146 .
1973 3114 2064 3148 Dico

1189 3169 1268 3203 ergo
1289 3160 1417 3203 signum
1439 3162 1667 3203 suppositivum
1688 3162 1751 3201 esse
1774 3163 1856 3197 illud
1879 3187 1890 3203 ‚
1915 3163 2005 3206 quod
2027 3164 2063 3197 in

1188 3219 1346 3243 contextu
1376 3210 1534 3244 orationis
1555 3209 1672 3245 habere
1695 3213 1797 3257 potest
1810 3212 2064 3256 suppositionem

1189 3268 1246 3302 pro
1274 3259 1332 3291 suo
1354 3260 1558 3302 significato:
1586 3261 1732 3305 adeoque
1744 3273 1810 3296 non
1820 3275 1921 3297 omne
1934 3264 2064 3308 fignum

1188 3310 1250 3340 esse
1275 3308 1522 3350 suppofitivum.
1553 3311 1790 3358 Qamtumvis
1815 3314 1904 3348 enim
1916 3324 2015 3348 omne
2027 3314 2064 3346 si-

1188 3368 1291 3401 gnum
1314 3358 1350 3391 sit
1371 3369 1474 3401 capax
1497 3360 1724 3405 suppositionis
1746 3362 2065 3408 ad'significandum

1189 3408 1280 3440 suum
1307 3407 1543 3452 fignificatum3
1572 3422 1640 3445 non
1661 3421 1771 3447 tamen
1794 3424 1895 3448 omne
1905 3413 1952 3448 est
1963 3425 2066 3459 capax

1187 3457 1419 3504 suppositionis
1432 3470 1491 3506 pro
1503 3461 1564 3497 suo
1575 3462 1759 3508 significato
1769 3463 2007 3510 significando.

1890 3524 1944 3563 43·
1961 3515 2020 3558 Dis
