2384 3770
401 123 467 159 62

834 99 945 159 >¹Dr.
990 114 1279 160 'Ontonia
1329 104 1733 160 Enamranuu

369 197 529 245 dffvlvens
539 196 714 244 obedientia
726 221 738 241 ‚
763 190 995 245 anathemasti.
1022 201 1078 244 Ad
1093 201 1180 238 hunc
1194 213 1269 236 cam
1308 200 1407 247 longe
1430 192 1640 247 peritissimus
1657 226 1669 244 ‚
1703 200 1862 245 Magister
1883 201 2020 238 Bafilius
2040 202 2189 237 Pontius:
2233 203 2354 254 Libq.

369 259 493 284 nonem
509 247 661 284 exultant
681 248 783 284 nostri
809 251 1058 299 Monachorutn
1079 264 1117 289 ac
1127 251 1250 288 Sandi⁴

367 297 566 334 monialium
585 299 693 337 osores
719 299 876 339 Haeretici
894 307 917 343 ’,
951 303 1100 338 dicentes
1122 303 1244 339 Sancti-

366 349 567 392 monialium
597 350 825 394 profeffionern
861 363 898 386 ac
922 352 1185 389 decalvationem
1204 353 1247 391 ab

320 427 324 437 ,
367 397 431 432 isto
453 400 602 440 concilio
619 399 911 445 anathematizari.
941 403 984 437 Et
1005 404 1141 448 quidem
1156 405 1247 438 Con-

227 778 299 816 Lib.
310 790 343 828 3.

181 841 210 866 C·
226 841 277 878 13

366 448 447 492 cilio
469 444 537 484 non
565 450 622 484 tali
645 452 736 497 quali
758 466 769 486 .·
801 448 1055 497 Ipsum‘quippe
1079 478 1089 494 ,
1118 454 1194 498 quia
1215 453 1246 488 ei

366 498 490 539 Hosius
506 498 726 536 Cordubensis
740 502 920 547 Episcopus
934 527 945 543 ,
972 515 1009 537 ac
1023 503 1122 538 saneti
1136 503 1247 547 Sylve·

364 548 421 584 stri
442 561 498 594 per
519 561 655 587 omnem
679 551 842 587 orientem
860 552 1076 595 Apostolicus
1090 553 1217 598 legatus
1234 578 1244 594 ‚

362 596 511 636 interfuit
532 613 570 638 ac
590 601 757 646 praesedit,
785 600 871 645 Papa
893 602 1113 646 Symmachus
1136 605 1245 637 auclo-

362 648 458 685 ritate
469 649 664 698 Apostolica
686 651 917 686 confirmavit.
948 653 996 687 At
1009 653 1162 687 exultant
1176 653 1242 688 fine

360 701 468 736 caussa
501 713 538 736 ac
566 701 600 736 in
628 712 725 746 caput
751 703 844 736 suum
871 726 879 734 .
919 701 1094 737 Canonem
1121 703 1242 747 quippe

360 750 458 785 istum
484 752 652 796 eleganter
677 752 821 796 explicat
846 751 1056 789 Zozomenus
1081 777 1092 794 ‚
1119 753 1162 787 sic
1188 753 1241 790 di—

359 811 438 835 cens
446 826 453 833 .
484 803 624 836 Mulieres
636 813 693 837 non
700 811 807 845 paucae
819 802 961 836 adduaae
975 809 1009 839 in
1011 802 1161 844 fraudem
1169 809 1239 845 prl-

358 850 439 896 nrum
465 857 544 884 viros
568 850 777 894 deseruerunt.
807 852 1238 896 Nonnullaepietamfimulae—

357 907 437 935 none
454 910 544 944 caput
566 903 740 942 totendere,
766 903 913 936 &contra
924 913 1013 945 quam
1018 900 1126 948 sexum
1136 903 1239 940 mulle-

355 950 438 998 brem
463 952 596 990 deceret,
623 953 743 984 virilem
772 951 911 986 habitum
939 954 1064 986 induere
1086 978 1093 989 ‚
1121 956 1174 987 His
1201 955 1252 991 de·

337 1001 451 1040 *ca'uffls
477 999 619 1043 Episcopi
640 1025 651 1041 ‚
680 1002 738 1035 (erc.
767 1001 902 1046 Deinde
928 1001 1146 1038 Haeresiarcha
1175 1003 1236 1038 isto

352 1049 499 1083 concilio
526 1049 698 1085 damnatus
730 1050 892 1088 Eustatius
919 1046 1010 1087 inter¹
1041 1052 1110 1090 alia
1134 1053 1234 1088 etiam

351 1100 601 1137 matrimonium
622 1100 801 1136 damnabat
815 1125 826 1143 ‚
853 1103 1033 1146 omnesque
1058 1103 1235 1150 obligabat

350 1150 391 1183 ad
418 1150 680 1186 continentiam:
711 1151 753 1186 Et
779 1152 855 1193 quia
882 1152 944 1186 isto
969 1163 1077 1187 errore
1090 1153 1234 1188 multasa

351 1201 477 1234 maritis
504 1200 568 1234 suis
596 1200 695 1245 impie
715 1200 885 1236 abstractas
911 1199 1063 1236 mulieres
1078 1203 1109 1236 in
1126 1199 1233 1237 mona-

349 1249 453 1297 steriis
480 1250 641 1285 decalvari
667 1251 785 1286 fecerat
808 1275 820 1293 ‚
858 1252 950 1286 istam
972 1252 1233 1289 decalvationem

349 1299 504 1342 Synodus
530 1299 588 1334 ista
616 1301 784 1341 damnavit
800 1326 808 1334 .
838 1301 983 1344 Proinde
1004 1302 1158 1346 Synodus
1175 1302 1233 1337 issa

349 1349 435 1383 nihil
464 1351 606 1384 omnino
633 1362 692 1396 pro
713 1351 888 1396 haereticis‚
918 1351 1096 1396 plurimum
1124 1361 1232 1389 autem

348 1410 406 1442 pro
430 1400 526 1434 nobis
547 1401 627 1447 facit
658 1413 665 1434 :
706 1401 861 1437 Ostendit
881 1401 973 1437 enim
999 1397 1233 1440 Savnd'limonia·

348 1451 431 1482 lium
454 1450 715 1493 decalvationem
740 1452 838 1494 etiam
854 1451 886 1485 in
900 1447 1127 1499 Paphlagonia
1140 1453 1232 1488 fuisse

351 1497 519 1540 usitatam.
551 1501 596 1534 At
626 1501 701 1534 vero
725 1501 758 1535 in
790 1502 933 1536 Ecclesia
955 1502 1231 1541 occidentalifuit

348 1551 423 1583 usus
450 1552 634 1597 contrarius
652 1562 679 1594 z¹
703 1551 1005 1588 sanctimonialium
1032 1552 1135 1587 crines
1162 1553 1233 1590 illic

348 1597 522 1634 dumtaxat
542 1600 600 1636 sub
630 1601 721 1636 sacro
747 1602 887 1635 reticulo
913 1606 950 1635 ‘ac
971 1602 1046 1637 velo
1057 1601 1232 1638 absconde-

349 1650 466 1683 bantur
490 1675 499 1683 .
525 1649 684 1693 Testatur
710 1649 743 1685 id
765 1651 872 1700 palam
896 1646 1002 1687 codeir
1027 1650 1228 1689 Theodona-

347 1710 407 1733 nus
431 1724 441 1739 ‚
467 1711 566 1744 quem
587 1700 693 1734 modo'
711 1701 752 1734 ad
780 1713 913 1738 manum
936 1714 1005 1736 non
1029 1701 1134 1738 habeo
1157 1728 1167 1744 ‚
1194 1714 1231 1737 ac

347 1748 447 1783 etiam
458 1751 582 1784 sanctus
597 1748 790 1786 Ambrofius
802 1751 835 1784 in
848 1752 1005 1795 opusculo
1016 1752 1057 1786 ad
1070 1752 1229 1798 virginem'

348 1797 485 1842 lapsam.
510 1799 553 1832 Et
566 1799 765 1849 bunensum
779 1803 904 1837 sanetus
917 1800 1153 1848 Augustinus,
1180 1814 1223 1837 ut·

348 1860 426 1892 pote
450 1859 589 1893 magnus
612 1847 777 1884 Ambrosii
792 1850 1002 1896 Distipulus,
1029 1852 1094 1888 suis
1107 1853 1229 1890 sansti—

348 1899 551 1932 monialibus
562 1896 663 1933 etiam
678 1900 857 1942 praescripsxt
869 1925 878 1932 .

399 1948 510 1997 Atque
523 1947 601 1982 hinc
615 1956 723 1992 patet,
750 1960 819 1993 quo
829 1949 913 1983 olim
925 1948 1016 1982 sensu
1028 1946 1068 1983 ad
1082 1950 1225 1985 sanetum

299 2013 303 2016 ·
350 1999 549 2044 Episcopum
572 1997 798 2042 Pomponium
817 1997 857 2033 de
870 1999 1034 2034 Africanis
1050 1997 1226 2034 sanctimo-

350 2048 492 2083 nialibus
517 2048 744 2092 prostffionem
769 2048 857 2081 suam
882 2057 936 2089 per
956 2048 1064 2081 nescio
1077 2060 1159 2090 quos
1178 2050 1224 2082 fae-

350 2096 412 2134 'dos
424 2098 618 2132 concubitus
642 2095 928 2139 praevaricantibus
939 2096 1094 2139 scripserit
1104 2098 1223 2141 glorio-

352 2151 404 2181 sus
432 2149 558 2180 Dossor
581 2158 618 2179 ac
646 2146 773 2188 Martyr
787 2145 993 2189 Cyprianus.
1012 2143 1226 2190 'Quodfisecx

348 2198 409 2241 fide
421 2196 535 2237 christo
558 2197 727 2228 dicaverint
738 2220 748 2236 ‚
770 2197 889 2237 pudicae
902 2197 935 2230 (9·
947 2194 1101 2237 caflaefino
1111 2197 1172 2230 ulla
1171 2195 1225 2238 fa·

353 2248 424 2280 bula
442 2245 655 2289 perseverent,
683 2251 728 2278 ita
741 2244 842 2287 forres
870 2246 905 2279 <9
923 2244 1047 2287 stabiles
1067 2250 1226 2287 praequm

354 2295 543 2342 vlrgtm'tan's
566 2295 741 2337 expediem3·
759 2293 791 2338 fi
807 2303 904 2327 aurem
923 2293 1116 2338 perseverare
1128 2298 1227 2328 nolunt

354 2349 408 2381 vel
420 2358 478 2378 non
486 2346 600 2388 pcffum
615 2368 624 2383 ‚
653 2346 754 2378 melan
778 2344 815 2386 est
827 2345 943 2377 nubant
955 2369 966 2384 ‚
992 2356 1082 2388 quam
1093 2350 1124 2376 in
1131 2351 1227 2390 ignem

355 2396 472 2430 deliffls
488 2394 551 2439 suis
561 2396 674 2427 cadant
690 2418 696 2426 .
725 2394 826 2427 Hunc
838 2395 995 2436 Cypriani
1011 2396 1121 2429 locum
1134 2395 1227 2430 nobis

355 2447 396 2481 ad
422 2447 571 2480 nauseam
593 2445 693 2487 usque
713 2444 833 2478 affidue
856 2442 1036 2479 obtrudunt
1064 2445 1228 2478 Martinus

356 2495 522 2530 Lutherus
544 2506 581 2528 ac
605 2494 747 2537 Joannes
765 2494 923 2527 Calvinus
937 2519 947 2535 ,
973 2506 1013 2527 ex
1037 2506 1077 2528 eo
1089 2496 1228 2529 conclu-

354 2546 472 2579 dentes
485 2544 663 2578 monastica
676 2555 835 2588 perpetuae
848 2545 1061 2578 continentiae
1073 2555 1147 2578 vota
1160 2545 1227 2578 nul·

357 2597 419 2628 lius
431 2596 494 2628 effe
506 2594 630 2629 roboris
639 2606 675 2628 ac
688 2594 906 2637 obligationis
916 2617 925 2632 ,
952 2604 1067 2635 utpote
1078 2605 1148 2638 quae
1162 2607 1228 2638 pro·

357 2646 429 2690 prio
451 2656 543 2679 motu
566 2645 684 2688 poffint
710 2645 832 2684 deseri,
860 2644 895 2678 δε
921 2643 1067 2690 aquibus
1078 2645 1173 2687 poffit
1185 2645 1223 2678 ad

356 2696 491 2739 nuptias
506 2695 650 2733 transiri,
677 2705 775 2737 atque
795 2694 838 2728 ita
861 2694 954 2728 evadi
978 2695 1064 2739 ignis
1075 2705 1229 2729 aeternus.

358 2745 482 2779 Verum
519 2744 670 2778 homines
689 2743 890 2779 ‘solemniter
912 2744 1052 2778 delirant
1071 2768 1083 2785 ,
1119 2745 1227 2779 volen-

357 2797 468 2838 tesque
489 2796 551 2829 esse
573 2794 654 2839 legis
667 2795 825 2828 Dostores
837 2806 906 2827 non
921 2794 1110 2838 intelligunt
1123 2820 1134 2834 ,
1161 2806 1228 2838 quae

356 2846 534 2883 affirmant,
564 2856 668 2888 neque
694 2844 735 2878 de
747 2843 866 2888 quibus
878 2844 1078 2888 loquuntur.
1110 2844 1227 2888 Neque

355 2897 444 2928 enim
466 2895 510 2928 rbi
530 2895 675 2938 loquitur
698 2893 885 2937 Cyprianus
908 2894 949 2927 de
972 2896 1056 2928 votis
1069 2894 1224 2928 monasti-

358 2945 405 2978 cis
428 2969 439 2985 ‚
478 2956 591 2986 utpote
626 2943 715 2987 cujus
739 2955 881 2986 ternpore
907 2944 995 2978 nulla
1015 2943 1100 2987 apud
1129 2945 1228 2978 Afros

358 3004 448 3028 erant
474 2994 666 3028 monasteria
693 3005 749 3028 aut
773 2993 951 3028 monastica
973 3006 1069 3028 vota.
1097 2994 1226 3028 Vocem

358 3043 564 3083 Monafterium
585 3056 664 3078 tunc
684 3043 757 3077 Afri
778 3042 887 3077 adhuc
906 3045 1102 3087 ignorabant
1123 3069 1129 3076 .
1158 3044 1228 3078 Lo-

358 3095 468 3136 quitur
479 3106 557 3138 ergo
577 3096 616 3126 de
644 3094 713 3128 solo
733 3095 867 3137 fimplici
880 3119 892 3137 ,
917 3095 1012 3138 quale
1024 3095 1126 3128 modo
1138 3094 1227 3128 emit-

358 3154 432 3178 tunt
461 3144 573 3178 nostra:
596 3143 668 3177 filiae
679 3144 825 3185 devotae,
851 3151 1007 3188 perpetuae
1018 3144 1235 3179 continentiae.

360 3203 455 3233 voto,
484 3194 573 3238 quod
590 3193 642 3228 ob
659 3194 826 3236 probabile
839 3194 1094 3229 incontinentiae
1109 3195 1229 3238 pericu-

360 3241 428 3275 lum
451 3245 531 3277 olim
553 3255 607 3287 per
625 3244 756 3286 quosvis
780 3245 961 3288 Episcopos
982 3244 1157 3289 dispensari
1177 3256 1230 3288 po·

359 3294 444 3332 tuit,
472 3296 638 3338 possetque
656 3295 835 3329 etiamnum
847 3318 858 3336 ,
886 3296 942 3328 nifi
956 3296 1102 3330 Romani
1115 3294 1229 3330 Ponti·

360 3341 437 3375 fices
453 3353 523 3375 eam
547 3344 732 3379 facultatem
760 3346 873 3378 sanstae
896 3345 957 3378 suae
982 3346 1058 3379 Sedi
1082 3346 1230 3380 reservas-

359 3387 450 3435 sent.
477 3391 682 3436 Quapropter
703 3395 809 3438 lapsus
832 3390 887 3428 hic
910 3395 954 3428 est
968 3394 1169 3441 Theologus
1182 3406 1233 3429 ve-

1310 252 1549 298 Legionensis‚
1574 252 1654 286 dum
1676 252 1710 287 in
1734 250 1923 288 dostiffimis
1943 254 2006 288 suis
2017 254 2060 288 de
2071 253 2179 288 matri.
2197 262 2226 286 c.
2241 265 2296 302 15.
2352 281 2359 294 .

1309 298 1414 338 monii
1435 303 1648 337 Sacramento
1670 301 1759 336 libris
1771 312 1862 348 putat
1872 302 2077 347 Cypri-mum
2090 303 2184 348 loqui

1308 352 1348 387 de
1361 354 1444 388 veris
1464 354 1524 388 tria
1538 363 1613 388 vota
1626 353 1768 397 profeffis
1779 354 2110 395 Sanfflmonialibus,
2135 365 2184 388 at·
2239 353 2242 356 ⁴

1309 415 1372 446 que
1392 415 1432 437 ex
1455 415 1506 451 eov
1513 403 1630 450 probat
1646 403 1800 447 sacrilega
1812 403 2182 450 Religiosorum-conju-

1305 453 1364 497 gia
1385 452 1570 495 antiquitus
1587 454 1681 488 fuisse
1707 453 1814 487 valida
1825 464 1862 487 ac
1871 453 1962 487 firma
1976 478 1983 484 .
2012 453 2123 489 Probo
2135 455 2183 488 as-

1310 503 1485 538 sertionem
1505 503 1594 546 ejus:
1623 505 1671 539 Ea
1689 514 1833 548 namque
1855 503 2028 538 certiffima
2040 504 2106 544 est,
2134 516 2179 538 at-

1309 563 1371 602 que
1385 564 1442 596 per
1468 555 1572 597 ipsum
1584 565 1626 594 eat
1637 553 1778 589 obscuro
1788 554 1995 599 antiquitatis
2007 562 2108 597 puteo
2117 555 2184 588 ele-

1307 602 1492 646 gantissime
1511 614 1648 648 evocata
1671 604 1706 638 in
1730 604 1837 637 lucem
1857 604 2091 638 meridianam.
2117 602 2184 637 Ve-

1307 651 1377 686 rum
1400 653 1491 687 istam
1515 653 1742 696 probationem
1770 653 1938 696 improbo.
1958 654 2048 702 Qia
2073 653 2181 687 certis-

1304 702 1418 736 simum
1430 703 1490 742 est,
1520 713 1668 746 tempore
1681 704 1775 737 sansli
1789 704 1946 746 Cypriani
1962 705 2067 737 nullas
2082 705 2115 737 in
2133 704 2181 737 A·

1306 753 1384 786 frica
1399 753 1491 787 ruisse
1502 754 1773 789 sanctimoniales
1783 771 1786 774 >
1795 755 1950 787 veraciter
1963 754 2149 798 Religiosas
2162 777 2172 786 .

1304 803 1478 847 Mirorque
1490 802 1519 836 id
1532 803 1630 837 etiam
1646 804 1832 847 ignoratum
1846 804 1962 838 fuissea
1974 803 2099 848 Jacobo
2112 803 2174 838 Pa-

1302 853 1422 887 melio.
1452 853 1498 887 At
1518 853 1666 896 inquies,
1694 853 1783 887 unde
1801 853 2096 897 ergoistaedevotae
2107 853 2167 886 vir·

1300 902 1395 947 gines
1419 903 1622 937 vocabantur
1634 902 1899 938 Sanfflmoniales
1911 904 1927 936 ἓ
1953 904 2172 946 Nequeenim

1301 953 1433 996 {implex
1459 954 1674 988 continentiae
1706 964 1820 987 votum
1845 953 1921 989 facit
1945 953 2177 988 Sanaimonia-

1300 1004 1363 1037 lem
1379 1002 1611 1047 .·Respondeo
1638 1003 1681 1036 fic
1702 1002 1833 1038 vocata's
1855 1004 1948 1038 fuiffe
1960 1005 1978 1039 ὶ
1991 1004 2080 1038 sacro
2092 1003 2172 1036 vela-

1298 1054 1409 1095 mine,
1437 1065 1475 1086 ac
1500 1052 1684 1096 Episcopali
1699 1053 1961 1087 consecratione.
1989 1053 2170 1087 Haecenim

1298 1103 1367 1136 istis
1389 1102 1574 1147 virginibus
1595 1104 1717 1144 semper
1738 1103 1880 1146 impensa
1901 1103 2019 1144 fuisse,
2047 1104 2165 1137 clarius

1298 1151 1365 1194 eff,
1382 1151 1490 1195 'quam
1513 1162 1548 1185 ut
1574 1151 1744 1197 probetur.
1996 1168 1998 1172 ·

1481 1251 1511 1285 c
1540 1250 1569 1287 Λ
1599 1235 1626 1284 r>
1656 1250 1695 1289 υ
1721 1250 1760 1285 Τ
1820 1249 1981 1287 xxxru.

1296 1353 1402 1396 ,Quare
1416 1349 1540 1395 sanans
1562 1349 1833 1395 Augustinus'adeb
1857 1330 1966 1385 acriter
1977 1350 2038 1395 suis
2049 1351 2170 1386 sanm-

1394 1401 1571 1435 monialibus
1597 1402 1721 1435 inculcet
1738 1425 1749 1441 ‚
1774 1411 1807 1435 ut
1824 1411 1933 1444 gerant
1956 1401 2067 1436 humile

1583 1458 1691 1494 tapms
1717 1452 1879 1487 velamen?

1406 1551 1582 1594 Espondeo
1603 1550 1699 1594 hujus
1721 1551 1766 1585 rei
1789 1551 1928 1585 caussam
1943 1550 2064 1585 addisci
2078 1553 2168 1594 posse

1421 1612 1462 1635 ex
1485 1602 1594 1636 sancio
1618 1603 1745 1645 Optato
1764 1601 1924 1645 Episcopo
1941 1601 2167 1641 milevitano,

1294 1651 1335 1684 ad
1375 1651 1630 1687 parmenianum
1656 1652 1697 1686 fic
1724 1651 1884 1685 scribente
1907 1652 1948 1685 de
1971 1651 2168 1687 criminibus

1296 1700 1542 1736 Donatistarum
1564 1726 1574 1742 ‚
1602 1714 1639 1736 ac
1660 1702 1831 1745 praesertirn
1866 1700 1984 1736 Felicis
2011 1702 2165 1744 Episcopi

1296 1750 1475 1785 idicrensis.
1505 1753 1594 1786 Feltx
1614 1758 1692 1785 Inter
1717 1750 1908 1797 rriminaesua
1919 1751 2101 1791 &facinora
2113 1762 2164 1783 ne-

1285 1801 1407 1845 fanda,
1437 1801 1475 1833 ab
1498 1813 1530 1834 eo
1539 1800 1772 1847 comprehensam
1781 1802 1916 1843 puellam
1927 1825 1938 1841 ,
1962 1808 2008 1834 cul
2020 1799 2166 1833 mithram

1293 1849 1353 1892 ipse
1364 1850 1540 1894 imposuerat
1552 1876 1562 1891 ,
1590 1853 1610 1885 ἁ
1620 1864 1673 1893 quo
1684 1853 1776 1893 paulo
1798 1853 1869 1885 ante'
1885 1854 1978 1884 Pater
1988 1851 2164 1890 vocabatur,

1293 1899 1409 1943 nefarie
1427 1901 1576 1940 lncoestare
1597 1904 1718 1936 minime*
1732 1902 1909 1934 dubitavit.
1940 1901 2043 1935 Ratio
2056 1903 2166 1943 itaque

1293 1949 1452 1992 praesentis
1476 1950 1661 1991 quaestionis
1680 1951 1726 1983 est
1740 1974 1750 1989 ,
1777 1951 1852 1994 quia
1879 1949 2042 1983 Africana
2059 1950 2161 1983 Casti·

1293 1998 1453 2032 moniales
1469 1997 1534 2043 jam
1556 1998 1596 2035 ab
1615 1998 2067 2042 immemorialitemporepro
2080 1998 2166 2042 capi-

1293 2050 1334 2079 tis
1357 2048 1517 2082 velamine
1540 2049 1709 2090 gestabant
1737 2047 1913 2087 mithram,
1940 2048 1980 2080 de
1997 2059 2061 2090 qua
2077 2049 2165 2082 idem

1292 2097 1415 2128 sanctus
1425 2096 1568 2139 Optatus
1579 2096 1621 2128 fic
1633 2096 1747 2140 dequo
1759 2096 1845 2130 dicit
1859 2120 1866 2127 .
1886 2100 1971 2141 jam
1985 2098 2161 2137 illudquam

1284 2143 1408 2183 stultum
1431 2168 1443 2184 ,
1471 2155 1560 2186 quam
1581 2157 1696 2178 vanum
1713 2169 1723 2184 ,
1751 2147 1831 2187 quod
1851 2148 1895 2175 ad
1918 2146 2105 2178 voluntatem
2130 2147 2164 2179 ἐν

1289 2193 1372 2236 quast
1388 2194 1432 2226 ad
1453 2195 1629 2239 dignitatem
1653 2194 1780 2234 vestram
1801 2205 1936 2229 revocare
1946 2194 2094 2236 voluistis,
2124 2203 2160 2228 ut

1292 2250 1424 2287 virgines
1439 2247 1493 2289 Dp
1512 2251 1848 2288 agerentpaenuentiam
1859 2269 1869 2284 ,
1896 2244 2040 2285 discentes
2052 2254 2086 2279 ut
2093 2247 2165 2286 jam

1290 2293 1402 2325 dudum
1423 2293 1558 2335 profeffae
1573 2293 1660 2337 signa
1684 2297 1851 2327 voluntatis
1877 2293 2047 2335 capitibus,
2068 2294 2168 2335 postea

1293 2342 1554 2383 vobtsjubennbus
1570 2358 1581 2383 ¹,
1606 2352 1814 2377 immutarent:
1833 2342 2050 2377 Urmitbrellas
2059 2354 2167 2377 aureas

1288 2395 1464 2435 projicerem
1483 2417 1493 2432 ,
1521 2394 1598 2426 aliar
1623 2399 1788 2434 acciperent
1806 2417 1814 2424 .
1843 2395 1946 2426 Primo
1969 2395 2057 2426 dicire
2076 2418 2087 2432 ‚
2114 2393 2171 2426 ubl

1292 2444 1375 2476 vobit
1397 2444 1512 2484 aliquid
1533 2445 1571 2476 de
1592 2443 1740 2475 mithrella
1762 2441 2001 2483 mandatumfie.
2026 2446 2093 2476 Nec
2104 2445 2166 2476 ulla

1286 2491 1358 2535 sunt
1377 2500 1527 2536 precepta
1544 2517 1553 2532 ,
1591 2495 1644 2525 vel
1668 2494 1706 2526 de
1729 2504 1788 2534 qua
1812 2492 1886 2524 lana
1899 2491 2050 2525 mithrella
2058 2491 2164 2534 fieret,

1291 2553 1345 2576 aut
1364 2544 1402 2576 de
1423 2554 1480 2585 qua
1500 2551 1637 2584 purpura
1653 2549 1845 2585 pingeretur.
1871 2546 1944 2574 Non
1964 2548 2042 2574 enim
2059 2551 2164 2586 panno

1292 2592 1343 2625 hoc
1361 2593 1452 2633 potest
1471 2592 1635 2638 virginitas
1657 2595 1819 2631 adjuvari.
1848 2595 1908 2625 Res
1930 2597 2056 2625 inventa
2068 2593 2107 2627 ea
2119 2595 2167 2625 ad

1285 2642 1400 2686 figmcm
1418 2649 1525 2683 capim
1541 2641 1563 2681 ,‘
1578 2640 1637 2675 non
1656 2645 1699 2674 ad
1709 2643 1868 2675 remedium
1875 2640 2019 2680 castitatis
2031 2666 2039 2676 .
2065 2644 2164 2676 Deni-

1292 2704 1345 2735 que
1366 2694 1400 2726 &
1420 2693 1492 2725 talis
1510 2701 1632 2734 pannus
1656 2694 1833 2734 deturpari,
1861 2694 1894 2725 <ar
1916 2693 2003 2730 rodr,
2031 2694 2064 2726 Θ
2084 2698 2166 2733 peri-

1292 2755 1322 2775 re
1341 2742 1451 2784 poiest3
1478 2744 1510 2775 (ts
1533 2753 1634 2783 tamen
1656 2747 1816 2786 virginitas
1834 2741 1896 2782 fine
1917 2741 2069 2776 mithrella
2092 2752 2161 2775 ruta

1291 2793 1340 2836 effe
1359 2795 1449 2834 potest
1471 2817 1478 2824 .
1507 2795 1667 2833 5p1rituale
1693 2793 1821 2824 nubendl
1842 2791 1892 2824 hoc
1907 2802 2001 2834 genus
2022 2791 2060 2830 est
2082 2815 2089 2824 .
2127 2795 2164 2824 ln

1294 2849 1415 2884 nuptias
1432 2841 1533 2885 sponsi
1541 2844 1611 2883 jam
1635 2852 1782 2876 venerant
1804 2844 1959 2874 voluntate
1984 2841 2110 2885 &prose
2128 2854 2165 2875 ao-

1292 2904 1327 2925 ne
1343 2891 1399 2937 sua
1421 2914 1431 2929 2
1467 2895 1501 2928 (θ’
1526 2902 1561 2926 ut
1576 2892 1767 2935 saecularibus
1795 2898 1911 2932 nuptm
1929 2890 1963 2933 se
1986 2892 2162 2934 renunctaffir

1291 2943 1479 2981 monstrarent
1502 2967 1513 2982 ,
1545 2940 1681 2986 spiritali
1708 2940 1816 2986 sponso
1842 2941 2000 2985 solverant
2031 2947 2142 2976 crinem
2154 2965 2164 2981 ‚

1287 2995 1355 3032 jam
1370 2992 1492 3033 caelestes
1506 2992 1726 3026 celebraverant
1739 2997 1877 3033 nuptias.
1906 2992 1991 3034 ,Quid
2000 2990 2038 3031 est
2048 3015 2058 3030 ‚
2085 2993 2167 3033 quod

1290 3055 1337 3075 eas
1351 3050 1457 3074 iterum
1467 3048 1573 3076 crinem
1579 3040 1694 3085 J'olvere
1705 3042 1829 3084 coegistis
1845 3042 1862 3072 ἒ
1889 3041 1977 3083 ,Quid
1989 3064 1998 3078 ,
2025 3046 2163 3083 inquam,

1290 3093 1326 3131 est
1341 3118 1351 3132 ,
1378 3094 1459 3133 quod
1469 3093 1507 3124 ab
1518 3090 1582 3135 ipfis
1589 3101 1644 3134 per
1652 3103 1709 3124 :vos
1721 3091 1828 3124 exaesa
1839 3089 1971 3132 eli-profe
1988 3101 2013 3121 ιο
2019 3088 2163 3132 secunda?

1291 3146 1370 3185 ,ριω
1393 3143 1429 3181 est
1450 3143 1526 3176 alter
1546 3139 1696 3184 spiritalis
1711 3139 1832 3185 sponsus
1850 3165 1860 3181 ,
1884 3147 1928 3172 cut
1950 3146 2056 3173 iterum
2077 3141 2163 3173 nube·

1290 3194 1380 3234 rent?
1406 3190 1547 3235 ,Quando‘
1561 3202 1691 3224 mortuus
1711 3191 1750 3231 est
1766 3215 1777 3231 ,
1801 3196 1847 3223 cui
1857 3189 2038 3233 nupserant,
2063 3199 2096 3222 ut
2111 3197 2166 3224 m-

1291 3254 1357 3275 rum
1369 3243 1483 3275 nubant
1495 3244 1508 3276 ?
1532 3241 1679 3278 Nudastr's
1690 3243 1784 3273 denuo·
1791 3246 1891 3282 capita
1896 3243 1968 3280 jam
1979 3240 2084 3273 velata
2103 3265 2113 3279 ,
2125 3242 2163 3274 de

1291 3292 1396 3334 qulbus
1416 3292 1594 3334 profeffionrs
1617 3291 1790 3330 detraxistis
1813 3291 1943 3330 indicia,
1970 3300 2039 3330 quae
2060 3300 2164 3324 contra

1292 3351 1426 3384 raptores
1438 3352 1493 3376 aue
1502 3348 1643 3386 petitores
1656 3342 1801 3375 videntur
1810 3347 1936 3375 inventa
1949 3362 1957 3371 .
1983 3344 2019 3372 1n
2033 3340 2166 3375 mrtbrel-

1291 3395 1323 3428 la
1346 3394 1485 3426 indicium
1507 3392 1545 3435 est
1556 3393 1725 3426 voluntates
1737 3415 1748 3432 ,
1775 3402 1833 3424 non
1843 3389 1988 3432 castitatis
2000 3392 2161 3424 auxmum.

2207 1679 2315 1719 Liba.
2338 1661 2354 1687 ¹

2206 2047 2276 2084 Lib.
2282 2047 2314 2085 6.

361 3439 476 3478 inciter
492 3442 638 3477 eximius
658 3467 671 3484 ,
712 3456 751 3479 ac
772 3438 1007 3480 Ecclefiast'icae
1023 3446 1234 3491 antiquitatis
1295 3446 1419 3490 Signum
1437 3443 1476 3486 est
1499 3466 1511 3485 ,
1533 3453 1591 3477 non
1607 3444 1833 3478 Sacramentum
1855 3465 1864 3474 .
1890 3441 2050 3483 Invenlstts
2071 3446 2165 3485 virgi-

2062 3501 2116 3528 nes
