2384 3770
400 139 498 177 260

353 212 438 248 male
454 202 613 244 vocantur
622 206 713 253 signa
726 205 780 242 illa
792 231 805 249 ,
830 217 885 252 per
895 219 966 253 quae
979 218 1037 242 nos
1048 217 1146 240 unam
1158 216 1225 240 rem

347 262 390 297 de
404 260 470 294 alia
489 258 708 299 affirmamus,
736 258 770 292 &
784 269 941 303 negamus
955 270 965 295 ;
992 257 1042 290 vel
1056 256 1162 299 potius
1174 267 1226 299 per

346 320 416 356 quat
442 319 503 344 nos
527 319 627 344 unam
654 319 722 343 rem
733 308 775 342 de
787 308 850 342 alia
873 308 1042 346 affirmari,
1071 307 1226 352 &negari

345 357 569 406 fignificamus
585 371 593 392 ε
620 359 710 403 atqui
727 358 780 392 illa
795 358 882 402 ligna
896 359 970 391 sunt
983 358 1142 399 scripturae
1154 381 1165 397 ,
1192 357 1226 390 ὅ(

348 419 445 444 voces
458 423 470 443 .·
499 420 579 454 ergo
601 408 760 453 scripturae
783 408 816 442 ἀ
831 417 925 441 voces
936 407 997 440 effe
1009 408 1138 449 poliunt
1150 408 1226 441 {ub-

346 459 464 504 jectum
483 483 494 500 ,
521 460 554 494 δε
581 459 786 504 praedicatum
814 470 822 490 ε
849 466 918 491 non
941 456 1074 500 quidem
1088 456 1224 501 objecti-

347 520 448 554 vum3
477 509 530 544 sed
554 509 710 545 formale.
870 522 872 524 ·

401 570 443 597 11
473 560 589 604 Itaque
610 570 677 593 tam
695 569 789 591 voces
809 581 820 597 ‚
846 567 944 601 quam
972 568 1022 591 res
1042 556 1225 602 fignificatae

347 620 403 655 per
417 609 679 645 vocesdicuntur
705 609 767 641 effe
777 607 931 647 termini,
961 617 1127 649 extrema,
1154 618 1230 653 prae7

344 660 513 701 dicatum,
540 659 573 694 ἀ
593 659 770 701 subjectum
786 681 794 689 .
819 657 928 692 Voces
952 658 1084 700 quidem
1105 657 1223 691 dicun-

348 720 402 745 tur
425 708 559 744 termini
571 709 738 749 formales3
772 717 819 741 res
831 709 906 741 vero
917 707 1104 751 fignificatae
1115 707 1226 742 dicun-

345 769 398 794 tur
408 760 471 794 effe
493 758 628 794 termini
654 757 827 800 objedivi.
855 758 917 791 Sed
940 757 1019 791 hinc
1042 768 1146 791 oritur
1167 757 1222 791 dif

346 809 495 850 limitas,
523 821 561 843 ac
573 808 788 843 controversia
806 821 818 841 .·
848 808 973 856 Qales
989 808 1048 840 lint
1071 805 1119 841 hae
1128 807 1224 842 deno·

347 859 573 898 minutiones,
601 858 668 900 Effe
689 864 868 899 terminum,
892 857 942 900 effe
963 867 1150 899 extremum,
1176 857 1226 900 effe

342 911 562 954 pudicarum,
587 908 638 951 effe
658 906 846 950 silvistum,
872 910 928 942 &a
942 910 1009 941 tam
1032 908 1171 951 respectu
1183 904 1224 942 re·

345 970 442 998 rum,
469 969 567 1003 quam
591 959 730 1001 respectu
756 959 900 992 vocum?
927 957 982 991 An
1006 958 1068 992 finr
1079 958 1224 992 denomi-

346 1009 499 1044 nationes
520 1007 643 1047 reales,
671 1008 723 1041 vel
745 1008 906 1042 rationis?
934 1007 1148 1048 Extrinsecae,
1175 1007 1224 1041 vel

347 1058 552 1099 intrinsece,
578 1058 641 1092 &c-
663 1058 705 1091 Et
732 1058 863 1100 quidem
874 1057 1082 1099 Themista,
1108 1058 1225 1101 aljique

345 1108 502 1144 nonnulli
526 1107 721 1153 Philosophi
735 1118 849 1153 putant
861 1108 923 1142 eff·
936 1108 1224 1143 denominationes

346 1157 486 1195 rationis
499 1183 507 1191 .
535 1159 596 1193 Sed
610 1169 720 1193 errant
733 1183 744 1200 ‚
756 1169 831 1193 meo
841 1156 1103 1202 quidemjudicio
1116 1182 1123 1190 .
1142 1159 1226 1192 Sunt

347 1210 470 1256 quippe
501 1208 789 1244 denominationes
817 1207 887 1242 vere
901 1209 1025 1242 reales.-
1053 1207 1145 1241 rebus
1155 1209 1225 1251 qui·

347 1259 424 1295 dem
445 1258 592 1294 totaliter
613 1253 820 1300 extrinsecae';
846 1257 986 1292 vocibus
1007 1257 1085 1292 νει-ὀ
1111 1257 1226 1301 partim

346 1310 529 1344 intrinsecae
545 1334 555 1350 ,
582 1310 699 1353 partim
720 1309 926 1343 extrinsecae.
950 1309 1091 1353 Oportet
1102 1308 1226 1354 lingula

346 1359 483 1406 probare
494 1360 682 1405 figiiiatim.

397 1419 453 1448 2¹·
482 1409 585 1456 Qod
596 1420 677 1454 ergo
693 1410 831 1453 respectu
844 1419 947 1444 rerum
960 1409 1026 1444 istae
1035 1409 1226 1444 denomina—

345 1459 454 1495 tiones
466 1459 527 1494 (int
556 1459 627 1493 vere
651 1459 750 1494 reales
764 1483 776 1500 ,
795 1459 835 1501 fic
842 1462 956 1502 probo.-
982 1461 1073 1507 Qia
1086 1471 1151 1493 rem
1164 1459 1227 1493 effe

345 1508 555 1554 praedicatum
578 1509 624 1543 est
648 1510 738 1544 illam
760 1510 824 1544 effe
846 1511 886 1544 de
898 1511 961 1544 alia
973 1521 1006 1544 re
1017 1510 1227 1548 affirmatam,

344 1561 397 1594 vel
415 1570 587 1604 negatam:
617 1560 708 1602 atqui
733 1569 800 1591 rem
825 1560 887 1594 effe
907 1560 1097 1593 affirmatam
1111 1560 1161 1593 vel
1177 1570 1226 1593 ne·

345 1619 458 1655 gatam
482 1608 529 1642 est
551 1608 600 1642 illi
623 1608 853 1641 denominatio
876 1611 949 1643 vere
962 1609 1076 1643 realis.-
1101 1621 1183 1654 ergo
1194 1609 1227 1642 fi-

348 1659 498 1699 militer‚
524 1659 592 1700 Effe
610 1658 833 1698 predicatum,
858 1658 903 1691 est
925 1659 972 1692 illi
998 1659 1228 1693 denominatio

337 1708 424 1743 vere
435 1707 527 1742 realis
538 1731 546 1739 .
573 1708 674 1745 Major
693 1706 730 1746 est
743 1707 827 1740 clara
840 1720 852 1740 .-
878 1708 969 1749 Qia
982 1707 1169 1751 praedicatio
1183 1708 1226 1741 est

347 1757 448 1793 unius
459 1757 501 1792 de
522 1757 590 1793 alio
602 1756 776 1791 affirmatio
789 1782 800 1796 ‚
829 1758 879 1791 vel
897 1759 1031 1802 negatio
1051 1771 1058 1790 :
1085 1759 1229 1803 adeoque

346 1819 416 1844 rem
427 1807 490 1842 effe
501 1807 708 1850 praedicatum
725 1805 808 1841 nihil
820 1808 883 1842 effe
896 1808 1000 1850 potest
1011 1807 1112 1849 aliud,
1131 1818 1229 1851 quam

346 1858 439 1894 illam
457 1856 497 1891 de
522 1857 585 1890 alia
611 1859 728 1892 reess'e
755 1858 970 1899 affirmatam,
996 1858 1046 1892 vel
1060 1869 1225 1903 negatam.

351 1912 449 1942 Minor
474 1910 545 1942 verb
565 1906 728 1949 probatur:
755 1906 845 1951 Qia
870 1908 926 1941 illa
943 1907 1174 1941 denominatio
1185 1907 1230 1940 est

347 1959 422 1994 vere
449 1958 561 1998 realis,
589 1956 681 2000 cujus
702 1956 921 2001 significatum
951 1957 1092 1990 formale
1103 1957 1147 1989 est
1161 1956 1232 1989 vere

340 2009 459 2044 ‘realex
486 2018 522 2042 ut
546 2008 654 2042 dicam
679 2006 823 2050 pluribus
850 2007 952 2041 infra.
981 2006 1087 2050 Atqui
1113 2005 1231 2040 horum

342 2059 599 2104 'predicatorum
623 2082 634 2097 ,
670 2056 733 2090 five
756 2056 871 2090 harum
895 2058 1232 2095 denominationum,

352 2110 422 2152 ,Effe
443 2110 644 2151 affirmatum,
669 2108 719 2147 effe
743 2115 903 2147 negatum,
932 2106 1150 2148 fignificaturn
1163 2106 1231 2137 for-

351 2160 437 2192 male
458 2160 501 2191 est
523 2156 603 2199 quid
623 2154 696 2188 vere
720 2154 803 2186 reale
827 2167 838 2186 .-
857 2154 1093 2197 ,fignificatum
1115 2153 1234 2196 quippe

350 2220 460 2243 earum
487 2206 625 2240 formale
646 2205 690 2237 est
704 2203 896 2243 affirmatio,
924 2204 956 2236 ὅ(
977 2204 1134 2247 negatio,
1164 2212 1234 2246 quae
1296 2224 1298 2226 v

352 2258 398 2293 est
423 2257 550 2300 aliquid
575 2253 650 2288 vere
673 2253 777 2286 reale:
806 2253 850 2285 est
861 2251 951 2284 enim
967 2253 1059 2285 realis
1071 2252 1210 2294 qualitas
1224 2275 1234 2292 ,

354 2309 450 2342 realis
466 2304 669 2341 intellectio,
697 2301 791 2334 realis
814 2303 961 2343 operatio
973 2303 1128 2344 potentiae
1142 2302 1233 2335 intel-

354 2358 496 2391 lestivae.
529 2354 617 2398 Ergo
641 2354 739 2386 etiam
761 2351 825 2385 iflae
849 2350 1136 2386 denominationes
1160 2352 1233 2385 sunt

351 2419 425 2443 vere
451 2404 568 2440 reales.

405 2467 457 2506 3¹·
493 2454 620 2488 Eodem
634 2452 736 2487 modo
757 2451 1054 2497 philosophandum
1065 2453 1110 2487 est
1123 2450 1235 2486 dehac

352 2506 624 2543 denominatione
640 2530 651 2545 ,
677 2504 745 2547 Effe
768 2502 954 2547 subjeHum:
980 2504 1071 2551 Qia
1093 2505 1154 2536 esse
1167 2502 1233 2536 sub·

355 2558 472 2602 jestum
493 2555 539 2590 est
562 2555 624 2589 esse
635 2553 668 2587 id
680 2579 690 2594 ‚
724 2554 764 2587 de
781 2565 847 2595 quo
860 2553 947 2586 aliud
961 2554 1135 2586 affirmatur
1147 2577 1158 2591 ,
1185 2553 1237 2586 vel

358 2618 515 2652 negatur:
542 2606 586 2640 est
600 2606 662 2638 efl'e
687 2603 811 2638 habens
822 2603 1093 2644 affirmationem,
1122 2602 1172 2636 vel
1185 2614 1237 2636 ne·

356 2658 526 2704 gationem
548 2654 824 2698 alicujusalterius
837 2654 878 2687 de
892 2654 923 2687 se
937 2679 943 2685 .
971 2654 1061 2688 Sicut
1073 2654 1163 2687 enim
1176 2653 1238 2686 esse

357 2708 563 2753 ptaedicatum
588 2705 632 2739 est
658 2703 1053 2744 habereaffirmationem,
1084 2704 1135 2737 vel
1146 2714 1241 2748 nega-

355 2760 485 2794 tionem
509 2757 556 2790 sui
581 2755 623 2788 de
632 2755 721 2797 alio;
750 2750 795 2787 ita
807 2755 868 2787 effe
879 2753 1052 2797 subjestum
1064 2753 1108 2786 est
1123 2752 1239 2787 babere

359 2807 635 2845 affirmationem,
661 2804 712 2837 vel
735 2804 943 2848 negationem
970 2804 1101 2838 alterius
1121 2803 1163 2838 de
1188 2805 1238 2836 se.

359 2859 464 2902 Atqui
492 2855 559 2891 hac
585 2854 813 2889 denominatio
835 2854 880 2888 est
907 2853 977 2888 vere
1000 2855 1117 2888 realis.-
1144 2852 1240 2886 habet

358 2910 448 2944 enim
477 2905 559 2940 reale
582 2904 796 2950 significatum
817 2904 954 2939 formale
977 2915 987 2946 ;
1025 2902 1238 2948 significatum

359 2960 450 2994 enirn
473 2957 540 3000 ejus
559 2955 698 2989 formale
723 2955 767 2989 est
789 2956 922 3000 negatio
940 2979 951 2995 ‚
991 2954 1025 2987 ἀ
1047 2952 1237 2986 affirmatio.

356 3009 454 3054 Ergo
466 3009 563 3042 etiam
590 3007 657 3049 Effe
673 3004 862 3049 subJec'lum,
886 3004 931 3037 est
946 3002 1039 3037 rebus
1049 3003 1239 3037 denomina-

360 3059 412 3094 tio
427 3058 500 3093 vere
512 3056 616 3090 realis.
647 3059 698 3088 Ex
713 3067 769 3098 quo
775 3062 865 3097 patet
882 3067 889 3087 :
915 3053 1017 3101 Qod
1042 3051 1090 3087 hae
1102 3053 1172 3087 duae
1192 3053 1239 3087 de-

363 3108 628 3147 nominationes,
657 3107 723 3149 Effe
741 3104 926 3149 subjecqum,
953 3104 986 3138 &
1010 3103 1077 3146 Effe
1095 3104 1239 3145 praedica·

364 3168 448 3200 tum,
475 3155 615 3192 habeant
631 3156 718 3190 idem
743 3154 884 3190 omnino
895 3153 1113 3198 significatum
1126 3153 1242 3187 forma-

364 3210 415 3242 le:
442 3210 476 3244 &
489 3208 576 3252 quod
588 3205 630 3241 ab
649 3205 761 3241 eadem
782 3207 888 3240 forma
901 3229 912 3245 ,
938 3204 979 3238 ab
990 3203 1106 3238 eodem
1119 3204 1242 3237 intelle·

363 3260 429 3292 &us
450 3260 520 3293 actu
543 3268 607 3291 una
625 3267 676 3291 res
697 3256 930 3291 denominetur
954 3254 1161 3298 praedicatum
1174 3278 1186 3294 ,
1211 3255 1244 3288 ὅ(

365 3308 429 3341 alia
441 3307 689 3350 subjestumlkr
699 3307 793 3341 illum
803 3306 923 3349 quippe
935 3305 1116 3339 intellestus
1126 3306 1245 3343 aestum,

357 3363 423 3399 ‘per
441 3366 536 3398 quem
551 3369 615 3391 una
635 3368 683 3391 res
703 3356 742 3391 de
756 3356 819 3391 alin
843 3356 1040 3394 affirmatur,
1069 3366 1134 3390 una
1147 3354 1244 3389 etiam

361 3404 423 3438 'alii
449 3405 633 3448 subjicitur3
660 3407 808 3451 adeoque
835 3406 934 3439 unius
950 3408 994 3440 rei
1009 3404 1185 3448 subjefflo,
1212 3405 1244 3438 &

371 3454 436 3490 alte
443 3453 509 3489 rius
519 3455 705 3498 riaedicatio
718 3458 790 3493 sunt
801 3456 872 3493 duae
885 3466 993 3498 voces;
1006 3455 1057 3492 sed
1070 3456 1166 3492 unica
1180 3465 1246 3491 res.

914 116 1236 172 Disp‘urm.
1272 122 1373 170 XX.
1409 123 1554 169 Dun.
1593 122 1655 168 11.
1734 159 1737 163 .
1803 128 1816 157 'r

1340 220 1396 257 41.
1421 206 1523 256 Quod
1544 206 1593 243 hae
1615 206 1903 245 denominationes
1919 210 1983 245 sint
2004 206 2103 244 etiam
2113 206 2167 242 de·

1290 260 1536 295 nominationes
1556 258 1652 294 rebus
1672 258 1815 293 totaliter
1824 260 2007 296 extrinsecae
2019 284 2031 302 ,
2049 258 2088 302 fic
2095 267 2164 302 pro-

1286 309 1337 343 bo:
1371 310 1461 360 Quia
1472 309 1701 345 denominatio
1723 309 1867 343 totaliter
1883 311 2058 345 extrinseca
2068 310 2113 344 est
2127 309 2165 343 il-

1287 360 1319 394 la
1332 383 1344 400 ‚
1369 361 1461 406 cujus
1483 360 1698 405 fignificatum
1711 359 1848 393 formale
1863 358 1915 393 -est
1927 362 2032 395 totfim
2041 361 2165 395 extrin-

1290 411 1397 443 secum
1412 409 1570 452 subjecto:
1601 420 1636 444 ut
1646 409 1754 444 dicam
1767 406 1912 453 pluribus
1925 408 2029 443 infra.
2054 409 2163 454 Atqui

1289 458 1503 503 significatum
1527 460 1662 494 formale
1685 459 1800 493 harum
1820 459 2130 496 denominationum
2151 481 2166 500 ‚›

1289 509 1356 552 Effe
1365 510 1569 551 praedicamm
1579 533 1591 550 ,
1615 508 1837 553 effesubjedum
1848 533 1861 550 ,
1888 508 1933 542 est
1946 507 2041 544 rebus
2052 509 2163 552 predi·

1291 559 1392 599 catis,
1418 559 1452 592 ὃς
1475 559 1621 602 subjectis
1642 559 1788 594 totaliter
1808 559 2027 595 extrinsecum
2045 570 2057 596 ·.
2084 568 2165 602 ergo

1292 610 1356 641 istae
1375 608 1661 643 denominationes
1684 609 1759 643 sunt
1786 609 1879 644 rebus
1891 608 2036 643 totaliter
2045 608 2168 642 extrin-

1291 659 1366 692 secae
1379 682 1387 690 .
1415 659 1564 693 Probatur
1574 663 1690 691 minor.-
1716 658 1808 705 Qia
1819 659 2037 704 fignificatum
2047 659 2168 692 forma-

1291 710 1320 744 le
1338 709 1471 743 istarum
1493 708 1806 744 denominationum
1826 710 1871 743 est
1900 707 2102 752 pradicatio,
2116 707 2166 742 -δε

1292 759 1447 802 subjectio
1479 772 1491 792 .-
1528 757 1574 793 est
1595 759 1683 794 aetus
1708 757 1841 801 quidam
1863 758 2043 793 intelleaus
2060 782 2072 798 ,
2095 768 2167 800 quo

1291 819 1355 843 una
1378 819 1425 843 res
1435 810 1476 844 de
1486 809 1548 843 alia
1571 809 1771 849 affirmatur,
1797 807 1908 842 &una
1931 809 2023 843 alteri
2037 805 2170 850 subjici-

1292 868 1359 900 tur.
1388 858 1494 904 Atqui
1516 859 1571 894 hic
1595 858 1737 893 aciusest
1751 858 1941 892 intrinsecus
1951 857 2081 893 homini
2092 868 2169 899 prat-

1291 910 1441 949 dicanti,
1467 910 1501 944 δε
1526 908 1708 952 subjicienti
1717 920 1732 950 ,-
1759 908 1854 943 rebus
1877 907 1957 942 vero
1976 907 2019 945 ab
2029 906 2168 942 bomine

1293 960 1471 1004 praedicatis
1494 960 1527 994 ἀ
1557 960 1705 1003 subjestis
1716 959 1761 992 est
1772 957 1868 1003 plane
1888 958 2104 993 extrinsecus:
2131 965 2169 991 ut

1291 1011 1413 1044 clarum
1436 1009 1480 1044 est
1495 1034 1503 1042 .
1526 1011 1616 1054 Ergo
1638 1008 1854 1054 significatum
1873 1007 2010 1043 formale
2033 1006 2168 1042 istarum

1291 1059 1603 1095 denominationum
1615 1058 1659 1093 est
1674 1058 1767 1093 rebus
1776 1058 1922 1093 totaliter
1930 1057 2145 1093 extrinsecum
2158 1079 2168 1088 ·

1294 1109 1454 1154 Adeoque
1475 1109 1522 1144 hai
1545 1109 1835 1143 denominationes
1848 1119 1915 1142 non
1931 1110 2006 1143 sunt
2016 1107 2171 1142 denomi-

1293 1160 1444 1194 nationes
1457 1159 1613 1202 rationis;
1641 1159 1692 1193 sed
1706 1159 1779 1192 vere
1791 1158 1888 1193 reales
1898 1158 2109 1200 extrinseca,
2135 1156 2172 1192 fi·

1292 1220 1347 1244 cut
1361 1210 1433 1244 sunt
1445 1207 1507 1252 esse
1518 1208 1617 1252 visum
1627 1233 1638 1249 ,
1664 1208 1725 1252 essa
1738 1208 1910 1242 honoratum
1919 1233 1930 1249 ,
1957 1208 2019 1242 &c-

1351 1270 1403 1307 15.
1434 1258 1536 1306 Qod
1549 1259 1597 1294 he
1607 1259 1724 1294 eaedem
1736 1258 2023 1293 denominationes
2036 1255 2172 1292 vocibus

1292 1310 1353 1344 fint
1363 1311 1462 1344 reales
1475 1322 1484 1353 3
1512 1321 1550 1344 ac
1561 1310 1677 1353 partim
1688 1310 1868 1343 intrinsecae
1881 1332 1892 1348 ,
1918 1307 2037 1352 partim
2049 1305 2173 1342 extrin-

1294 1361 1368 1394 secae
1391 1384 1403 1400 ,
1429 1365 1520 1393 etiam
1537 1360 1634 1402 proba>
1653 1371 1661 1392 ε
1688 1359 1778 1405 Qia
1803 1368 1919 1393 vocem
1940 1357 2004 1392 effe
2026 1357 2175 1401 pradica-

1293 1420 1362 1445 tum
1376 1435 1386 1451 ,
1416 1410 1465 1443 vel
1491 1410 1665 1453 subjeetum
1688 1409 1771 1443 nihil
1794 1409 1838 1443 est
1864 1407 1981 1448 aliud,
2002 1417 2100 1451 quam
2118 1413 2174 1438 vo·

1295 1472 1366 1495 cem
1378 1460 1440 1494 effe
1452 1460 1587 1502 politam
1610 1460 1644 1493 in
1656 1458 1817 1493 orationis
1826 1457 2170 1493 enuntiativaeconte-

1294 1522 1354 1545 xtu
1375 1510 1417 1544 ad
1439 1509 1686 1553 fignificandam
1707 1520 1773 1542 rem
1787 1508 2012 1551 praedicatam,
2036 1503 2171 1541 velsub·

1293 1561 1407 1605 jectam
1424 1571 1432 1591 :
1459 1559 1551 1602 atqui
1573 1559 1630 1593 illa
1654 1559 1771 1604 politio
1782 1559 1827 1592 est
1838 1557 1963 1601 aliquid
1977 1557 2050 1591 voci
2063 1556 2173 1600 posita

1295 1610 1411 1655 partim
1436 1609 1650 1643 intrinsecum
1675 1633 1686 1648 ,
1710 1609 1827 1652 partim
1847 1607 2065 1642 extrinsecum
2090 1616 2172 1650 ergo

1296 1660 1443 1694 (imiliter
1460 1668 1572 1692 vocem
1587 1659 1651 1692 esse
1664 1659 1871 1701 predicatum
1885 1681 1897 1697 ,
1908 1657 1957 1690 vel
1970 1657 2175 1699 subjectum-J.

1297 1708 1342 1744 est
1363 1708 1438 1743 voci
1463 1708 1694 1742 denominatio
1705 1708 1820 1751 partim
1833 1706 2026 1746 intrinseca,
2052 1706 2173 1749 partim

1297 1759 1496 1794 extrinseca.
1523 1758 1634 1800 Major
1654 1758 1741 1793 clara
1762 1756 1806 1792 est
1829 1769 1870 1792 ex
1891 1754 2173 1796 haetenusdittis3

1300 1808 1350 1843 vel
1372 1807 1394 1841 fi
1418 1807 1497 1842 illud
1519 1820 1585 1841 non
1609 1809 1670 1848 fit,
1696 1807 1750 1841 dic
1773 1804 1878 1846 mihi,
1905 1804 2040 1849 quidsi:
2056 1804 2173 1840 aliud.

1299 1863 1399 1892 mnor
1410 1860 1482 1892 verb
1490 1857 1655 1900 probatur:
1681 1857 1771 1905 Qia
1794 1855 1867 1890 talis
1876 1855 2008 1890 vocisin
2022 1854 2175 1889 oratione

1292 1909 1418 1953 ‘positio
1439 1909 1484 1942 est
1510 1919 1581 1942 vera
1603 1908 1693 1942 vocis
1704 1907 1901 1950 suppofiti03
1923 1916 1958 1939 ut
1971 1914 2178 1946 nemonega·

1300 1957 1367 1999 bit,
1398 1956 1454 1999 qui
1478 1958 1573 1990 sanus
1594 1958 1639 1990 est
1661 1981 1673 1989 .
1702 1957 1805 1999 Atqui
1832 1955 2009 1998 suppoiitio
2028 1952 2076 1986 est
2099 1951 2177 1988 voci

1303 2006 1468 2052 suppofitae
1477 2005 1601 2050 aliquid
1612 2005 1729 2050 partim
1744 2004 1973 2045 intrinsecum,
1999 2003 2114 2046 partim
2125 2012 2178 2036 ex-

1303 2058 1499 2093 trinsecum:
1528 2068 1563 2090 ut
1577 2057 1697 2091 dictum
1709 2055 1755 2089 est
1769 2057 1861 2101 supra
1877 2078 1885 2086 .
1909 2050 2178 2098 Ergoetiatmista

1304 2107 1395 2140 vocis
1413 2105 1535 2148 positio
1555 2106 1600 2138 est
1625 2106 1718 2138 vocis
1738 2103 1862 2146 aliquid
1888 2104 2008 2147 partim
2030 2101 2176 2138 intrinse-

1302 2165 1377 2189 cum
1390 2178 1402 2196 ,
1429 2155 1547 2197 partim
1557 2153 1794 2188 extrinsecum.

2098 2224 2116 2231 ..-

1513 2250 1845 2286 DUBIUM
1906 2250 1968 2285 m.

1510 2352 1602 2397 ,Quid
1610 2351 1651 2395 fit
1671 2363 1776 2386 nomen
1799 2351 1963 2395 Lagnum?

1305 2401 1356 2440 16-
1480 2404 1617 2449 Ongam
1655 2401 1813 2436 Nominis
1839 2401 2068 2436 definitionem
2095 2401 2180 2437 texi-t

1495 2453 1590 2488 nobis
1605 2452 1796 2487 Aristoteles
1810 2464 1821 2485 .·
1847 2454 1877 2483 E
1873 2451 1903 2492 st
1915 2462 1974 2485 vox
1982 2449 2180 2494 fignificattva

1302 2504 1347 2536 ad
1361 2505 1534 2546 placitum,
1559 2504 1640 2543 aja:
1665 2502 1750 2536 nulla
1768 2506 1906 2543 partium
1922 2501 2064 2543 separata
2067 2498 2183 2544 fignifi-

1301 2562 1374 2594 cat,
1395 2555 1488 2597 finita
1514 2578 1525 2595 ,
1550 2552 1633 2586 reda
1655 2576 1665 2592 ‚
1686 2550 1750 2591 fine
1774 2558 1921 2592 tempore.
1942 2550 2004 2584 Sed
2025 2549 2179 2584 definitio

1303 2603 1371 2637 haec
1384 2626 1395 2643 ‚
1420 2614 1456 2637 ut
1474 2601 1643 2636 Aristoteli
1670 2610 1798 2645 parcam
1813 2625 1825 2640 ,
1837 2627 1839 2629 ,
1851 2612 1889 2634 ac
1902 2609 2013 2634 caetera
2046 2599 2114 2641 ejus
2134 2599 2184 2633 vi—

1304 2653 1349 2687 tia
1357 2663 1482 2688 taceam
1498 2677 1509 2693 ,
1530 2662 1598 2687 tam
1607 2651 1708 2695 longa
1719 2650 1765 2684 est
1775 2672 1785 2688 ,
1805 2661 1840 2684 ut
1853 2649 1951 2683 etiam
1965 2648 2182 2684 feliciffimam

1303 2702 1400 2738 facile
1423 2702 1518 2746 poffit
1543 2702 1672 2736 turbare
1698 2699 1905 2734 memoriam.
1934 2698 1987 2733 Sic
2008 2709 2088 2744 ergo
2102 2698 2182 2734 defi-

1304 2754 1394 2786 nies:
1422 2753 1477 2793 Est
1497 2759 1677 2796 categoremae
1693 2748 1928 2793 fignificativum
1944 2746 2005 2790 fine
2027 2756 2180 2791 tempore.

1307 2802 1371 2838 Vel
1391 2803 1440 2837 uti
1464 2801 1682 2837 Grammatici
1704 2801 1889 2833 definiunt:
1915 2799 1969 2840 Est
1980 2810 2043 2833 vox
2053 2800 2183 2843 deciba-

1306 2853 1376 2887 bilis
1395 2862 1453 2896 per
1477 2851 1584 2896 casus,
1605 2849 1809 2895 fignificativa
1829 2848 1890 2890 fine
1911 2857 2059 2891 tempore.
2088 2846 2183 2894 Huic

1306 2914 1416 2938 tamen
1439 2901 1625 2938 definitioni
1647 2909 1749 2934 unum
1770 2899 1861 2933 obest
1884 2912 1892 2933 z
1931 2899 2034 2947 Qod
2058 2898 2183 2933 scilieet

1307 2953 1408 2989 etiarn
1425 2950 1799 2996 comprehendatsvoces
1821 2950 2183 2993 syncategorematicas,

1308 3005 1425 3044 nullus,
1455 3007 1576 3044 omnis,
1601 3003 1734 3044 aliquas,
1766 2999 1927 3033 &ea-Haec
1938 2998 2056 3042 quippe
2067 2997 2183 3031 omnia

1310 3056 1385 3088 sunt
1407 3063 1500 3088 voces
1522 3050 1733 3088 declinabiles
1751 3060 1806 3093 per
1827 3049 1937 3090 casus;
1965 3047 2181 3092 fignificantes

1309 3105 1374 3138 fine
1386 3113 1549 3147 tempore.
1578 3101 1685 3146 Atqui
1715 3098 1882 3134 illaevoces
1893 3108 1959 3132 non
1970 3096 2184 3140 comprehen-

1309 3153 1510 3188 dunturvsub
1531 3152 1701 3187 definito:r
1720 3159 1786 3184 non
1809 3149 1898 3183 enim
1926 3148 1999 3182 sunt
2022 3148 2161 3182 nomina
2175 3173 2184 3180 .

1312 3205 1401 3249 Ergo
1427 3204 1486 3238 ista
1500 3201 1798 3238 Grammaticorum
1809 3197 1961 3232 definitio
1971 3209 2039 3232 non
2054 3197 2184 3232 videtur

1312 3256 1370 3288 suo
1391 3254 1531 3289 definito
1554 3254 1620 3287 esse
1643 3248 1803 3293 adaquate
1826 3248 2008 3293 adaequataz
2036 3245 2088 3281 sed
2099 3246 2185 3281 illud

1312 3303 1469 3338 nonnihil
1499 3301 1652 3338 excedere
1671 3325 1682 3341 ,
1716 3299 1890 3343 aliquaque
1910 3296 2185 3341 comprehendere

1318 3354 1376 3388 sub
1388 3355 1448 3388 illo
1460 3365 1528 3389 non
1538 3347 1768 3396 comprehensa
1783 3366 1792 3374 -
1819 3349 1944 3383 Melior
1956 3358 2035 3392 ergo
2045 3347 2106 3380 erit
2118 3346 2184 3380 haec

1315 3404 1468 3440 definitio
1495 3417 1504 3438 ε
1541 3401 1598 3439 ssst
1617 3409 1822 3447 categorema
1846 3397 2097 3446 fignificativum
2118 3396 2186 3431 fine

1318 3465 1463 3504 tempore
1472 3479 1482 3490 .

1994 3508 2050 3545 17.
2073 3496 2140 3541 Ge:
