2384 3770
450 111 577 170 Quin
614 106 733 162 REQ
770 106 842 150 AD
879 105 1008 158 Hoc,
1044 100 1117 147 Ur
1153 98 1289 159 AttQ
1321 100 1418 146 Vox
1453 99 1523 144 Sir
1559 96 1698 148 UNA?
1867 116 1960 164 177

209 207 274 239 que
292 192 447 229 diversas.
476 194 536 224 Pro
558 189 672 229 istorum
696 202 762 234 ergo
773 188 916 221 intelkdu
928 191 1070 229 quaeritur
1134 189 1193 218 niti
1214 197 1222 216 ε
1266 194 1342 217 nam
1365 184 1468 216 forma
1490 184 1696 220 accidentalis
1719 196 1921 232 comparatur
1952 187 1993 222 ad

209 247 278 280 hic.-
302 242 457 287 quidnam
469 240 645 282 requiratur
664 238 891 277 minuitatem,
923 237 971 270 vel
985 235 1073 269 mul·
1136 236 1228 270 suurn
1239 233 1454 276 compofitum
1476 231 1696 276 accidentale;
1723 237 1916 272 ficutsorma
1927 237 1999 272 sub.

210 294 413 339 tiplicitatem
438 291 553 326 vocis?
577 291 653 337 Qa
678 291 710 322 in
723 300 756 322 re
768 298 834 321 non
849 284 991 329 congrue
1003 284 1075 328 phi·
1137 283 1291 318 stantialis
1301 283 1340 316 ad
1353 283 1444 317 suum
1457 282 1672 325 compositum
1683 285 1901 321 substantiale:
1916 299 1997 332 ergo

210 342 398 387 losophatur
408 340 602 376 Laurentius
616 333 960 387 Gyffenegracffaffedl.
971 346 1000 382 3.
1016 345 1074 371 art.
1136 335 1156 367 fi
1168 335 1231 368 hec
1243 333 1436 375 multiplicet
1458 333 1548 366 suum
1560 333 1771 373 compositum
1785 348 1798 375 ,·
1824 349 1880 370 cur
1892 338 1924 371 &
1936 337 1995 372 ista

213 405 243 430 1·
263 403 338 428 cum
359 392 512 436 plerisque
534 389 696 424 modernis
716 386 950 421 Summulistis.
981 386 1075 420 Dicit
1138 396 1203 418 non
1230 382 1460 425 multiplicabit
1483 382 1598 416 suum?
1626 383 1762 415 Deinde.-
1790 393 1838 416 tot
1860 387 1932 420 sunt
1942 386 1997 425 dir

211 443 301 478 enim
312 441 352 477 ad
363 443 519 476 unitatem
535 437 828 479 vocisrequiritam
840 436 999 470 unitatem
1010 447 1073 470 ma·
1139 435 1222 468 versa
1247 432 1449 476 composita,
1471 442 1549 475 quot
1570 432 1784 465 suntdiversae
1796 436 1998 476 compofitjo.

211 492 317 532 teriae,
342 502 442 536 quam
461 491 593 526 ibnnae:
619 486 706 520 unde
716 485 756 520 ad
769 480 1093 528 multiplicationem*
1138 495 1210 517 nes:
1236 483 1324 525 atqui
1345 481 1599 524 multiplicantur
1617 480 1830 515 accidentales
1843 486 1997 526 composi-

212 543 264 577 vel
277 542 376 578 solius
387 541 546 578 materia,
573 532 623 571 vel
635 535 732 570 solius
744 537 877 576 formai,
901 536 981 569 dicit
995 536 1074 569 mul·
1137 536 1241 567 tiones
1261 532 1352 575 juxta
1378 531 1687 574 multiplicationem
1717 530 1924 566 accidentalis
1937 534 1998 566 for-

211 592 350 636 tiplicari
373 599 503 625 vocem.
531 586 704 620 Materiam
721 586 819 620 ⁴vocis
843 585 1094 626 vocatliteras,‡
1139 595 1220 617 mae:
1246 592 1323 626 ergo
1348 582 1492 615 similiter
1511 581 1770 624 multiplicantur
1791 581 2000 614 accidentalia

211 640 416 685 &syllabas,
436 650 476 676 ex
495 637 612 682 quibus
622 636 855 680 componitur3
882 635 1016 669 formam
1030 629 1094 668 vii-l
1137 628 1336 675 composita,
1365 632 1454 675 juxta
1470 632 1778 675 multiplicationem
1791 630 2001 664 accidentalis

212 691 252 726 ro
276 691 441 724 literarum
463 699 502 722 ac
514 685 707 730 syllabarum
719 686 887 726 ordinem,
915 681 1093 729 quantita?
1139 683 1267 716 format.
1296 685 1387 715 Patet
1408 688 1525 717 minor:
1550 682 1624 725 quia
1647 682 1840 724 compositio
1863 680 1907 714 est
1921 681 2001 714 unio

211 752 300 782 tem,
325 738 596 783 adspirationem,
617 738 677 771 &c.
1138 733 1248 765 formae
1271 742 1345 765 cum
1368 731 1523 774 subjeao:
1551 731 1880 775 atquimultiplicatis
1890 730 2003 764 formis

262 802 294 827 2.
321 789 383 825 Sed
407 812 419 828 ,
442 793 486 821 uti
506 788 591 827 dixi,
613 783 865 829 philosophandi
887 784 1003 819 modus
1026 782 1080 817 hic
1138 781 1394 824 multiplicantur
1419 782 1557 815 uniones
1585 793 1591 811 :
1630 792 1708 825 ergo
1727 783 1825 814 etiam
1849 780 2005 823 multipli-

212 849 417 883 nequaquam
440 838 496 872 est'
510 847 673 880 congruus
687 859 694 867 .
723 834 802 869 Vox
826 836 912 868 enim
923 835 967 868 est
983 836 1080 868 sonus
1140 842 1254 865 cantur
1264 832 1516 875 compositiones
1530 856 1538 864 .
1569 830 1674 864 Unde
1686 831 1779 873 plane
1790 841 1892 874 puto,
1914 829 2004 874 quod

213 889 344 933 quidam
366 900 374 919 :
410 888 455 921 est
482 911 493 926 ,
519 886 651 928 inquam
673 909 685 925 ,
735 884 856 918 uaedam
882 884 1018 927 qualitas
1040 883 1080 916 ad
1140 882 1341 923 sicut,juxta
1353 892 1561 916 communem
1574 879 1786 923 Phyficorum
1798 881 2004 920 sententiam,

213 939 339 973 tertiam
350 939 486 981 speciem
508 937 689 980 pertinens.
753 934 820 976 tqui
832 934 1001 976 qualitates
1012 944 1079 966 non
1139 931 1251 964 eadem
1273 932 1404 964 materia
1428 933 1530 975 prima
1553 942 1627 964 cum
1649 930 1777 965 diversis
1790 930 2006 965 substantiali-

211 998 457 1030 componuntur
469 998 511 1020 ex
523 985 656 1019 materia
672 984 704 1020 &
717 984 844 1027 forma;
874 982 925 1016 sed
938 985 1010 1017 sunt
1021 982 1081 1017 for·
1142 982 1201 1015 bus
1220 980 1331 1013 formis
1357 980 1433 1013 facit
1458 982 1547 1023 plura
1568 982 1744 1024 composita
1757 979 2007 1014 realiterinadae-

212 1048 270 1073 mae
290 1037 466 1081 simplices,
493 1036 666 1078 omnisque
683 1034 859 1068 essentialis
869 1033 1080 1076 compositio·
1139 1031 1234 1074 quate
1256 1029 1427 1072 distincta;
1454 1031 1496 1063 fic
1519 1030 1614 1064 etiam
1637 1030 1722 1065 idem
1742 1031 1915 1074 subjeetum
1927 1023 2005 1064 cu‘m

211 1089 264 1122 nis
287 1098 452 1130 expertes:
478 1087 512 1121 dt
530 1086 570 1120 ad
594 1086 756 1119 summum
777 1084 933 1127 componi
951 1083 1080 1126 possunt
1141 1079 1285 1123 pluribus
1303 1079 1414 1113 formis
1437 1079 1692 1113 accidentalibus
1714 1082 1809 1114 faciat
1824 1081 1913 1122 plura
1925 1081 2008 1114 acci-

210 1149 254 1173 ex
277 1138 420 1181 partibus
440 1134 855 1180 integralibusintensivis,
884 1134 935 1166 vel
947 1133 1080 1167 extensi·
1143 1130 1282 1164 dentalia
1293 1128 1470 1172 composita
1495 1130 1830 1173 realiterinadaequate
1842 1129 2009 1164 distineta-

211 1187 278 1222 vis.
307 1188 398 1231 Ergo
421 1186 456 1220 in
482 1196 560 1219 voce
582 1184 746 1219 materiam
768 1184 950 1217 &formam
962 1182 1080 1216 distin·-
1145 1180 1211 1216 Uti
1237 1178 1329 1212 facile
1353 1180 1479 1213 ostendi
1504 1181 1603 1222 posset
1625 1191 1679 1222 per
1702 1191 1816 1213 omnes
1838 1180 1977 1213 rationes
1996 1203 2008 1220 ,

209 1246 309 1282 guere
331 1237 377 1270 est
399 1236 541 1271 nimium
552 1235 649 1267 crasse
670 1232 922 1267 acmaterialiter
934 1231 1079 1276 philoso-
1142 1229 1357 1273 quasPhysici
1372 1228 1638 1272 faciuntproisto
1650 1229 1706 1261 suo
1716 1230 1846 1263 asserto.

210 1286 320 1330 phari.
347 1287 519 1317 Praeterea:
548 1282 638 1316 litera
657 1293 724 1315 non
749 1283 792 1314 est
807 1293 876 1325 pars
890 1282 1000 1323 vocis;
1029 1281 1080 1314 sed
1192 1291 1221 1325 5.
1252 1277 1335 1322 Resp.
1350 1291 1416 1322 ergo
1439 1281 1483 1312 ad
1504 1287 1728 1322 argumentum,
1757 1281 1889 1323 negando
1899 1276 2006 1320 conseq.

209 1335 255 1369 est
267 1334 393 1378 signum
418 1332 551 1376 partiale
574 1332 681 1365 vocis.
715 1331 768 1365 Est
781 1332 898 1375 quippe
911 1332 999 1365 litera
1012 1341 1081 1374 pars
1141 1331 1232 1378 Qia
1256 1329 1296 1362 ad
1322 1330 1631 1372 multiplicationem
1663 1328 1904 1363 artificisnihil
1929 1329 2009 1371 facit

207 1385 371 1428 :scriptura
383 1393 445 1426 qua
457 1393 569 1415 vocem
583 1381 817 1424 exprimimus,
844 1381 1081 1421 scribimus,&
1143 1379 1374 1421 multiplicatio
1399 1380 1517 1413 artium
1541 1403 1552 1419 ,
1589 1390 1643 1413 aut
1665 1380 1944 1422 compositionum
1967 1389 2008 1412 ex
2059 1375 2061 1377 ¹

211 1434 450 1479 significamus-
477 1433 566 1476 Ergo
577 1432 668 1465 litera
682 1442 750 1464 non
772 1431 843 1473 plus
856 1431 962 1464 vocari
979 1429 1082 1472 potest
1142 1428 1262 1462 artibus
1283 1430 1315 1463 ὅτ.
1337 1426 1493 1471 homine3
1521 1429 1573 1462 sed
1593 1428 1765 1473 requiritur
1777 1428 2007 1472 multiplicatio

209 1495 283 1528 pars
303 1508 314 1524 ,
339 1493 394 1517 aut
417 1483 549 1516 materia
570 1505 581 1520 ,
608 1488 648 1514 ex
673 1491 735 1523 qua
759 1491 825 1513 vox
848 1479 1081 1523 componitur,
1143 1479 1288 1513 hominis
1313 1504 1319 1511 .
1347 1479 1499 1512 Similiter
1521 1479 1560 1512 ad
1584 1478 1892 1522 multiplicationem
1919 1477 2007 1513 vocis

209 1544 307 1577 quam
329 1533 541 1576 meapidura
564 1529 670 1577 vocari
684 1528 776 1572 poffit
789 1530 939 1568 materia,
969 1540 1008 1563 ex
1019 1540 1082 1572 qua
1141 1529 1362 1573 significativae
1386 1526 1469 1561 nihil
1487 1529 1575 1570 juvat
1587 1529 1818 1571 multiplicatio
1831 1529 2008 1572 impositio-

208 1592 394 1627 componor
412 1593 478 1626 ego
496 1606 503 1614 .
542 1582 684 1623 Oportet
717 1590 795 1623 ergo
820 1577 905 1613 hanc
930 1579 1079 1613 Philoso·
1144 1590 1219 1613 num
1232 1602 1242 1618 ,
1271 1579 1322 1611 seu
1336 1577 1612 1621 significationum
1626 1591 1637 1611 .·
1657 1589 1762 1621 neque
1775 1578 2008 1620 multiplicatio

207 1633 322 1676 phiam
344 1633 446 1675 magis
458 1630 579 1666 cribare
599 1640 636 1664 ac
648 1627 844 1664 subtilizare.
872 1631 960 1664 Scire
972 1639 1078 1663 autern
1141 1628 1415 1672 compositionum
1438 1640 1479 1662 ex
1493 1625 2011 1672 voce&diversisfignificationi-

208 1683 328 1724 debes,
356 1692 416 1716 nos
426 1680 481 1717 hie
492 1692 559 1714 non
578 1681 639 1714 effe
663 1678 824 1714 sollicitos
834 1679 874 1714 de
886 1679 1012 1712 unitate
1025 1690 1079 1712 aut

208 1731 451 1776 multiplicitate
474 1731 566 1767 vocis
585 1729 773 1775 numerica,
799 1727 852 1765 sed
874 1728 915 1765 de
929 1729 993 1764 sola
1013 1729 1077 1773 spe-

207 1783 322 1827 eifica.

261 1845 292 1883 3.
317 1832 652 1878 Resp.‹<·tdicopri'm2:
674 1844 769 1870 voces
781 1842 847 1868 non
860 1830 1078 1878 multiplican-

206 1891 262 1918 tur
281 1884 322 1918 ad
348 1885 652 1928 multiplicationem
673 1885 951 1930 significationum
972 1907 984 1924 ,
1026 1883 1078 1915 seu

209 1932 457 1976 impofitionum
481 1958 487 1966 .
525 1933 573 1966 Ita
607 1934 820 1968 Summulissae
840 1932 1079 1966 communiter.

204 1982 366 2018 ,Probatur
383 1995 396 2019 ι
432 1982 509 2023 quia
537 1993 605 2015 non
632 1979 1115 2025 multiplicamtjam'fiixtndffl

209 2030 526 2077 multiplijnienem·
542 2030 660 2066 artium
670 2032 693 2075 ·,'
710 2040 814 2075 neque
833 2028 934 2074 paries
944 2026 983 2063 nd
996 2026 1077 2060 mul-

209 2078 454 2121 tiplicationem
473 2068 1016 2119 qualkaemnaurfflffinum:
1043 2076 1076 2109 ἀ

207 2126 399 2172 generaliter
421 2137 489 2159 non
509 2125 743 2168 multiplicatur
756 2124 929 2167 subjeetum
941 2123 981 2159 ad
995 2124 1075 2158 mul-

208 2176 447 2220 tiplicationem
469 2173 687 2210 accidentium
713 2199 720 2206 .
744 2174 848 2218 Atqui
871 2172 1075 2218 significatio-

208 2237 267 2261 nes
286 2227 339 2260 seu
363 2225 586 2268 impositiones
607 2226 681 2258 sunt
709 2223 851 2267 quaedam
873 2222 1071 2260 accidentia:

209 2286 278 2309 non
298 2274 428 2318 quidem
451 2274 620 2308 intrinseca
643 2285 655 2307 ¹.
691 2274 742 2306 sed
762 2274 938 2306 extrinseca
964 2272 1074 2305 vocis:

209 2325 288 2358 sicut
311 2323 468 2363 visiones,
495 2323 701 2362 auditiones,
729 2321 987 2361 intelleetiones‚
1011 2321 1072 2354 ἃς.

210 2375 285 2408 sunt
296 2373 475 2413 accidentia
495 2372 671 2407 extrinseca
686 2371 729 2404 rei
743 2370 834 2410 visae,
859 2368 976 2404 auditae
990 2394 1000 2410 ‚
1021 2370 1073 2402 rin-

209 2423 343 2457 telleetae
361 2447 368 2454 .
396 2423 486 2467 Ergo
511 2434 573 2456 vox
596 2420 896 2464 multiplicer-imon
916 2418 1008 2453 debet
1028 2419 1074 2453 ob

209 2472 517 2515 multiplicationem
536 2471 812 2515 significationum
832 2469 1072 2512 seuimpofitio·

208 2533 309 2556 num.
338 2521 486 2555 Probatur
506 2516 620 2554 minor·-
647 2521 723 2564 quia
742 2519 907 2563 impositio
918 2520 1007 2553 vocis
1019 2519 1071 2551 ni-

206 2571 257 2606 hil
279 2572 322 2605 est
345 2571 455 2611 aliud,
480 2581 578 2615 quam
592 2569 709 2606 volitio
719 2567 893 2603 hominum
909 2593 921 2609 ,
941 2580 1001 2612 qua
1018 2581 1070 2601 vo-

205 2622 337 2658 luerunt
358 2620 419 2655 hac
446 2621 498 2654 vel
529 2621 588 2654 ista
620 2631 701 2654 voce
722 2619 892 2664 significari
914 2617 999 2653 hanc
1021 2619 1070 2652 vel

206 2672 300 2705 istam
312 2680 378 2706 rem
391 2680 398 2700 :
410 2668 522 2711 &equs
537 2668 605 2704 haec
627 2669 745 2703 volitio
754 2678 957 2712 comparatur
968 2667 1007 2703 ad
1019 2678 1071 2702 vo-

207 2731 278 2755 cem
299 2719 503 2761 impofitam,
528 2715 608 2751 sicut
630 2717 747 2752 volitio
768 2718 808 2752 ad
835 2729 902 2752 rem
914 2719 1069 2752 volitam:

205 2770 286 2804 ficut
298 2768 398 2810 visio,
423 2767 572 2806 auditio,
595 2765 794 2805 intellectio,
819 2765 859 2805 ad
875 2779 940 2801 rem
955 2768 1069 2808 visam,

205 2819 374 2858 auditam,
400 2817 612 2852 intelleaam.
642 2815 731 2860 Ergo
746 2815 964 2859 impositiones
975 2818 1069 2860 respe-

206 2871 259 2903 {lu
281 2868 372 2904 vocis
391 2869 464 2902 sunt
475 2867 620 2912 ,quiedam
632 2866 812 2905 accidentia
825 2866 1023 2900 extrinseca.

257 2918 466 2965 4.'·0bjicies.·
491 2916 706 2960 multiplicata
730 2915 833 2951 forma
855 2915 1070 2958 multiplican-

205 2978 258 3003 tur
280 2969 480 3012 compofitai
507 2967 596 3011 atqui
616 2978 663 3001 ars
689 2966 733 3001 est
752 2967 854 3000 forma
869 2976 1071 3009 componens

204 3018 386 3059 artificem,
412 3018 446 3051 &
468 3018 662 3062 significatio
685 3016 730 3052 est
754 3018 857 3050 forma
869 3025 1071 3059 componens

206 3079 322 3102 vocem
343 3068 589 3113 significativam
617 3081 628 3101 .-
662 3077 741 3112 ergo
763 3078 859 3104 voces
879 3067 913 3100 &
933 3065 1070 3104 artifices

206 3116 415 3160 multiplicari
443 3116 561 3153 debent
583 3117 623 3152 ad
637 3116 944 3159 multiplicationem
956 3115 1071 3160 fignifi-

206 3166 375 3201 cationum
395 3167 428 3200 ἀ
441 3169 559 3203 artium
571 3191 578 3199 .
607 3165 797 3211 Respondent
803 3167 902 3208 pffm
915 3167 1068 3199 Summun-

203 3215 258 3258 ,θῶ
295 3216 491 3260 distinguendo
524 3220 664 3258 maJ'orem
683 3231 692 3251 ς
730 3216 942 3259 multiplicata
956 3216 1067 3253 forma

207 3265 407 3299 substantiali
426 3267 680 3311 multiplicantur
701 3267 875 3310 composita
887 3264 1066 3301 substansia-

1142 1679 1226 1720 bus;
1253 1679 1305 1711 sed
1317 1677 1487 1721 requiritur
1500 1678 1732 1721 multiplicatio
1746 1678 1834 1712 vocis
1845 1703 1853 1711 .
1878 1681 1922 1710 Et
1934 1682 2010 1710 ratio

1139 1728 1196 1769 est:
1220 1729 1295 1772 quia
1307 1738 1374 1774 nou
1388 1730 1516 1771 possunt
1528 1728 1737 1771 multiplicari
1752 1729 1919 1773 praedicata
1929 1752 1939 1766 ,
1951 1727 2008 1760 nisi

1141 1779 1360 1822 multiplicato
1373 1779 1431 1812 suo
1450 1779 1631 1824 significato
1644 1781 1728 1815 recto
1741 1793 1752 1814 :
1779 1778 1950 1822 utpluribus
1964 1779 2011 1810 di-

1139 1841 1205 1862 cam
1227 1828 1311 1869 infra
1331 1829 1367 1862 de
1388 1832 1586 1871 appellatione
1604 1842 1712 1873 agens.
1744 1830 1847 1872 Atqui
1862 1828 1927 1863 haec
1939 1828 2008 1862 duo

1141 1879 1309 1923 praedicata
1319 1878 1435 1919 arttfex
1458 1880 1490 1912 &
1502 1878 1768 1920 vox‘lt'gm’fican'va
1780 1887 1838 1919 pro
1851 1877 2008 1924 siguifica-

1140 1940 1174 1962 to
1188 1931 1273 1962 recto
1284 1926 1404 1961 habent
1417 1926 1586 1961 hominem
1599 1928 1633 1960 &
1646 1937 1758 1961 vocem
1773 1939 1781 1959 ε
1803 1937 1904 1961 omne
1915 1928 2009 1970 quip-

1141 1987 1178 2020 pe
1189 1985 1377 2014 concretum
1387 1985 1446 2018 pro
1470 1977 1526 2010 suo
1542 1975 1721 2020 significato
1732 1978 1817 2011 resto
1825 1975 1926 2011 >habet
1938 1974 2007 2011 sub-

1137 2026 1254 2068 jee‘lum
1272 2027 1380 2059 formae
1407 2027 1439 2058 in
1452 2024 1589 2069 obliquo
1598 2026 1782 2070 significatae
1794 2051 1802 2059 .
1830 2026 1922 2071 Ergo
1935 2037 2004 2060 non

1140 2076 1269 2117 possunt
1287 2074 1495 2116 multiplicari
1520 2086 1616 2107 voces
1629 2076 1872 2118 significativae,
1899 2087 2004 2119 neque

1137 2124 1273 2157 artifices
1294 2146 1305 2163 ,
1330 2121 1374 2156 ob
1400 2122 1708 2164 multiplicationem
1728 2125 2003 2168 significationum

1139 2173 1187 2206 vel
1207 2172 1323 2207 artium
1349 2184 1359 2215 ;
1387 2171 1439 2205 sed
1459 2171 1667 2207 solummodo
1688 2172 1734 2208 ob
1761 2175 2005 2218 multiplicatio-

1139 2234 1211 2256 nem
1223 2233 1341 2255 vocum
1361 2231 1416 2255 aut
1429 2219 1604 2256 hominum
1618 2247 1625 2254 .
1652 2224 1774 2267 Neque
1788 2224 1853 2258 hoc
1866 2225 2003 2266 particu-

1136 2321 1234 2354 etiam
1254 2319 1350 2353 habet
1370 2320 1404 2353 in
1423 2319 1695 2355 substantialibus:
1724 2320 1790 2354 haec
1802 2323 2001 2362 enimsetiam

1137 2381 1203 2403 non
1225 2368 1481 2412 multiplicantur
1504 2370 1543 2403 ad
1562 2371 1874 2414 multiplicationem
1885 2373 2000 2405 forma-

1135 2430 1229 2460 rum,
1255 2429 1315 2467 aut
1328 2419 1580 2463 compositorum
1593 2432 1610 2461 ‚·
1635 2421 1687 2454 sed
1710 2421 1750 2454 ad
1765 2421 1867 2454 solam
1890 2421 2000 2457 multi-

1135 2469 1342 2511 plicationem
1379 2470 1611 2512 suppositorum
1643 2470 1674 2503 in
1699 2472 1785 2506 recto
1805 2470 2000 2518 significat}

1135 2531 1222 2552 rum:
1251 2517 1343 2552 Pone
1362 2519 1452 2552 enim
1474 2520 1552 2554 duas
1573 2518 1788 2556 humanitates
1811 2518 2000 2564 suppositati

1134 2568 1292 2612 inleodem
1305 2569 1488 2612 supposito,
1513 2580 1607 2603 erunt
1619 2568 1747 2605 ibiduae
1757 2572 1869 2606 formae
1881 2581 1998 2610 ‚erunt
2048 2610 2050 2612 v

1134 2620 1200 2653 duo
1211 2619 1411 2662 composita,
1437 2631 1503 2652 non
1516 2630 1625 2653 tamen
1638 2630 1732 2654 erum
1745 2619 1812 2655 duo
1826 2619 1974 2655 homines
1987 2634 1999 2653 .-

1133 2670 1207 2712 quia
1220 2679 1287 2702 non
1298 2677 1392 2702 erunt
1406 2668 1473 2702 duo
1484 2670 1641 2713 supposita
1651 2695 1658 2702 .
1687 2672 1746 2704 Sed
1757 2672 1794 2704 de
1803 2669 1859 2704 hac
1871 2676 1997 2704 materia

1130 2721 1218 2760 plura
1229 2720 1328 2751 dicam
1340 2718 1425 2759 infra
1435 2720 1472 2751 de
1481 2721 1678 2761 appellatione
1688 2745 1696 2753 .

1182 2768 1211 2804 6.
1242 2772 1313 2800 Dico
1321 2766 1448 2810 secunda
1461 2782 1472 2802 .-
1496 2769 1559 2803 illae
1572 2781 1667 2804 voces
1678 2770 1751 2806 sunt
1762 2769 1892 2804 diversa
1901 2793 1912 2810 ,
1925 2779 1994 2811 qua

1133 2819 1182 2852 vel
1194 2817 1320 2852 diversis
1339 2818 1470 2860 syllabis
1484 2819 1665 2861 onustant,
1694 2821 1744 2856 vel
1754 2819 1883 2861 diversis
1894 2818 1994 2853 literis

1130 2868 1396 2902 conscribuntur:
1426 2868 1474 2901 vel
1495 2881 1630 2912 quarum
1652 2882 1716 2905 una
1739 2870 1835 2905 habet
1857 2894 1868 2910 ,
1894 2869 1994 2904 altera

1124 2929 1199 2957 ,non
1222 2915 1317 2952 habet
1343 2916 1612 2962 adspirationem:
1638 2919 1992 2955 utisuntvoces'arae&

1130 2967 1222 3004 hara:
1253 2967 1342 3001 babeo
1366 2968 1505 3003 &abeoz
1534 2969 1585 3004 vel
1609 2981 1678 3013 quae
1700 2970 1732 3003 in
1747 2972 1799 3005 sua
1814 2969 1993 3015 penultima

1131 3018 1285 3051 diversam
1309 3019 1524 3061 quantitatem
1550 3017 1689 3053 habent:
1717 3021 1766 3054 uti
1789 3022 1862 3055 sunt
1875 3030 1939 3053 vox
1950 3027 1993 3052 te-

1124 3066 1248 3107 mbrae,
1274 3068 1308 3101 &
1330 3068 1482 3108 tene'brae,
1510 3073 1624 3102 Orionis
1645 3071 1829 3111 &omium
1854 3069 1993 3114 penulti-

1132 3128 1184 3151 ma
1208 3117 1303 3152 semel
1329 3127 1493 3160 correpta,
1519 3120 1551 3152 δε
1575 3121 1854 3162 Γεωείρτοάυᾶει.
1883 3120 1994 3153 Proba·

1130 3177 1201 3208 tuq:
1229 3168 1306 3211 quia
1319 3178 1434 3207 voces,
1461 3165 1492 3200 δε
1513 3170 1701 3212 generaliter
1711 3170 1844 3214 quilibet
1857 3168 1993 3203 sonidi—

1133 3216 1254 3262 stingui
1269 3216 1389 3250 debent
1410 3216 1536 3259 specie,
1562 3230 1597 3251 ac
1619 3219 1822 3263 multiplicari
1837 3230 1934 3264 penes
1944 3220 1993 3254 di·

1134 3269 1235 3301 versos
1249 3267 1365 3299 modos
1380 3267 1538 3310 sonandi3
1567 3267 1646 3303 sicut
1657 3271 1808 3304 animalia
1821 3269 1992 3315 distingui,

208 3315 271 3349 lia:
297 3315 336 3358 fic
347 3327 447 3349 verum
458 3318 514 3356 est.
538 3316 758 3361 Multiplicata
769 3318 872 3352 forma
884 3316 1068 3352 accidenta-
1136 3327 1173 3350 ac
1192 3315 1406 3360 multiplicari
1425 3316 1544 3351 debent
1569 3330 1665 3361 penes
1688 3321 1804 3355 modos
1817 3320 1992 3357 sentiendi:

209 3364 687 3410 limultiplicanturcompofita
709 3367 940 3401 accidentalia:
961 3364 1067 3419 fichl-
1135 3366 1285 3401 homines
1310 3376 1405 3409 penes
1415 3363 1538 3400 'modos
1550 3369 1791 3404 ratiocinandi:
1818 3372 1933 3414 plantae
1944 3381 1994 3413 pe-

207 3412 272 3457 sum
284 3414 336 3456 est.
368 3417 427 3450 sed
444 3427 500 3449 non
511 3418 595 3450 credo
617 3416 826 3458 distim‘lionem
847 3416 923 3451 hanc
942 3420 1071 3451 veritate
1135 3426 1192 3452 nes
1216 3414 1333 3452 modos
1356 3418 1527 3463 vegetandi
1551 3441 1563 3459 ‚
1588 3418 1646 3453 &c
1672 3419 1776 3464 Atqui
1798 3431 1909 3456 omnes
1931 3419 1995 3452 istas

314 3464 418 3506 cbrist-
430 3470 509 3509 Lupi
519 3472 616 3509 Opera
636 3470 800 3503 Tom.X11.
1017 3501 1019 3503 ,
1645 3468 1691 3515 Q
1876 3479 1947 3513 prae·

1136 2272 1200 2305 lare
1210 2272 1253 2304 est
1267 2272 1299 2303 in
1311 2272 1470 2304 concretis
1482 2272 1758 2310 accidentalibus;
1784 2274 1893 2307 locum
1907 2275 2001 2310 enim
2052 2300 2057 2307 .
