2384 3770
49 458 88 492 C.
116 460 170 495 16.

649 158 978 203 Sancrr

223 235 693 280 monasterioruml’raefeais,
722 250 779 273 nec
801 248 869 271 non
894 245 1008 269 eorum
1031 246 1112 268 curae

223 284 368 328 subjeffls
387 288 536 322 fratribus
558 290 664 332 palam
686 299 851 331 tamquam
863 286 904 319 de
918 285 1006 319 laicis
1016 285 1084 329 agit
1099 310 1109 325 ‚

222 335 362 379 ideoque
387 348 500 373 vocem
522 339 684 372 Monachus
704 339 790 381 capit
821 334 947 379 proprie
969 358 978 374 ‚
1013 345 1110 377 prout

222 398 337 422 contra
347 388 512 423 Clericum
532 389 721 432 distinguit.
749 386 842 421 Hinc
865 383 1044 418 monachos
1057 396 1110 418 vo-

223 447 278 473 cat
289 438 399 481 paffim
413 438 576 481 Deiservos
596 437 733 479 celsiorem
750 436 924 480 sanHitatr's
933 435 1062 478 gradum
1075 439 1107 467 in

224 487 352 530 Ecclefia
362 498 455 522 tenere
465 489 614 530 volentes3
642 489 808 533 vulgarem
821 497 931 520 autem
948 485 1106 528 populum

225 549 319 573 vocat
341 550 408 573 non
430 537 612 579 simpliciter
630 537 755 577 laicos,
782 537 835 571 sed
856 534 1107 577 laicosinferioris

52 585 89 619 L.
109 595 140 618 2.
154 584 205 618 Re
221 588 370 632 propositi.
398 587 492 620 Hinc
500 587 642 633 denique
652 589 732 623 dicit
747 588 777 620 se
790 598 883 632 agere
896 588 932 619 de
937 585 1108 627 fratribus,

52 635 139 668 trast.
154 645 180 668 c.

51 694 106 721 21.

225 645 275 680 qui
286 648 378 681 neque
388 636 591 680 Evangelrstae
600 636 671 680 sunt
684 664 695 678 ,
724 649 815 680 neque
825 636 954 676 ministri
968 635 1082 668 Altam
1096 658 1107 674 ,

226 699 317 732 neque
333 685 550 730 dispensatores
572 690 844 722 sacramentorum.
871 687 950 720 Hoc
971 686 1015 720 est
1030 709 1041 726 ,
1067 684 1107 718 de

53 733 92 766 L.
114 732 155 768 de
173 745 207 768 o·
225 736 310 773 mere
331 737 438 779 laicis,
467 736 502 770 hi
525 749 666 783 namque
690 741 786 779 sunt,
813 748 895 782 quos
908 735 1107 780 Apostolum

53 794 118 826 Fes-
138 792 207 819 ¹¹¹0·
225 793 371 828 imitatus
391 788 598 834 Augustinus
620 789 766 824 vetatibi
789 789 830 822 de
849 787 944 821 meris
963 786 1106 819 fidelium

53 830 178 868 nachs.

53 893 75 920 2
82 895 111 919 1·

56 1008 96 1043 C.
124 1019 183 1055 51.

58 1066 178 1106 sas}

226 843 369 878 colleais
389 850 443 874 aut
453 838 679 874 oblationibus
689 837 812 879 vivere,
838 838 891 871 sed
915 835 1004 879 jubet
1026 836 1058 868 in
1075 835 1110 867 fi·

227 893 330 929 lentio
352 890 536 925 laborantes
557 900 671 932 panem
694 890 786 923 suum
807 885 1017 921 manducare.
1045 884 1108 918 Ne·

226 952 290 988 que
300 944 420 982 refert',
445 940 534 984 quod
547 940 592 972 ita
603 938 749 983 legamus
772 938 805 971 in
827 934 1110 981 quartoConcilio

227 992 475 1039 Carthaginensi
495 1014 503 1022 .
543 990 674 1023 Clericus
705 992 901 1031 quantumvis
931 985 1021 1019 verbo
1056 985 1111 1016 Dei

227 1046 360 1080 eruditus
369 1041 494 1084 artificio
503 1039 619 1072 villum
628 1048 745 1082 quaerat
755 1064 762 1071 .
790 1039 920 1071 Clericus
926 1035 982 1077 fib}
997 1033 1111 1068 vidum

228 1096 264 1130 Θ
283 1094 488 1136 vestimentum
509 1089 660 1132 artificiolo
687 1090 740 1123 vel
758 1089 942 1132 agricultura
963 1110 973 1125 ,
1008 1082 1112 1127 absque

226 1145 309 1188 offla
326 1142 375 1187 sui
397 1145 562 1179 dumtaxat
583 1141 761 1173 detrimento
773 1146 891 1182 quaerat
906 1162 914 1169 .
926 1140 1037 1169 Omnes
1058 1136 1113 1167 cle-

227 1194 405 1237 viciquiad
425 1189 609 1233 operandum
620 1192 723 1223 validi
727 1188 824 1231 sunt,
851 1190 885 1222 (tt
899 1185 1055 1228 artificiola
1079 1186 1112 1218 (nt

228 1245 331 1279 literas
342 1242 477 1286 discant.
505 1239 689 1274 Cardinalis
708 1239 869 1274 Batonius
890 1246 982 1280 putat
995 1235 1038 1268 ibi
1049 1234 1110 1268 cle-

227 1295 333 1330 ticum
354 1292 436 1325 sumi
460 1299 519 1332 pro
537 1288 724 1330 monacho;
751 1287 885 1322 Gabriel
900 1295 1010 1320 autem
1022 1284 1112 1318 Pen—

226 1352 341 1379 nottus
362 1352 403 1375 ex
413 1338 548 1373 decretis
571 1337 637 1371 istis
655 1338 768 1381 probat
793 1346 908 1370 omnes
930 1334 1110 1378 Augustini

227 1390 411 1429 monachos
433 1388 525 1422 fuisse
536 1387 690 1422 clericos.
718 1387 846 1421 Neuter
866 1385 938 1419 vere
960 1395 998 1418 ac
1010 1384 1110 1417 bene.

228 1443 347 1488 Agunt
356 1440 475 1484 quippe
494 1438 622 1474 decreta
645 1437 754 1472 istade
774 1436 898 1472 clericis
910 1432 1111 1473 minoribus,

229 1503 313 1537 quos
333 1491 410 1534 quia
433 1499 601 1531 nunquam
626 1487 721 1531 plene
740 1487 821 1521 aluit
843 1484 1007 1524 Ecclesia,
1033 1485 1111 1517 sem-

230 1551 288 1587 per
316 1539 420 1574 voluit
444 1562 453 1578 ,
489 1549 524 1572 ut
544 1537 601 1571 fibi
638 1538 762 1581 reliqua
789 1535 960 1571 necessaria
985 1536 1026 1567 de
1049 1544 1111 1567 ma·

233 1601 338 1627 nuum
351 1591 475 1624 suarum
487 1599 584 1631 opere
603 1589 801 1631 supplerent.
830 1588 948 1620 Fateor
966 1584 1045 1617 vero
1058 1595 1111 1617 vo·

230 1653 303 1677 cem
324 1638 479 1673 monachus
499 1638 697 1682 quandoque
719 1662 731 1678 ,
756 1647 789 1672 at
812 1637 892 1671 raro*
907 1660 918 1675 ‚
956 1634 1037 1668 surni
1058 1645 1110 1678 ge-

230 1689 383 1727 neraliter
402 1713 413 1729 ‚
446 1699 482 1722 ut
502 1686 755 1732 comprehendat
776 1688 875 1721 etiam
910 1683 1112 1718 monachum

231 1743 383 1785 professos
401 1740 535 1773 clericos
554 1764 564 1779 ‚
601 1740 654 1772 seu
674 1736 854 1772 monachos
890 1736 924 1769 in
959 1734 1112 1768 clericum

161 1799 179 1816 ·'
229 1799 415 1836 promotos.
446 1788 514 1828 lta,
542 1789 698 1831 inquam,
725 1786 884 1821 moderno
906 1794 1114 1828 temporeca-

55 1937 117 1979 Ep.
129 1936 182 1982 76.

52 1985 116 2029 Ep.
130 1994 184 2031 35.

49 2262 149 2295 Serm.

55 2321 110 2354 49·
142 2311 183 2344 de

55 2362 172 2394 divers.

229 1842 316 1887 pitur
338 1842 545 1883 frequenter,
571 1839 752 1882 antiquitus
775 1847 882 1871 autem
906 1835 946 1868 fic
968 1833 1113 1879 capieba-

226 1901 281 1925 tur
300 1890 424 1931 rarius;
451 1889 592 1932 dicoque
611 1889 657 1923 ita
680 1898 845 1930 nunquam
871 1895 998 1928 captam
1022 1884 1114 1918 fuisse

228 1942 270 1975 ab
281 1940 488 1984 Augustino.
518 1939 610 1972 Hinc
623 1939 656 1972 in
668 1937 815 1981 Epistola
839 1936 878 1970 ad
892 1935 1112 1968 santiumAu-

229 1990 344 2024 relium
364 2012 373 2028 ,
413 1988 488 2020 licet
511 1988 546 2019 in
566 1988 764 2029 Episcopatu
792 1997 859 2018 non
885 1985 993 2016 minus
1016 1993 1112 2023 quam

230 2037 362 2082 Alipius
383 2061 392 2076 ‚
420 2034 461 2068 de
481 2046 548 2078 quo
570 2035 602 2069 id
631 2036 754 2068 sanetus
780 2033 936 2067 Paulinus
959 2031 1114 2070 testatur,

228 2085 431 2122 monachum
442 2085 563 2117 viveret
575 2108 585 2123 ,
612 2083 720 2116 scribit
732 2084 832 2115 seeffe
842 2082 995 2113 clericum
1007 2103 1017 2117 ,
1045 2090 1113 2112 non

226 2134 443 2171 monachum.
471 2132 563 2165 Hinc
588 2131 819 2174 Episcopales,
846 2130 880 2162 in
892 2127 1010 2170 quibus
1021 2138 1110 2161 com-

225 2194 359 2220 munem
382 2183 662 2224 monasticamque
687 2181 789 2214 vitam
812 2177 954 2224 agebant
983 2176 1115 2216 clerici,

226 2237 344 2271 domos
367 2243 463 2267 vocat
485 2243 552 2266 non
578 2230 767 2274 simpliciter
788 2229 1005 2267 monasteria,
1034 2238 1111 2271 quo-

226 2286 330 2320 modo
350 2285 459 2328 paffim
473 2291 567 2315 vocat
578 2281 696 2314 domos
716 2280 928 2314 Eremitarum
942 2303 952 2318 ,
976 2277 1028 2311 sed
1038 2288 1112 2310 cum

228 2335 342 2369 addito
363 2333 556 2366 monasteria
588 2331 780 2363 clericorum
801 2354 809 2361 .
846 2329 888 2361 Et
916 2329 1006 2370 plura
1043 2328 1114 2360 sunt

229 2383 386 2427 ejusmodi
409 2384 479 2415 loca
500 2406 510 2421 ,
536 2392 576 2413 ex
602 2379 719 2423 quibus
740 2379 866 2412 constat
888 2377 1110 2422 Augustinum

228 2444 291 2469 nec
312 2444 380 2466 non
402 2433 484 2464 alios
504 2431 534 2463 ei
561 2440 686 2463 coaevos
702 2428 812 2462 Patres
836 2439 874 2462 ac
894 2437 1038 2460 canones
1061 2437 1115 2470 per

228 2493 342 2518 vocem
365 2479 523 2514 monachus
535 2477 681 2513 absolute
703 2479 840 2521 positam
853 2477 1037 2522 intelligere
1048 2488 1112 2510 mo-

227 2532 371 2569 nachum
406 2530 584 2573 simplicem
620 2528 785 2562 clericatui
822 2526 962 2562 necdum
999 2527 1112 2560 adscri-

228 2594 345 2628 ptum.
370 2581 512 2625 Eiusque
522 2579 702 2614 locutionis
723 2579 807 2612 ratio
829 2577 874 2612 est
886 2577 988 2612 clara.
1022 2577 1111 2623 Qia

229 2644 349 2677 nempe
365 2643 406 2666 eo
427 2640 572 2674 tempore
607 2628 761 2662 monachi
787 2640 841 2672 per
863 2626 1021 2662 clericalis
1043 2638 1113 2671 gra·

228 2682 289 2718 dus
308 2683 498 2717 adscensum
519 2678 708 2714 desinebant
729 2679 790 2711 este
806 2677 961 2712 monachi
974 2702 984 2718 ‚
1012 2688 1112 2711 muta·

229 2733 373 2776 bantque
391 2731 464 2765 vitae
485 2730 626 2769 statum,
651 2728 733 2762 adeo
745 2738 780 2761 ut
803 2726 993 2762 &habitum
1007 2751 1018 2768 ,
1044 2738 1113 2761 om-

229 2793 369 2826 nemque
388 2782 489 2815 alium
504 2778 720 2813 monachismi
734 2777 946 2812 characterem
971 2778 1110 2820 depone·

228 2843 299 2867 rent
320 2846 328 2865 ε
354 2829 540 2879 Qomodo
561 2841 648 2862 nunc
667 2827 800 2871 quidam
823 2828 892 2861 fieri
914 2827 1033 2861 docent
1056 2839 1111 2870 per

227 2883 418 2918 adscensum
440 2880 539 2923 apicis
559 2879 782 2923 Episcopalis.
813 2878 888 2910 Erat
913 2899 925 2919 ‚
951 2877 1083 2921 inquam
1102 2900 1112 2916 ‚

228 2933 262 2967 in
282 2930 597 2974 multis‚praesertim
608 2927 822 2963 orientalibus
835 2949 847 2969 ,
874 2927 1028 2961 Ecclefiis
1041 2939 1109 2963 mo-

228 2981 388 3018 nachatus
418 2979 536 3026 gradus
561 2978 601 3012 ad
632 2979 799 3014 clericatus
823 2978 1008 3013 adscensum
1038 2989 1112 3021 prae·

226 3035 300 3067 vius
311 3043 409 3075 atque
420 3031 625 3065 necessarius:
643 3029 738 3063 Adeo
750 3039 785 3062 ut
798 3029 852 3072 qui
868 3039 908 3062 ex
922 3023 1027 3061 infimi
1041 3039 1112 3070 pro-

227 3084 320 3126 positi
342 3083 428 3116 laico
447 3081 656 3115 assumeretur
680 3080 714 3113 in
741 3079 941 3122 Episcopum
965 3101 975 3117 ,
1003 3076 1108 3120 primo

226 3135 261 3168 in
289 3131 488 3166 monachum
515 3130 643 3165 tonderi
670 3128 800 3164 deberet
829 3154 839 3169 ,

226 3184 359 3218 tonsura
380 3181 449 3225 post
459 3181 584 3224 aliquot
602 3180 672 3214 dies
694 3178 792 3212 levari
807 3180 838 3212 in
854 3177 1006 3213 clericum
1023 3202 1033 3217 ‚
1060 3189 1111 3211 at·

225 3245 288 3277 que
311 3234 355 3266 ita
375 3230 535 3276 gradatim
570 3230 604 3262 in
638 3228 824 3263 cathedram
853 3227 1082 3271 Episcopalem

227 3285 303 3319 Hac
326 3283 437 3326 itaque
455 3279 497 3316 de
514 3281 608 3315 causa
629 3279 755 3325 antiqui
775 3280 928 3315 Canones
949 3290 986 3313 ac
996 3277 1113 3312 Patres·

227 3346 283 3378 per
302 3330 503 3367 monachum
523 3330 667 3365 absolute
687 3331 826 3373 positum
856 3328 966 3373 paffim
992 3327 1112 3361 intelli-

229 3393 315 3429 'gunt
346 3380 547 3416 monachum
568 3380 742 3425 simplicem
772 3379 937 3415 clericatui
963 3378 1113 3414 nondum

230 3432 428 3476 adscriptum
442 3457 450 3464 .

283 3484 373 3518 Dico
385 3482 544 3523 secundo,
573 3479 753 3517 monachos
777 3480 854 3514 istos
877 3479 970 3517 fuisse
980 3479 1113 3526 quidem

338 3531 446 3574 christ.
470 3537 548 3575 Lupi
573 3538 671 3575 Opera
696 3534 781 3564 Tomo
806 3533 881 3564 ΧΠ.

1048 158 1595 200 ΑυῦυετιΝῑ.

873 3138 970 3171 atque
996 3128 1036 3161 de
1055 3127 1111 3161 isla
1131 3168 1138 3172 -

1943 168 2004 215 41

1166 235 1201 267 in
1222 231 1536 277 Carthaginensibus
1556 231 1746 268 suburbanis
1766 234 1808 269 ab
1819 232 1958 270 Aurelio
1978 236 2050 269 fun-

1167 284 1283 321 datos,
1313 293 1505 316 nontamen
1527 280 1568 316 ab
1591 282 1661 324 ipso
1680 307 1691 322 ,
1718 284 1772 318 sed
1794 285 1835 319 ab
1857 284 2048 330 Augustino

1168 333 1421 373 institutos‚aut
1443 329 1573 368 certein
1586 330 1734 365 Africam
1746 332 1957 370 introductos.
1987 335 2049 370 Di-

1167 394 1208 417 co
1229 407 1240 423 ,
1279 386 1336 416 Aut
1360 384 1436 416 certe*
1455 383 1512 415 &a
1539 381 1629 427 Qia
1657 381 1860 426 Augustinus
1885 386 2049 429 propriam

1166 432 1382 469 monachismi
1404 432 1541 476 speciem
1563 432 1671 466 revera
1700 443 1768 465 non
1796 432 1934 468 instituit
1956 459 1968 475 ,
1995 435 2049 469 sed

1166 484 1275 527 potius
1294 494 1366 516 eam
1389 483 1488 525 ipsam
1511 505 1522 521 ,
1547 492 1645 526 quam
1674 482 1709 515 in
1730 481 1847 516 Galliae
1871 506 1881 521 ,
1916 485 2050 520 Germa-

1166 534 1248 572 niae,
1275 533 1440 577 AEgypti,
1466 531 1741 575 Mesopotamiae,
1760 531 1962 575 aliarumque
1973 547 2050 579 gen·

1163 585 1247 618 tium
1268 586 1382 618 eremis
1401 592 1498 626 atque
1518 582 1602 627 agris
1625 581 1739 617 florere
1760 582 1778 615 a
1800 581 1972 616 Potitiano
1995 594 2051 618 au·

1163 634 1266 668 dierat
1291 658 1303 674 ,
1330 643 1425 675 atque
1443 632 1509 675 ipse
1531 633 1566 665 in
1588 632 1681 667 ltalia
1708 630 1830 666 viderat
1849 657 1861 673 ‚
1887 642 2050 676 quamque

1166 685 1255 719 illius
1277 695 1390 718 amore
1401 694 1489 719 totus
1507 683 1678 716 succensus
1702 682 1777 716 vitae
1788 681 1960 726 Angelicae
1971 694 2052 716 coae·

1166 734 1323 777 quaratin
1345 733 1430 768 libro
1450 733 1491 768 de
1511 732 1657 766 moribus
1671 731 1820 767 Ecclesiae
1841 730 2026 767 Catholicae
2039 756 2051 773 ,

1167 786 1337 818 dumtaxat
1362 785 1396 817 in
1419 783 1567 818 Africam
1590 780 1774 819 introduxit
1797 792 1896 827 atque
1916 794 1970 825 per
1980 794 2051 817 om·

1169 846 1226 870 nes
1246 836 1333 868 illius
1357 834 1544 878 provincias
1566 856 1576 872 ‚
1603 833 1776 867 annitente
1795 833 1830 866 in
1850 832 1964 877 primis
1985 834 2053 866 san-

1167 886 1219 919 cto
1241 885 1379 919 Aurelio
1400 908 1411 924 ,
1448 883 1639 928 propagavit
1658 899 1668 919 ·.
1699 881 1799 917 Adeo
1819 890 1856 916 ut
1878 881 2052 917 monachis

1167 936 1232 968 suis
1254 935 1401 968 videatur
1424 947 1492 968 non
1504 934 1625 968 dedisse
1634 933 1820 970 distinstam
1838 931 1968 968 habitus
1988 933 2053 967 for-

1169 996 1257 1018 mam
1280 1008 1292 1024 ,
1318 985 1371 1018 sed
1396 986 1535 1018 formam
1560 995 1634 1018 eam
1659 984 1760 1028 ipsam
1784 1008 1795 1024 ‚
1822 993 1919 1028 quam
1939 982 2053 1027 paffim

1169 1034 1338 1080 gestabant
1363 1033 1519 1067 monachi
1556 1033 1632 1067 Itali
1659 1058 1670 1074 ,
1706 1033 1795 1067 Galli
1821 1058 1832 1074 ,
1868 1032 2053 1078 AEgyptii‚

1171 1083 1522 1128 Mesopotami,Syri,
1544 1083 1668 1126 aliique
1688 1093 1820 1116 omnes.
1849 1084 1944 1117 Hinc
1964 1094 2055 1117 nam-

1170 1146 1232 1180 que
1244 1136 1283 1169 de
1294 1133 1488 1178 quibusdam
1500 1132 1675 1176 AEgyptiis
1697 1144 1735 1167 ac
1746 1132 1985 1176 Mesopotamis
1998 1143 2054 1176 per

1173 1187 1319 1220 Africam
1339 1195 1418 1219 tunc
1438 1183 1620 1218 admodum
1645 1180 1829 1226 perniciose
1849 1183 2055 1226 serpentibus

1172 1235 1345 1270 monachis
1366 1234 1448 1269 dicit
1467 1233 1508 1268 ad
1521 1233 1593 1267 suos
1612 1233 1650 1266 in
1663 1232 1732 1266 hoc
1748 1233 1818 1275 ipso
1829 1243 1926 1276 opere
1946 1245 1954 1265 ι
1981 1235 2056 1265 Dia·
2070 1245 2112 1282 C·
2138 1244 2195 1283 28-

1171 1287 1252 1320 bolas
1265 1295 1330 1319 tam
1341 1287 1447 1318 multos
1470 1283 1632 1326 hypocritas
1648 1281 1705 1325 sub
1725 1281 1830 1316 babitu
1849 1281 2070 1316 monachorum'

1171 1337 1278 1378 ubique
1301 1333 1434 1378 dispersit
1459 1347 1466 1366 ε
1496 1335 1548 1367 Ex
1567 1332 1632 1368 isto
1649 1357 1661 1374 ,
1685 1334 1820 1377 inquam
1835 1357 1847 1373 ,
1874 1333 2057 1378 Augustini

1172 1388 1248 1421 loco
1257 1411 1268 1426 ‚
1297 1396 1358 1420 nec
1371 1397 1437 1420 non
1450 1397 1490 1419 ex
1504 1384 1570 1427 ejus
1583 1384 1623 1418 ad
1636 1383 1805 1418 Ecdiciam
1832 1382 1976 1428 Epistola
1986 1395 2057 1418 non

1174 1436 1303 1480 penitus
1316 1434 1434 1471 frivole
1455 1434 1559 1478 potest
1574 1433 1713 1478 colligi,
1740 1433 1914 1477 indigenas
1934 1432 2054 1467 Africae

1173 1486 1354 1521 monachos
1376 1485 1416 1519 ab
1430 1486 1497 1519 istis
1520 1484 1722 1528 vagabundis
1734 1483 1866 1518 advenis
1876 1483 1986 1527 quoad
2001 1483 2058 1518 ha-

1174 1538 1279 1572 bitum
1300 1547 1354 1570 aut
1370 1535 1454 1571 nihil
1475 1544 1531 1569 aut
1551 1545 1662 1579 parurn
1675 1534 1768 1568 fuiffe
1784 1534 1948 1568 diversos.
1977 1534 2059 1567 Om-

1176 1599 1230 1622 nes
1248 1588 1366 1630 quippe
1391 1584 1538 1629 AEgypti
1559 1608 1570 1624 ,
1598 1583 1720 1624 ltaliae‚
1748 1582 1889 1624 Gallias,
1915 1595 1954 1617 ac
1973 1583 2061 1616 Afri-

1173 1649 1214 1671 cae
1240 1634 1675 1678 Monachierantplantatio
1685 1645 1723 1667 ac
1734 1633 1828 1677 stirps
1850 1633 1948 1667 unius
1960 1633 2061 1667 sancti

1176 1687 1319 1721 Antonii
1368 1712 1379 1728 ,
1425 1696 1525 1731 quam
1562 1685 1680 1718 Romae
1715 1684 1839 1727 primus
1875 1683 2062 1717 ostenderat

1176 1740 1295 1772 sanstus
1318 1736 1538 1774 Athanafius,
1564 1746 1619 1778 per
1640 1745 1776 1768 omnem
1798 1744 1908 1767 autem
1932 1733 2063 1768 Italiam

1175 1788 1360 1822 traduxerat
1380 1788 1505 1821 sanstus
1532 1785 1692 1819 Eusebius
1713 1797 1722 1827 3
1751 1796 1804 1828 per
1830 1794 1964 1817 omnem
1985 1783 2063 1817 Gal-

1175 1838 1252 1872 liam
1274 1840 1401 1872 sanstus
1422 1862 1430 1869 .
1458 1835 1623 1869 Martinus
1642 1859 1654 1874 ‚
1683 1845 1735 1877 per
1752 1844 1887 1867 omnem
1916 1833 2063 1866 Africam

1177 1891 1300 1922 sanstus
1320 1887 1545 1931 Augustinus.
1575 1883 1718 1918 Proinde
1731 1883 1811 1917 ficut
1837 1893 1953 1916 omnes
1973 1883 2064 1917 fuere

1176 1938 1318 1979 ejusdem
1332 1935 1534 1978 professionis
1556 1945 1593 1966 ac
1615 1932 1753 1965 instituti
1768 1945 1782 1973 ;
1809 1932 1855 1966 ita
1866 1933 2064 1976 quoquead·

1178 1986 1312 2019 modurn
1332 1983 1499 2027 probabile
1511 1983 1554 2016 est
1569 2006 1580 2021 ,
1606 1993 1722 2016 omnes
1745 1982 1838 2016 fuisse
1856 1981 1998 2024 ejusdem
2010 1982 2063 2016 ha-

1178 2036 1264 2069 bitus
1276 2059 1287 2074 ,
1313 2034 1404 2075 cujus
1426 2034 1565 2065 formam
1582 2032 1616 2065 ὅ(
1628 2031 1772 2065 colorem
1795 2032 1904 2065 sumus
1918 2043 1997 2066 mox
2008 2031 2064 2067 de-

1179 2084 1348 2125 scripturi.
1377 2083 1419 2113 Et
1431 2081 1564 2122 quidem
1587 2080 1818 2123 Augustinenfi
1838 2082 2063 2116 Monachatui

1178 2143 1232 2175 per
1242 2141 1376 2165 omnem
1394 2128 1538 2161 Africam
1552 2127 1753 2162 traducendo
1765 2141 1863 2173 quam
1875 2132 1999 2173 optime
2014 2134 2063 2165 in-

1178 2180 1354 2222 serviebat;
1381 2178 1485 2212 imme>
1503 2179 1538 2212 ὅ(
1549 2178 1691 2212 sufficere
1705 2188 1831 2221 poterat
1840 2191 1926 2213 unus
1938 2182 2063 2215 sanctus

1180 2232 1332 2265 Aurelius
1348 2230 1527 2273 Episcopus
1547 2227 1815 2272 carthaginensis
1827 2254 1838 2270 ,
1863 2229 1980 2273 utpote
1992 2242 2062 2265 non

1178 2282 1274 2315 solius
1292 2282 1350 2314 suae
1359 2278 1603 2314 Proconsularis
1626 2278 1807 2312 Provinciae
1819 2304 1830 2319 ,
1856 2280 1908 2314 sed
1920 2282 2062 2315 omnino

1177 2332 1278 2366 totius
1291 2330 1410 2363 Africae
1424 2328 1721 2371 Archi-Episcopus
1731 2329 1765 2362 ἀ
1777 2328 1904 2363 Primas
1916 2355 1927 2370 ‚
1938 2329 2062 2365 habens

1178 2382 1306 2424 plenam
1333 2378 1521 2423 potestatem
1540 2387 1638 2421 atque
1662 2377 1885 2412 immediatam
1898 2380 2061 2415 sollicitu-

1179 2433 1290 2465 dinem
1312 2429 1463 2463 omnium
1487 2429 1720 2462 Africanarum
1740 2428 1970 2463 Ecclessarum.
2000 2431 2061 2464 Di-

1177 2494 1217 2515 co
1231 2482 1337 2524 itaqne
1348 2478 1587 2513 monachorum
1607 2477 1740 2512 istorum
1763 2479 1796 2511 in
1812 2478 2061 2515 Africainstitu-

1180 2543 1284 2565 torem
1309 2530 1402 2564 fuisse
1425 2530 1566 2563 sanctum
1581 2528 1823 2572 Augustinum‚
1850 2531 1994 2564 sanctum
2006 2543 2061 2567 au-

1176 2593 1240 2615 tem
1268 2581 1438 2614 Aurelium
1458 2580 1556 2618 fuisse⁸
1569 2578 1741 2613 dumtaxat
1768 2580 1933 2613 strenuum
1946 2592 2060 2615 eorum

1178 2641 1400 2674 promotorem
1417 2654 1424 2661 .
1451 2629 1545 2663 Patet
1559 2628 1591 2662 id
1603 2641 1644 2663 ex
1657 2627 1720 2663 hoc
1733 2630 1802 2672 ipso
1813 2630 1898 2665 libro
1910 2655 1921 2670 ,
1949 2631 1982 2664 in
1994 2642 2061 2674 quo

1176 2680 1382 2726 Augustinus
1408 2681 1450 2712 fic
1487 2679 1596 2713 scribit
1622 2679 1664 2712 ad
1692 2680 1836 2714 sanctum
1866 2681 2059 2716 Aurelium.

1175 2734 1256 2775 ,ραι
1278 2742 1341 2764 cum
1352 2737 1396 2762 ita
1400 2729 1481 2771 sint,
1502 2729 1564 2771 fine
1583 2741 1628 2762 me
1635 2731 1792 2771 paululum
1810 2729 1914 2773 sandle
1926 2735 2037 2764 Frater
2050 2755 2061 2771 ,
2077 2739 2117 2776 C,
2145 2739 2199 2779 28,

1175 2785 1230 2814 dat
1241 2787 1320 2814 enim
1330 2778 1403 2813 mibi
1416 2783 1558 2812 Domlnus
1567 2788 1622 2821 per
1634 2789 1664 2813 te
1675 2790 1815 2824 magnam
1823 2779 1962 2821 fiduciam
1973 2805 1983 2821 ,
2011 2793 2060 2814 eos

1173 2831 1249 2875 ipsos
1260 2832 1365 2872 alloqui
1372 2830 1449 2871 filios
1462 2832 1494 2863 et
1498 2829 1622 2871 fratres
1634 2829 1741 2870 nostros
1750 2855 1760 2870 ‚
1786 2842 1859 2872 quos
1882 2836 1954 2863 novt
1964 2842 2060 2873 quan-

1174 2892 1206 2914 ta
1219 2880 1363 2924 nobiscum
1377 2880 1526 2913 ddec‘ltone
1532 2886 1689 2922 parturlas
1701 2905 1711 2920 ‚
1739 2881 1827 2919 donec
1846 2880 1878 2912 in
1890 2886 1933 2913 eis
1946 2881 2057 2923 Aposto-

1174 2934 1230 2964 lica
1250 2930 1406 2974 disciplina
1417 2930 1568 2971 formetur
1593 2954 1601 2962 .
1630 2929 1717 2964 Ecce
1740 2955 1750 2970 ,
1777 2930 1822 2963 eis
1841 2931 2058 2973 parturiendis

1174 2991 1270 3025 atque
1288 2981 1467 3015 formandis
1489 2980 1730 3019 collaborabat,
1758 2990 1827 3013 non
1850 2978 2056 3025 Augustinus

1177 3032 1314 3066 Aurelio
1327 3056 1337 3071 ‚
1365 3031 1416 3064 scd
1434 3030 1622 3075 Augustino
1637 3029 1791 3063 Aurelius
1803 3042 1819 3074 t.
1837 3030 1927 3077 Qia
1938 3042 2056 3074 nempe

1177 3082 1383 3126 Augustinus
1395 3091 1451 3115 eos
1462 3080 1660 3120 instituerat,
1679 3079 1833 3114 Aurelius
1844 3090 1952 3115 autem
1965 3081 2057 3114 dum·

1176 3143 1266 3165 taxat
1279 3131 1507 3174 promovebat.
1538 3130 1580 3164 Et
1590 3128 1668 3164 hinc
1681 3130 1880 3174 quicumque
1902 3142 1956 3174 per
1969 3129 2057 3165 Afri-

1175 3193 1246 3216 cam
1259 3181 1413 3215 monachi
1430 3205 1440 3219 ‚
1466 3180 1498 3212 in
1520 3190 1725 3224 quacumque
1743 3180 1891 3214 Dioecaefi
1911 3190 1968 3214 aut
1980 3180 2056 3215 Pro-

1176 3234 1283 3265 vincia
1297 3230 1467 3264 constituti
1480 3253 1490 3269 ,
1518 3230 1594 3263 licet
1607 3230 1671 3264 suis
1683 3230 1851 3274 Episcopis
1862 3230 1991 3274 subjecti
2003 3231 2056 3265 de-

1175 3290 1289 3326 gerent
1300 3306 1310 3321 ,
1336 3279 1558 3324 agnoscebant
1571 3290 1680 3314 tamen
1693 3280 1916 3324 Augustinum
1928 3291 1985 3324 pro
1997 3281 2056 3316 suo

1175 3331 1311 3364 Praelato
1322 3342 1358 3364 ac
1371 3330 1542 3372 Superiori.
1552 3330 1633 3377 Quo
1644 3331 1757 3364 titulo?
1771 3329 1877 3363 Nullo
1888 3330 1963 3364 sane
1974 3331 2057 3372 alio,

1175 3392 1272 3425 quam
1292 3379 1506 3415 institutionis
1518 3404 1526 3412 .
1550 3380 1599 3412 Hi
1614 3390 1754 3423 namque
1776 3389 1889 3414 omnes
1900 3382 2058 3416 monachi

1174 3443 1264 3465 erant
1274 3430 1422 3472 isti,quos
1436 3429 1615 3463 Donatistae
1627 3428 1691 3463 huc
1702 3430 1849 3472 usquein
1862 3430 1975 3466 Africa
1986 3443 2057 3465 non

1175 3481 1368 3522 videtne&
1381 3479 1421 3515 de
1434 3491 1498 3523 quo
1504 3490 1573 3513 rum
1588 3478 1829 3515 introductione
1840 3490 2006 3526 tamquam
2016 3481 2057 3515 de

1718 3529 1754 3563 D
1776 3537 1800 3575 3
1953 3541 2025 3575 pro-
