2384 3770
152 1255 163 1269 Q

62 3175 140 3221 Cap·
159 3187 217 3214 12·

64 3300 145 3346 Cap.
162 3313 216 3339 12.

663 105 992 150 Sanc-rr

1063 100 1608 152 Λυσαετῑκζῐζ

1960 112 2036 159 227

249 187 611 238 t30n0.-Q1antumvis
633 198 688 231 per
710 186 875 231 publicam
902 183 1121 228 paenitentiam
1184 184 1217 216 <a
1238 180 1331 215 cilicio
1355 179 1488 211 habitum
1500 188 1614 210 mutare
1618 178 1732 219 faeiat.
1762 179 1859 213 Hanc
1871 189 1951 224 ergo
1964 180 2063 215 etiam

247 246 358 281 fuisset
381 240 533 280 meritus,
560 240 654 281 eique
673 248 726 280 per
737 235 939 270 Sacerdotem
951 233 1057 267 fuisset
1070 233 1122 267 ad-

247 296 352 330 dictu-s
371 316 382 332 ,
419 289 602 324 dummodo
625 288 693 330 ejus
716 284 867 319 manibus
882 283 979 326 reipsa
993 283 1122 327 publice

248 356 316 380 non
339 341 446 376 fuisset
473 338 627 381 subjectus
652 361 663 377 ,
701 344 823 377 poterat
849 333 979 367 admitti
1002 334 1042 367 ad
1063 334 1122 366 cle-

248 405 321 429 rum
341 417 348 425 .
389 392 431 425 Et
452 389 517 424 hoc
539 387 583 422 est
606 385 732 420 facinus
757 384 883 417 Donati
910 383 927 416 a
955 383 1044 417 Cafis
1063 382 1122 416 Ni-

243 445 309 488 gris
333 467 343 481 ‚
369 441 584 480 omniumque
607 433 853 469 Donatistarum
878 458 884 465 .
914 433 1079 467 Omnibus
1106 434 1123 467 a

243 492 424 527 Caeciliano
444 489 484 523 ad
508 488 538 520 se
558 482 796 519 declinantibus
817 483 1008 526 Episcopis,
1037 483 1120 517 Pres-

243 543 391 587 byteris,
416 551 453 573 ac
478 534 683 571 Diaconibus
703 545 817 567 manus
830 533 1125 576 paenitentialesim·

244 591 432 635 ponebant,
459 597 556 631 atque
579 587 622 619 ita
644 595 710 618 non
733 585 838 618 solum
864 583 935 626 ipsis
957 584 1123 626 personis,

245 642 297 676 sed
317 642 415 674 etiarn
439 638 494 680 ipsi
514 636 704 670 sanstiffim'o
719 635 789 677 Jesu
804 631 923 667 Christi
938 634 1122 667 Sacramen-

246 704 282 726 το
300 688 517 735 gravissimam
541 685 725 729 irrogabant
748 683 897 726 injuriam
911 708 920 723 ,
949 684 1037 727 quod
1058 683 1121 717 fuit

246 749 416 785 peccatum
437 735 657 770 abominabile
677 760 687 774 ‚
713 734 1003 778 dignissimumque
1029 734 1121 767 dam-

244 790 399 824 natione.
428 788 508 821 Non
535 784 710 819 sufficiebat
734 784 797 816 illis
823 784 903 826 ipsas
926 783 1123 816 inhonorare

245 841 417 884 personas,
443 836 533 870 easve
552 837 722 869 dumtaxat
746 834 892 876 redigere
914 834 945 865 in
971 843 1121 866 commu-

244 891 386 924 nionem
408 890 546 921 laicam.-
573 884 739 918 Volebant
764 884 892 926 insuper
911 882 1014 926 ipsum
1029 881 1122 916 Chri·

244 940 330 974 stum
351 940 384 973 in
410 939 473 971 suis
492 935 630 970 Clericis
642 933 946 977 plusquamjudaice
960 931 1122 974 injuriari.

297 990 340 1023 Et
373 1001 414 1022 ex
436 987 485 1021 his
506 995 594 1030 patet
618 984 799 1018 intellestus
828 981 1123 1016 obscuriffimorum

247 1039 420 1073 verborum
436 1061 446 1077 ,
468 1048 538 1080 quae
548 1036 638 1077 supra
648 1035 844 1071 adduximus
854 1045 895 1067 ex
909 1033 1012 1066 saneto
1025 1034 1123 1075 Opta-

248 1099 301 1123 to.
333 1092 414 1132 Ergo
433 1089 552 1132 linguas
576 1084 690 1125 vestras
713 1083 828 1123 acuistis
842 1089 874 1115 in
881 1084 1002 1126 gladios
1016 1106 1025 1121 ,
1054 1094 1124 1124 quos

247 1138 380 1178 movistis
403 1144 436 1170 in
460 1146 591 1174 mortes,
612 1147 669 1168 non
693 1142 864 1175 corporum,
885 1132 943 1176 sed
963 1133 1104 1170 honorum
1118 1155 1145 1202 ,Ι

243 1187 416 1235 jugulastis
429 1199 486 1219 non
499 1186 651 1222 membra,
673 1182 729 1226 sed
740 1189 876 1216 nomina.
905 1182 1128 1225 Quidprodest,

248 1244 320 1280 quia
343 1243 448 1270 viuum
468 1235 622 1273 homines,
650 1235 684 1266 (9
706 1232 785 1274 occist
798 1231 870 1275 sunt
891 1232 1012 1264 bonores
1034 1234 1054 1264 ἃ
1079 1243 1123 1265 ’ω

246 1289 298 1319 bis
311 1288 327 1318 ἒ
353 1287 459 1319 Valent
477 1285 596 1326 quidem
619 1281 778 1321 membris,
801 1282 859 1323 sed
876 1291 984 1323 ereptae
1000 1290 1128 1323 portam

240 1336 358 1380 funera
382 1335 542 1378 dignitaus
565 1357 571 1364 .
601 1330 788 1370 Extendistts
813 1335 891 1363 enim
913 1342 1021 1363 manus
1039 1330 1129 1373 super

247 1396 334 1419 omne
352 1394 441 1426 caput
461 1408 465 1416 .
501 1382 658 1426 Arguunt
682 1381 778 1414 verba
802 1378 867 1414 haec
907 1381 1097 1414 Donatisias
1119 1404 1128 1419 ‚

248 1435 340 1478 quod
363 1444 477 1468 omnes
500 1432 518 1465 a
536 1434 566 1466 se
591 1443 644 1476 rer
671 1429 869 1474 Synodalem
892 1430 1127 1474 Carthaginen-

249 1486 290 1519 fis
311 1484 460 1518 adversus
480 1481 697 1516 Caecilianum
720 1479 1126 1524 conciliabuliEpistolam

250 1534 512 1576 circumscriptos
542 1542 640 1574 atque
670 1531 688 1563 ὲ
713 1531 899 1564 Caeciliano,
914 1530 954 1564 ad
987 1531 1127 1573 ipsorum

248 1583 389 1619 schisma
412 1583 616 1617 declinantes
649 1580 795 1615 Clericos
825 1590 939 1614 contra
959 1592 1061 1614 omne
1080 1581 1129 1624 jus

247 1633 432 1678 redegerint
444 1632 477 1666 in
490 1633 603 1666 laicam
615 1631 886 1664 communionem
900 1655 907 1662 .
931 1631 1029 1665 Laica
1041 1634 1129 1673 quip-

247 1695 292 1728 pe
312 1683 505 1718 communio
528 1706 539 1722 ,
578 1691 693 1724 utpote
717 1680 862 1714 hominis
881 1681 921 1714 de
933 1679 1131 1715 clericalidi·

244 1735 378 1779 gnitate
408 1733 441 1766 in
474 1733 624 1765 infimum
645 1729 805 1764 laicorum
831 1730 982 1765 ordinem
1007 1732 1129 1764 irrevo-

246 1783 362 1818 cabilis
385 1783 521 1825 dejestio
542 1783 586 1815 est
607 1792 679 1814 vera
697 1792 808 1820 mors,
836 1781 1013 1824 nonipsius
1027 1780 1131 1814 homi·

246 1834 300 1867 nis
311 1858 321 1873 ,
352 1833 404 1875 sed
423 1831 581 1866 clericalis
594 1829 749 1865 honoris:
779 1831 911 1874 Jugulat
925 1855 935 1871 ‚
949 1841 1017 1864 non
1031 1842 1129 1865 mem-

247 1883 304 1917 bra
331 1907 341 1923 ‚
369 1883 422 1916 sed
443 1882 579 1915 nomina
599 1904 610 1919 ,
638 1882 749 1925 utique
778 1881 912 1914 nomina
941 1879 1092 1923 Episcopi
1121 1904 1131 1919 ,

244 1931 456 1973 Presbyteri,
484 1931 629 1964 Diaconi
653 1954 665 1972 ,
690 1930 810 1965 Clerici
832 1941 840 1962 τ
870 1929 931 1964 Per
954 1941 1025 1964 eam
1050 1931 1132 1963 vivis

248 1981 445 2014 hominibus
466 1982 661 2012 occiduntur
695 1990 809 2012 eorum
848 1978 991 2011 honores
1014 1992 1024 2012 .·
1072 1977 1133 2010 Per

251 2040 325 2062 eam
351 2028 414 2062 vivi
437 2027 487 2060 isti
513 2025 664 2059 homines
691 2026 773 2058 fiunt
801 2037 873 2059 vera
897 2026 1007 2059 funera
1034 2039 1071 2060 ac
1084 2039 1132 2060 ca-

242 2078 367 2110 davera
385 2086 497 2117 ereptae
520 2074 710 2118 dignitatis.
739 2075 834 2105 Patet
856 2074 936 2105 item
950 2075 1133 2106 intellectus

245 2124 369 2160 horum
382 2123 550 2158 verborum
565 2146 571 2153 .
584 2120 740 2162 Invenistis
753 2124 897 2153 Diaconos
910 2146 919 2161 ,
932 2121 1131 2161 Presbyteros,

245 2174 433 2218 Episcopos:
459 2171 578 2212 Fecistis
597 2172 704 2205 laicos.
733 2172 828 2203 Socius
851 2173 987 2204 &comes
1017 2171 1131 2211 vester,

242 2226 363 2269 utique
380 2225 428 2257 .in
455 2222 620 2257 Clericatu
643 2245 653 2260 ,
685 2223 756 2262 jam
778 2221 890 2253 dudum
908 2221 1015 2262 fuerat
1040 2247 1049 2261 ,
1087 2227 1130 2254 cui

245 2286 328 2309 nunc
350 2284 457 2307 manus
480 2271 590 2313 inferre
612 2276 709 2303 conati
730 2270 794 2310 estis
822 2296 828 2302 .
865 2270 949 2305 Item
979 2270 1098 2305 horum
1121 2295 1127 2303 .

248 2322 359 2361 Vestris
376 2321 498 2363 confilus
518 2320 661 2364 sagittati
676 2320 748 2361 sunt
761 2326 925 2353 innocentes
941 2345 950 2360 ‚
976 2327 1130 2354 exarmati

245 2372 373 2415 fideles,
401 2371 506 2404 bonore
530 2375 657 2402 nominis
670 2368 722 2412 sui
727 2368 847 2412 spoliati
855 2368 927 2411 sunt
938 2372 1105 2404 sacerdotes
1119 2396 1126 2403 .

247 2425 274 2454 0
291 2426 430 2463 Impietas
450 2421 591 2453 inaudita
606 2444 616 2459 ,
644 2429 728 2461 quem
742 2421 934 2463 Jugulaverts
969 2426 1048 2454 inter·
1067 2429 1131 2462 pae·

245 2472 410 2505 m‘tentlam
430 2471 464 2504 o·
486 2478 634 2502 tormenta
653 2467 780 2511 servare
804 2492 811 2500 .
843 2474 878 2502 In
911 2477 1130 2512 comparatione

244 2526 343 2563 operis
365 2519 454 2559 vestri
477 2520 628 2552 latronum
653 2518 746 2552 levior
770 2520 892 2553 videtur
922 2526 1099 2553 immanitas
1124 2544 1131 2552 .

244 2575 306 2606 Vos
329 2576 438 2604 vivum
455 2568 563 2610 facins
574 2568 785 2602 homicidium:
814 2573 909 2603 Latro
913 2572 1061 2613 jugulans
1075 2573 1130 2603 dat

243 2622 290 2654 de‘
303 2629 395 2654 morte
417 2621 622 2661 compendium
646 2644 653 2651 .
683 2620 867 2660 Paupertate
887 2618 990 2663 sensus
1007 2620 1055 2663 sui
1078 2627 1128 2653 cir-

245 2675 398 2705 cumventi
410 2668 483 2712 sunt
507 2692 518 2708 ‚
549 2679 619 2711 quos
641 2670 770 2709 decipere
792 2670 936 2711 potuistis
955 2696 961 2703 .
1000 2669 1131 2712 Perfec‘li

244 2726 323 2754 enim
336 2719 466 2760 fuerant
486 2719 531 2751 llll
550 2743 561 2758 ‚
587 2726 669 2759 opere
685 2718 800 2760 scilicet
825 2724 881 2752 Ded
900 2743 910 2759 ,
937 2728 988 2763 qu}
1011 2726 1043 2753 ln
1063 2723 1130 2761 ejus

243 2775 361 2803 nomine
378 2767 503 2810 fuerant
522 2769 654 2800 ordinati
679 2792 685 2798 .
717 2771 762 2800 Et
789 2780 845 2802 vos
868 2780 970 2804 contra
991 2779 1062 2812 opus
1077 2774 1131 2802 Dei

245 2819 387 2859 hostiliter
410 2819 570 2858 mihtatt‘s,
596 2819 735 2850 divinum
759 2826 831 2858 opus
853 2822 984 2853 malitia
998 2820 1131 2854 vec‘libus

245 2869 448 2908 destruentes.
477 2868 596 2912 Arguit
620 2867 708 2901 hisce
733 2867 836 2901 verbis
862 2870 981 2904 affidue
993 2872 1132 2905 Donati·

244 2918 330 2958 ssas,
357 2917 446 2960 quod
469 2918 659 2951 innocentes
679 2928 775 2961 atque
797 2917 838 2951 ab
864 2919 933 2960 ipsis
947 2930 1131 2963 paupertate

244 2969 355 3004 sensus
379 2969 425 3002 sui
447 2967 707 3014 circumscriptos
734 2968 914 3011 Episcopos
943 2994 954 3009 ,
987 2971 1130 3012 aliosque

243 3018 382 3052 clericos
403 3017 609 3061 degradarint
622 3041 632 3058 ,
658 3017 897 3060 dejecerintque
912 3019 994 3053 inter
1010 3021 1129 3054 laicos.-

244 3068 326 3102 Hoc
351 3079 492 3111 namque
519 3067 562 3100 est
578 3068 687 3100 vivum
700 3064 906 3101 homicidum
919 3093 929 3108 ,
961 3070 1003 3103 est
1018 3081 1058 3103 ex
1069 3071 1128 3104 cle·

242 3118 313 3151 rico
339 3119 442 3151 facere
455 3117 597 3156 laicum,
628 3117 671 3150 est
686 3116 817 3150 malitiae
841 3118 983 3152 vestibus
995 3119 1130 3153 destrue-

241 3179 276 3202 re
295 3178 377 3209 opus
400 3168 453 3200 seu
475 3167 722 3200 Sacramentum
746 3167 918 3201 divinum.

291 3218 373 3251 Haec
394 3226 504 3250 autem
526 3215 616 3249 verba
636 3241 646 3257 ,
674 3219 795 3257 Docere,
823 3217 875 3250 ubl
896 3218 980 3251 vobis
1004 3221 1129 3252 manda-

241 3277 304 3301 tum
325 3266 379 3307 est,
407 3267 511 3299 radere
525 3273 625 3308 capita
646 3267 848 3307 sacerdotum,
877 3270 1011 3312 exponit
1036 3269 1129 3303 nobis

241 3316 297 3351 hic
315 3319 432 3351 Canon
455 3317 540 3350 tertii
567 3316 714 3350 Concilii
737 3317 916 3351 Toletani.
943 3321 1129 3362 ,Quicumque

237 3371 448 3409 paenitentt'am
467 3365 615 3408 postulat,
641 3368 675 3398 id
699 3374 770 3399 ante
787 3373 885 3400 omnia
898 3367 1058 3411 Episcopus
1066 3369 1129 3411 ser-

240 3426 295 3452 vet
314 3441 324 3458 ‚
351 3425 384 3448 ut
401 3416 430 3456 fi
447 3421 495 3449 vir
508 3416 566 3456 est.
589 3422 676 3457 prius
691 3427 757 3449 eum
768 3419 911 3459 tondeat,
942 3425 1019 3453 acin
1030 3426 1128 3454 cinere

289 3488 293 3491 -
311 3465 446 3507 Christ.
470 3470 549 3509 Lupi
559 3471 657 3508 Opera
669 3469 748 3501 Tom.
761 3469 834 3501 XII.

1185 232 1333 274 injuriam
1353 229 1511 262 Diaconis
1528 251 1538 265 ,
1566 228 1761 269 presbyteris
1784 254 1793 268 ‚
1815 240 1912 272 atque
1934 230 2065 272 Episco-

1185 282 1253 326 pis,
1280 289 1393 314 contra
1413 289 1546 312 omnem
1571 277 1717 310 Ecclefiae
1738 278 1963 320 disciplinam,
1991 280 2066 312 irro·
2086 286 2232 338 ‘Cap-32,

1183 331 1304 376 gabant
1325 327 1506 364 Donatistae
1529 352 1535 359 .
1567 328 1646 360 Haec
1670 324 1764 359 verba
1788 350 1798 365 ‚
1823 333 1860 360 Ut
1877 342 1975 371 genua
2000 328 2067 372 fige·

1183 390 1247 415 rent
1268 379 1451 420 imperavit,
1476 377 1612 420 exponit
1636 375 1688 409 hic
1703 387 1810 409 canon
1833 382 1933 419 quarti
1948 379 2068 412 Conci-

1185 432 1217 470 lii
1243 428 1510 472 Carthaginensis
1539 453 1546 460 .
1576 429 1760 466 Poenitentes
1785 430 1878 459 etiam
1902 428 2006 464 diebus
2029 440 2070 462 re-

1185 487 1223 512 mi
1243 486 1319 513 tonis
1336 490 1436 521 genua
1443 478 1588 519 stellam.
1616 477 1736 518 Lapsus
1757 477 1838 508 acin
1858 477 1968 511 laicam
1982 488 2073 513 com-

1185 532 1374 563 munionem
1401 529 1540 570 abjestus
1571 527 1705 559 clericus
1736 537 1804 558 non
1831 535 1952 567 poterat
1977 553 1987 567 ,
2026 527 2071 561 ob

1183 580 1392 613 reverentiam
1426 578 1475 619 sui
1493 576 1689 611 Sacramenti
1715 600 1726 616 ,
1763 575 1847 609 inter
1880 577 2073 617 poenitentes

1183 642 1289 674 genua
1310 630 1428 673 figere:
1459 629 1540 661 Eam
1564 638 1672 661 tamen
1689 628 1898 660 Sacramento
1922 626 2071 667 injuriam

1183 681 1279 714 etiam
1301 680 1478 712 intulerunt
1507 676 1707 710 Donatissae.
1739 675 1862 708 Verum
1893 675 1971 718 quid
1992 675 2037 708 est
2063 699 2073 715 ‚

1184 729 1329 762 Omnibus
1361 728 1510 767 capitibus
1541 728 1714 768 imponendo
1737 737 1858 756 manum
1879 750 1890 765 ,
1916 724 2072 766 eversionis

1184 781 1355 813 velamenta
1378 779 1535 817 obtendere
1552 802 1561 817 ,
1591 779 1641 809 seu
1666 776 1817 812 velamina
1830 775 1986 816 mortifera
1994 783 2074 816 prae-

1184 831 1303 863 tendere
1327 831 1338 862 ?
1368 828 1555 871 Respondet
1577 825 1775 866 dod'tiffimus
1800 824 1979 867 Episcopus
2007 824 2074 859 Ga-v

1187 880 1266 913 briel
1289 879 1515 920 Albaspineus.
1528 875 1670 917 Impofitto
1683 887 1824 908 manuum
1831 881 2023 916 paendtemiae
2035 874 2074 913 est

1185 931 1323 971 quaedam
1344 929 1436 962 veluti
1456 927 1641 960 obumbratio
1664 939 1671 958 :
1711 933 1789 960 Cum
1824 932 1902 958 em‘m
1928 923 2072 966 Episcopi

1186 991 1308 1011 manum
1328 983 1359 1009 in
1378 985 1559 1018 paem'temes
1579 983 1787 1018 porrigerent,
1813 987 1857 1008 eos
1871 976 1967 1018 veluti
1978 975 2076 1007 obum-

1187 1029 1318 1061 brabant
1338 1052 1345 1059 .
1374 1030 1566 1070 ‚Quapropter
1591 1031 1722 1067 Optatus
1746 1027 1830 1059 illam
1851 1037 1957 1059 manus
1983 1032 2075 1066 tmpo-

1181 1078 1314 1120 fieionem
1337 1087 1424 1110 vocat
1443 1077 1599 1117 velamen.
1629 1075 1752 1109 Verum
1778 1087 1845 1110 non
1870 1070 2077 1119 placet'solu-

1189 1130 1253 1162 tio.
1284 1127 1406 1162 Veram
1431 1127 1626 1160 solutionem
1650 1127 1791 1167 accipere
1814 1136 1943 1167 oportet
1968 1125 2079 1167 expri-

1191 1191 1244 1212 mo
1265 1178 1410 1211 concilio
1432 1176 1622 1215 Toletano,
1650 1174 1738 1217 quod
1758 1173 1799 1207 sic
1819 1174 1900 1208 dicit
1921 1174 1961 1207 de
1974 1174 2081 1208 Poeni-

1190 1239 1305 1263 tente.
1335 1227 1493 1261 Publicam
1511 1230 1724 1267 paenitentiam
1745 1236 1853 1267 gerens
1872 1223 1928 1265 sub
1954 1225 2045 1259 cilicio
2071 1246 2080 1256 .

1193 1280 1234 1312 Et
1259 1289 1299 1312 ex
1321 1276 1475 1311 Concilio
1494 1274 1697 1320 vAgarhenfi.
1730 1279 1911 1307 Poenitemes
1935 1283 2079 1316 tempore,

1190 1341 1245 1371 quo
1264 1333 1475 1369 paenitentiam
1494 1334 1621 1367 petunt,
1651 1324 1860 1366 impositionem
1880 1336 2027 1358 manuum
2045 1326 2079 1358 (9⁸

1189 1381 1317 1411 cilicium
1334 1376 1424 1419 super
1449 1384 1537 1417 caput
1558 1377 1578 1407 ἃ
1599 1376 1773 1415 Sacerdote,
1794 1373 1862 1414 ficut
1890 1375 1997 1417 ubique
2009 1385 2082 1407 con-2

1183 1428 1318 1469 stitutum
1342 1426 1399 1469 est,
1426 1425 1637 1469 consequantur
1658 1450 1664 1456 .
1698 1427 1774 1458 Hoc
1791 1425 1938 1458 cilicIum
1953 1449 1963 1465 ,
1990 1424 2083 1468 quod.

1192 1479 1261 1512 rasis
1285 1479 1521 1520 Episcoporum
1543 1475 1704 1519 capitibus
1716 1475 1932 1518 imponebant
1945 1473 2083 1518 propha-

1193 1530 1226 1561 ni
1247 1526 1426 1561 Donatistae
1448 1552 1459 1565 .,
1488 1536 1582 1560 vocat
1604 1526 1745 1568 Optatus
1769 1525 1972 1570 mortiferum
1997 1525 2088 1560 vela«

1193 1589 1265 1612 men
1289 1577 1479 1611 eversionis.
1510 1577 1572 1609 Per
1594 1576 1698 1618 ipsum
1720 1576 1808 1608 enim
1826 1575 2088 1617 Episcopatusin

1194 1628 1329 1662 homine
1348 1626 1422 1661 vivo
1441 1625 1652 1661 occidebatur
1671 1637 1708 1658 ac
1722 1623 1850 1668 penituS
1861 1624 2079 1658 evertebatur.

1243 1679 1346 1712 Sacris
1371 1678 1480 1718 itaque
1504 1675 1711 1716 Ordinibus,
1738 1675 1866 1719 magnis
1890 1675 2003 1718 utique
2017 1675 2089 1708 Do-

1193 1728 1274 1761 mini
1294 1740 1331 1761 ac
1356 1728 1419 1760 Dei
1439 1726 1540 1760 nostri
1563 1727 1798 1765 Sacramentis,
1826 1726 2003 1759 facinorofi
2022 1726 2091 1758 Do·

1193 1778 1314 1815 natistae
1337 1775 1578 1821 quadruplicem
1591 1776 1780 1820 irrogabant
1793 1775 1962 1818 injuriam.
1983 1774 2088 1820 Qod

1193 1827 1351 1862 ordinatis
1372 1839 1506 1861 manum
1531 1829 1757 1869 imponerent:
1787 1827 1890 1871 Qod
1913 1835 1968 1857 eos
1984 1824 2090 1857 fleete-

1193 1890 1224 1911 re
1246 1888 1356 1911 coram
1379 1878 1483 1911 stante
1509 1876 1630 1919 populo
1654 1875 1819 1917 juberent:
1848 1874 1950 1921 Qod
1973 1876 2018 1907 eis
2040 1885 2090 1907 ca-

1194 1938 1249 1968 put
1276 1928 1446 1959 raderent:
1473 1926 1575 1971 Qod
1604 1925 1701 1966 capiti
1725 1924 1795 1956 raso
1816 1923 1961 1957 cilicium
1987 1925 2090 1967 impo-

1196 1984 1325 2007 nerent.
1358 1975 1475 2016 Neque
1497 1984 1604 2007 tamen
1632 1971 1776 2009 assentiri
1800 1975 1925 2016 possum
1948 1972 2088 2017 dostiffh

1196 2036 1251 2058 mo
1265 2023 1428 2065 Episcopo
1440 2022 1586 2055 Gabrieli
1602 2022 1802 2066 Albaspiueo
1814 2048 1822 2062 ,
1836 2025 1891 2063 qui
1907 2036 1998 2066 putat
2013 2019 2091 2058 Dia-

1194 2082 1296 2103 conos
1310 2095 1319 2109 ,
1348 2071 1581 2112 Presbyteros,
1609 2082 1649 2108 ac,
1669 2072 1847 2114 Episcopos
1869 2075 1887 2107 ὲ
1906 2075 2089 2109 Donatistis

1194 2120 1285 2155 fuisse
1307 2120 1494 2162 compulsos
1519 2118 1558 2152 ad
1583 2119 1712 2161 plenam
1736 2132 1772 2153 ac
1796 2121 1956 2166 integram
1980 2126 2093 2167 poeni..

1195 2170 1352 2209 tentiam,
1379 2169 1420 2202 ad
1442 2180 1558 2202 omnes
1581 2180 1719 2211 quatuor
1745 2171 2106 2216 poenitennaegsadus„

1193 2220 1275 2253 Sane
1297 2229 1459 2252 tantarum
1484 2219 1673 2261 injuriarum
1687 2221 1843 2263 nusquam
1859 2224 2009 2257 meminit
2024 2225 2093 2258 san-

1193 2271 1260 2302 Ctus
1282 2269 1449 2312 Optatus,-
1480 2270 1544 2302 Eas
1565 2270 1700 2312 utique,
1730 2271 1750 2302 fi
1773 2273 1920 2315 irrogatae
1946 2273 2089 2313 fuissent,

1194 2330 1400 2362 nequaquam
1414 2319 1539 2352 silentio
1554 2319 1779 2352 involuturus.
1800 2322 1985 2368 Qomodo
1999 2326 2090 2359 enirn

1193 2369 1238 2409 is,
1267 2369 1322 2410 qui
1347 2369 1427 2402 adeo
1449 2370 1554 2402 exaste
1573 2380 1690 2402 omnes
1712 2370 1795 2403 tertii
1816 2373 1934 2414 gradus
1957 2374 2091 2414 injurias

1193 2428 1380 2458 enumerat,
1409 2420 1582 2457 emissurus
1613 2420 1719 2452 fuisset
1745 2420 1878 2462 injurias
1901 2422 2018 2466 gradus
2046 2427 2092 2459 se-

1192 2469 1294 2503 cundi
1318 2470 1351 2503 &
1376 2468 1470 2511 primi
1493 2493 1503 2508 ,
1530 2468 1630 2511 longe
1657 2469 1768 2512 utique
1794 2473 1959 2515 graviores
1982 2475 1994 2506 ?
2022 2474 2054 2507 Si
2079 2500 2090 2516 ,

1193 2519 1352 2562 inquam,
1381 2518 1564 2552 Donatistae
1589 2519 1812 2562 Episcopum,
1842 2521 2092 2566 Presbyterum,

1193 2580 1247 2603 aut
1272 2570 1461 2603 Diaconum
1487 2569 1690 2611 projecissent
1705 2571 1736 2602 in
1750 2582 1871 2613 partem
1885 2574 2091 2608 catechume-

1194 2631 1310 2653 norum
1336 2620 1418 2653 inter
1439 2617 1607 2653 audientes
1632 2644 1641 2658 ,
1678 2630 1732 2652 aut
1755 2631 1845 2655 extra
1873 2622 2021 2657 Ecclesia:
2045 2636 2091 2658 te-

1193 2672 1277 2703 stum
1299 2669 1338 2702 ad
1361 2669 1475 2712 populi
1500 2681 1607 2714 genua
1625 2669 1708 2703 inter
1722 2669 1835 2704 flentes
1851 2696 1861 2711 ‚
1888 2672 1974 2707 haud
1992 2674 2091 2708 dubie

1192 2721 1334 2762 Optatus
1354 2731 1390 2752 ea
1417 2720 1636 2753 parmeniano
1659 2719 1853 2756 defricuiffet
1868 2722 1898 2755 in
1913 2723 2038 2758 fontem
2051 2736 2088 2758 ac

1194 2768 1345 2802 barbam.
1377 2769 1416 2802 Et
1442 2769 1505 2803 hoc
1528 2771 1618 2803 sensu
1642 2764 1773 2813 accipio
1798 2769 1864 2804 haec
1886 2774 2008 2815 Optati
2026 2786 2090 2807 ver-

1193 2819 1250 2853 ba.
1282 2824 1306 2852 0
1332 2825 1472 2860 impietas
1496 2822 1658 2853 inaudita!
1692 2832 1779 2862 quem
1795 2823 2010 2865 Jugulaveris‚
2036 2829 2091 2858 in·-

1193 2879 1237 2904 ter
1252 2876 1468 2911 poenitennam
1498 2872 1530 2904 (9·
1556 2880 1705 2903 tormenta
1726 2869 1876 2912 servare.
1907 2872 1986 2906 Hoc
2007 2874 2052 2907 est
2081 2899 2093 2915 ,

1192 2931 1266 2953 eum
1283 2921 1471 2953 Diaconum
1487 2945 1496 2959 ,
1525 2920 1752 2962 Presbyterum
1764 2946 1773 2959 ,
1802 2931 1857 2954 aut
1873 2922 2092 2967 Episcopum,

1174 2980 1287 3010 .quem
1312 2970 1545 3014 degradatione
1566 2981 1603 3003 ac
1627 2971 1659 3002 in
1685 2971 2089 3009 laicam.communionern

1192 3019 1370 3061 abjectione
1384 3020 1542 3054 occideris
1560 3044 1569 3059 ‚
1598 3030 1763 3062 tamquam
1786 3021 1825 3054 de
1838 3023 1970 3064 spociaii
1984 3025 2089 3067 gratia

1192 3070 1331 3112 recipnre
1359 3071 1392 3103 in
1411 3071 1542 3104 tertium
1566 3069 1764 3111 poenitentiae
1777 3072 1935 3113 gradum,
1964 3074 2089 3116 dispen-

1193 3120 1323 3160 sareque
1350 3121 1381 3152 in
1406 3121 1511 3162 primo
1531 3131 1568 3153 ac
1580 3118 1742 3160 secundo,
1770 3131 1865 3163 atque
1877 3134 1947 3155 eam
1961 3123 2088 3166 dispen-

1193 3170 1355 3202 sationem
1381 3170 1468 3210 quasi
1496 3170 1652 3203 donatam
1679 3170 1777 3204 vitam
1793 3171 2087 3213 depraedicare.Eae

1194 3230 1334 3261 namque
1359 3230 1451 3252 erant
1474 3218 1610 3261 strophae
1630 3219 1763 3253 istorum
1787 3220 2021 3256 Nebulonum.
2044 3224 2087 3258 Et

1194 3270 1266 3301 sane
1289 3268 1388 3311 longe
1411 3268 1498 3301 aliud
1511 3269 1554 3302 est
1569 3294 1579 3309 ‚
1603 3270 1788 3313 quempiam
1800 3270 1981 3313 reciperein
1996 3283 2087 3306 com-

1193 3318 1387 3352 munionem
1410 3317 1557 3352 Ecclefiae
1583 3331 1638 3362 per
1666 3320 1769 3353 solam
1803 3331 1958 3355 manuum
1993 3324 2084 3365 supra

1191 3369 1294 3400 rasum
1318 3378 1355 3400 ac
1376 3368 1486 3402 cilicio
1511 3370 1652 3402 velatum
1684 3379 1780 3411 caput
1802 3370 2044 3413 impositionem
2072 3398 2083 3413 ‚

1191 3417 1281 3453 aliud
1316 3428 1370 3462 per
1391 3418 1520 3463 plenam
1544 3418 1771 3462 poenitentiam
1794 3444 1802 3454 .
1838 3421 2022 3466 Distinguit
2044 3433 2081 3457 ea

1606 3468 1637 3503 C
1676 3466 1710 3506 '2
1788 3465 1793 3469 ’
1909 3472 2033 3506 sanctus

2112 664 2186 699 Lib.
2217 673 2248 701 1.

2121 713 2199 749 Lib'.
2214 724 2246 749 2.

2103 1248 2184 1290 Cap.
2212 1258 2255 1282 20¹.

2105 1299 2187 1344 Ca'p-
2202 1296 2254 1335 11»⁴

2137 2837 2210 2874 Lib.
2223 2849 2263 2887 4.
