2384 3770
426 154 527 201 296

396 225 540 267 Ideoque
559 223 634 258 licet
648 223 680 259 in
693 232 847 259 concreto
859 223 940 259 bene
951 224 1114 266 dieamus,
1140 225 1270 257 Audiens

396 274 481 308 videt
495 297 506 313 ,
533 276 642 307 videns
663 273 703 316 ιβ
725 276 849 309 audiens
862 297 873 314 ,
896 275 997 308 album
1022 274 1058 312 ιβ
1081 276 1245 318 intelligens
1258 298 1269 314 ‚

394 324 561 366 intelligens
584 323 622 363 ιβ
640 325 762 365 albem,
787 327 843 359 &a
869 335 937 359 non
961 326 1040 359 reae
1063 335 1169 359 tamen
1190 323 1269 358 dici·

395 383 468 407 mus
488 375 522 406 in
551 373 730 415 abstraao,
758 375 866 408 albedo
878 375 916 414 ιβ
944 376 1134 418 intelligens,
1161 374 1270 408 intelle·

395 422 451 455 θέο
469 422 509 462 est
530 423 621 466 alba,
646 424 716 466 visio
733 424 770 460 ιβ
791 425 915 458 audiens
927 447 938 463 ‚
966 426 1078 457 audino
1087 424 1124 464 ιβ
1135 425 1242 458 videns
1257 448 1269 465 ,

394 473 451 506 &a
475 473 635 519 Adeoque
651 487 723 508 vera
743 474 788 507 est
801 473 909 518 regula
921 495 932 511 ,
956 473 1047 516 quod
1060 475 1165 508 forma
1185 472 1266 508 acci-

393 522 552 563 dentalis,
577 535 648 568 quae
670 524 845 559 concretim
868 525 1006 565 expressa
1025 524 1201 558 affirmatur
1227 523 1268 557 de

393 572 456 606 alia
475 573 614 615 ejusdem
633 575 737 609 secum
750 572 902 615 suppositi
916 597 927 613 ,
951 571 1061 606 diversi
1076 582 1183 608 tamen
1197 573 1268 607 sub·

393 621 463 663 jeai
493 622 688 657 accidentali
709 623 815 656 forma
841 622 1020 656 concretim
1033 624 1194 666 expressa,
1224 624 1267 657 af-

393 672 513 706 firmari
534 683 601 705 non
622 672 717 714 point
737 670 779 705 de
801 672 916 706 eadem
942 671 1123 707 abstractim
1145 674 1266 716 expres-

392 723 423 754 sa
442 747 449 753 .
472 725 518 753 Et
542 726 620 755 ratio
637 721 678 761 ιβ
688 723 790 755 clara:
818 721 908 769 Qia
938 721 1003 755 istae
1027 721 1266 765 pradicationes

391 771 581 813 posteriores
601 771 741 814 subjecto
773 769 931 806 abstracto
951 772 1135 806 constantes
1159 783 1264 815 neque

391 818 512 855 habent
535 829 677 855 extrema
691 821 725 853 in
738 820 930 865 significatis
942 822 1032 856 rectis
1043 820 1240 856 identificata
1256 846 1267 862 ,

389 880 496 913 neque
515 870 733 913 significatum
758 871 893 906 formale
917 872 1076 915 praedicati
1098 871 1261 906 habetur-a

389 919 573 963 significato
595 921 681 953 resto
691 919 844 963 subjesti:
868 921 1020 966 ergoillae
1030 921 1263 965 propositiones

387 979 457 1002 non
479 968 608 1011 possunt
631 971 695 1004 effe
716 981 814 1004 verae.
844 974 934 1005 Paret
943 973 1142 1006 antecedens.-
1171 971 1262 1019 Quia

387 1017 565 1061 subjectum
592 1018 637 1053 est
655 1018 795 1058 albedo;
820 1019 1034 1066 significatum
1045 1021 1182 1056 formale
1195 1033 1263 1065 prae-

386 1067 486 1102 dicati
497 1068 541 1103 est
556 1069 753 1111 intellectio,
781 1070 885 1112 visio,
911 1071 1055 1111 auditio,
1082 1072 1146 1106 ὅτε.
1156 1071 1261 1115 Atqui

386 1116 504 1153 albedo
526 1120 560 1153 iu
584 1120 615 1153 se
635 1117 813 1155 nonhabet
827 1120 901 1155 istas
915 1121 1055 1165 formas;
1081 1131 1117 1156 ut
1139 1121 1260 1155 clarum

385 1167 451 1202 est:
478 1179 579 1214 ergo,
606 1169 666 1204 &o
683 1170 724 1203 Et
745 1169 833 1204 idem
853 1170 899 1205 est
926 1171 967 1206 de
990 1170 1146 1206 omnibus
1164 1170 1261 1214 aliis,

385 1227 421 1252 ut
446 1218 579 1261 planum
598 1220 644 1254 est
667 1218 849 1255 attendenti

439 1278 490 1304 10.
517 1270 631 1313 Regula
659 1276 786 1312 quinta:
817 1271 935 1304 Forma
957 1269 1170 1305 accidentalis
1193 1281 1261 1314 quae

384 1319 565 1353 concretim
599 1320 741 1363 expressa
778 1320 954 1355 affirmatur
975 1319 1015 1355 de
1036 1320 1098 1355 alia
1120 1319 1260 1363 ejusdem

382 1369 490 1402 secum
511 1370 665 1412 suppositi
690 1394 700 1411 ,
738 1380 775 1403 ac
796 1371 893 1404 etiam
917 1370 1044 1413 subjeffl
1069 1369 1260 1405 accidentali

382 1417 486 1452 forma
509 1420 689 1452 concretim
709 1421 872 1463 expressa,
898 1420 996 1454 etiam
1008 1420 1169 1455 ordinarie
1181 1421 1259 1454 affir-

382 1468 463 1501 mari
486 1468 587 1511 potest
609 1469 649 1503 de
667 1468 781 1503 eadem
799 1471 941 1513 expressa
953 1471 1132 1505 abstrastim
1146 1495 1153 1503 .
1180 1471 1259 1504 Hoc

381 1518 425 1550 est
439 1542 449 1556 ‚
475 1519 564 1561 quod
577 1519 668 1563 supra
680 1517 816 1562 disp.18.
828 1519 932 1557 dub.2.
950 1519 1050 1563 12:192.
1070 1521 1174 1555 remisi
1188 1531 1259 1564 pro-

383 1567 528 1602 bandum
545 1567 623 1602 huic
635 1569 730 1602 loco.
757 1569 801 1602 V.
813 1580 846 1612 g.
869 1570 1009 1609 albedo,
1033 1570 1174 1603 dulcedo
1189 1593 1200 1610 ,
1225 1571 1259 1603 ὅ(

383 1619 547 1659 quantitas
559 1616 668 1656 lastis,
696 1616 772 1651 sunt
790 1618 896 1659 plures
906 1618 1047 1660 ejusdem
1058 1619 1208 1662 suppositi
1221 1630 1259 1653 ac

382 1665 514 1708 subjecti
526 1664 741 1698 accidentales
752 1666 884 1708 formae;
913 1667 1058 1710 adeoque
1069 1668 1156 1706 dico,
1168 1668 1258 1710 quod

384 1727 448 1748 una
466 1714 643 1748 concretim
666 1714 807 1757 expressa
819 1715 913 1758 poffit
924 1716 1073 1750 affirmari
1085 1716 1125 1749 de
1136 1716 1198 1750 alia
1208 1726 1258 1748 ex·

382 1765 482 1808 pressa
496 1764 543 1798 vel
555 1764 735 1798 concretim
748 1788 758 1804 ,
788 1765 837 1799 vel
850 1764 1051 1802 abstrastimz
1071 1766 1104 1799 δι
1118 1777 1172 1807 per
1182 1776 1260 1801 con-

386 1818 521 1857 sequens
535 1814 622 1856 quod
636 1824 702 1846 tam
717 1812 799 1848 bene
811 1838 821 1853 ,
847 1815 881 1847 ὅ(
893 1814 965 1849 νει-ὲ
981 1815 1127 1849 dicamus
1140 1839 1151 1855 ‚
1178 1814 1258 1847 Albe-

384 1866 422 1898 do
447 1864 484 1904 ιβ
508 1865 599 1896 dulcis
613 1886 624 1902 ,
648 1863 770 1896 dulcedo
793 1863 832 1903 ιβ
845 1864 936 1905 alba,
960 1864 1064 1898 albedo
1074 1864 1112 1904 ιβ
1121 1872 1237 1905 quanta
1251 1887 1262 1903 ,

384 1919 540 1958 quantitas
553 1913 590 1953 est
605 1912 676 1945 alba
689 1935 699 1951 ,
726 1914 782 1946 (etc.
798 1913 896 1955 quam
907 1914 1055 1947 dicamus
1064 1936 1076 1952 ‚
1105 1914 1211 1945 Album
1222 1912 1260 1952 est

386 1966 491 2003 dulce,
517 1964 599 1996 dulce
619 1960 655 2001 ιβ
677 1961 792 2000 album,
820 1964 877 1996 δι’.
898 1963 999 1996 Hanc
1018 1962 1163 2006 regulam
1186 1961 1260 1995 affi-

386 2014 510 2059 gnavi,
537 2014 570 2047 ὅ(
594 2011 723 2046 defendi
738 2013 879 2055 semper;
906 2013 1028 2055 semper
1039 2023 1148 2046 tamen
1161 2013 1258 2046 etiarn

388 2065 430 2099 de
452 2064 506 2097 illa
529 2063 670 2096 multum
692 2062 864 2095 dubitavi.
895 2062 956 2095 Sed
979 2072 1079 2095 omne
1101 2061 1236 2095 dubium
1250 2084 1261 2101 ‚

389 2124 590 2155 omnemque
613 2112 795 2153 scrupulum
818 2111 951 2143 excussit
973 2111 1189 2143 mihisancius
1201 2110 1260 2141 Pa-

391 2175 440 2197 ter
462 2173 551 2196 meus
575 2160 778 2202 Augustinus
794 2158 946 2198 Epist.29.
966 2159 1057 2190 Certe
1067 2156 1259 2200 bincpersua-

394 2214 464 2245 dem
478 2235 488 2250 ,
514 2215 672 2252 quianam
696 2212 837 2241 virtutem
863 2206 1021 2246 babuerit,
1049 2205 1260 2239 babereamnes

395 2264 535 2296 &omnes
555 2259 642 2299 deesse
651 2261 696 2289 cui
707 2267 766 2287 una
776 2254 924 2295 desuerit:
950 2255 1028 2295 quod
1033 2256 1200 2295 prudentia
1212 2265 1264 2287 nec

396 2317 511 2354 agnava
523 2331 533 2346 ,
559 2316 610 2339 nec
635 2303 763 2345 injusta,
788 2314 840 2336 nec
859 2310 1064 2346 intemperans
1083 2302 1142 2345 esse
1152 2303 1262 2343 potest.

397 2364 484 2393 Nam
501 2355 528 2397 fi
545 2356 661 2398 aliquid
679 2353 779 2387 horum
798 2353 915 2395 fuerit,
936 2354 1098 2395 prudenna
1120 2360 1263 2386 nonem.

399 2411 492 2442 Porri
499 2405 527 2449 fi
542 2407 706 2448 prudentia
727 2413 795 2436 runc
805 2410 862 2436 erit
872 2427 882 2442 ,
903 2402 932 2444 fi
940 2405 973 2437 Θ
979 2403 1074 2445 fortis
1086 2428 1097 2444 ,
1124 2403 1242 2443 &justa
1254 2426 1264 2443 ,

400 2461 435 2492 (5·
453 2463 620 2497 temperans
635 2453 673 2495 fir
685 2478 695 2493 ‚
719 2452 846 2495 profeffli
865 2453 914 2485 ubi
927 2453 1041 2494 fuerit,
1064 2450 1160 2494 secum
1177 2451 1266 2486 babet

400 2516 521 2542 eaeteras
531 2530 538 2537 .
570 2507 590 2537 5
591 2510 615 2536 ic
626 2506 658 2537 (5
670 2502 819 2545 fortitudo
829 2504 998 2543 imprudens
1010 2501 1076 2544 esse
1089 2513 1146 2534 non
1156 2502 1246 2542 potest
1257 2526 1268 2542 ‚

401 2560 455 2591 vel
463 2562 663 2595 intemperans
675 2578 685 2593 ,
707 2554 759 2586 vel
772 2550 896 2592 injusta:
921 2549 957 2592 fic
968 2558 1166 2593 temperantia
1177 2551 1268 2595 neces-

398 2607 432 2651 se
452 2605 515 2646 ιβ,
540 2613 574 2638 ut
593 2604 746 2645 prudens,
765 2601 882 2644 fortis,
909 2600 1085 2642 &iuflafitt
1105 2600 1145 2642 fic
1149 2601 1269 2641 justitia

401 2667 458 2690 non
486 2654 523 2695 est
546 2678 556 2694 ,
582 2650 683 2694 niss‘fit
699 2654 832 2695 prudens
855 2676 867 2693 ,
885 2650 1002 2695 fhrtis,
1026 2652 1059 2685 δ’
1079 2659 1268 2694 temperans.

400 2707 482 2740 Haec
500 2703 722 2748 Augustinus.

454 2765 507 2791 11.
531 2753 617 2787 Ecce
628 2751 802 2787 secundum
823 2751 973 2785 Sanstum
986 2749 1207 2796 Augustinum
1219 2750 1270 2786 be-

402 2815 444 2840 ne
456 2803 604 2842 dicimus,
607 2806 638 2847 J
641 2802 738 2841 ustitia
748 2800 786 2841 est
791 2803 1153 2843 prudens‚temperans,&
1156 2801 1270 2844 fort1s5

398 2855 547 2899 fortitudo
558 2851 594 2893 est
599 2851 687 2895 justa
699 2875 709 2891 ,
724 2859 903 2893 temperans,
914 2853 947 2885 &
952 2854 1093 2894 prudens:
1104 2852 1270 2893 prudentia

404 2905 447 2949 est
458 2903 558 2947 jussa,
579 2910 769 2943 temperans,
795 2901 948 2943 &fos-tls,
971 2902 1027 2936 (ac.
1041 2900 1132 2947 Quid
1146 2900 1180 2934 ni
1192 2910 1270 2945 ergo

404 2955 512 2989 dicere
523 2953 675 2997 possimus
686 2975 698 2992 ,
725 2950 832 2984 albedo
845 2951 882 2991 est
893 2952 985 2983 dulcis
1000 2973 1013 2990 ,
1038 2951 1158 2984 dulcedo
1167 2948 1210 2992 est
1220 2952 1270 2983 al-

405 3003 444 3038 ba
464 3027 476 3045 ,
500 3002 685 3046 eliquentur,
707 3003 765 3035 &a
789 3001 876 3035 Nam
887 2999 1026 3040 albedo,
1050 2999 1211 3039 dulcedo,
1235 3000 1269 3034 ὅ(

406 3054 569 3099 quantitas
580 3053 652 3085 sunt
665 3052 774 3086 formae
784 3050 924 3093 eiusdem
936 3049 1086 3092 suppositi
1100 3071 1111 3088 ,
1120 3048 1271 3092 ejusdem·

405 3115 469 3148 que
481 3102 607 3145 subjecti
620 3126 630 3142 ‚
656 3112 723 3134 non
736 3099 844 3134 minus
855 3111 949 3143 quam
963 3100 1021 3132 fint
1034 3098 1179 3142 Iustitia,
1206 3100 1271 3133 for·

404 3152 538 3192 titudo,
564 3150 797 3193 temperantia,
823 3149 990 3192 prudentia
1011 3173 1018 3180 .
1047 3151 1092 3181 Et
1112 3154 1188 3182 ratio
1209 3149 1270 3190 ιβ.-

405 3203 496 3252 Qia
508 3200 547 3236 ad
570 3202 736 3235 veritatem
748 3199 976 3243 propositionis
986 3198 1182 3233 affirmativae
1193 3210 1271 3234 con-

408 3252 520 3286 stantis
542 3250 712 3294 praedicato
733 3258 886 3284 concreto
915 3247 1125 3284 solummodo
1144 3248 1271 3293 requiri·

408 3310 480 3340 tur,
506 3311 542 3335 ut
564 3309 705 3336 extrema
727 3298 966 3334 identificentur
987 3299 1022 3332 in
1033 3298 1219 3342 significatis
1229 3309 1270 3333 re-

411 3351 468 3383 stis
478 3374 488 3390 ,
514 3361 551 3385 ac
570 3361 606 3384 ut
617 3348 830 3394 significatum
842 3348 976 3383 formale
987 3349 1147 3392 praedicati
1158 3348 1273 3384 habea·

411 3406 463 3432 tur
472 3398 491 3429 a
501 3399 677 3442 significato
690 3400 775 3433 seito
786 3397 913 3442 subjeai
926 3409 934 3430 :
962 3398 1052 3442 atqui
1067 3398 1101 3432 in
1116 3398 1183 3433 istis
1203 3408 1273 3442 pro·

413 3446 624 3492 positionibus
645 3458 844 3486 concurrunt
864 3448 923 3484 issa
936 3447 1020 3484 duo:
1047 3459 1124 3493 ergo
1139 3459 1274 3485 concur·

840 141 996 189 Distu
1034 141 1198 189 XXIV.
1233 138 1304 188 Er
1340 143 1473 191 Utr.
1511 142 1649 189 Dun.
1686 144 1720 190 1.

1325 233 1401 259 runt
1426 225 1540 260 omnia
1558 225 1704 270 requifita
1714 223 1754 260 ad
1765 231 1874 260 earum
1886 228 2071 273 veritatem
2099 228 2192 264 adeo·

1325 286 1388 322 que
1408 276 1481 309 sunt
1509 287 1600 310 verae.
1629 275 1778 311 Probatur
1798 282 1893 310 minor
1915 290 1923 308 :
1949 279 2037 327 Qia
2062 281 2095 313 in
2124 279 2192 314 istis

1326 325 1603 367 predicationibus
1626 326 1804 370 subJestum
1825 326 1869 360 est
1897 325 2055 369 dulcedo.
2082 328 2191 373 przdi·

1325 383 1435 408 catum
1453 375 1499 409 est
1521 375 1593 409 alba
1613 388 1620 408 :
1648 376 1863 420 fignificatum
1884 376 2005 411 rectum
2027 380 2190 420 praedicati

1325 423 1370 456 est
1394 424 1501 458 omnis
1522 437 1570 459 res
1591 424 1711 461 habens
1723 425 1924 460 albedinem:
1949 427 2190 471 atquiduleedo

1326 472 1370 507 est
1384 472 1514 508 habens
1523 474 1725 510 albedinem:
1751 486 1829 521 ergo
1841 476 1900 510 ista
1913 486 2056 510 extrema
2068 476 2189 513 habent

1327 523 1414 557 idem
1440 524 1655 568 significatum
1677 527 1798 561 sedtum
1811 550 1822 566 ,
1848 536 1885 560 ac
1904 525 2118 570 significatum
2130 527 2191 561 for-

1327 574 1410 607 male
1423 573 1574 616 predicati
1587 573 1746 611 habetur-a
1756 576 1935 621 significato
1946 577 2030 610 reGo
2042 575 2171 620 subiesti
2181 600 2189 608 .

1325 622 1458 663 Habet,
1485 625 1637 665 inquam,
1663 625 1802 659 dulcedo
1822 626 2006 660 albedinem
2031 637 2099 660 non
2120 626 2191 670 qui-

1325 671 1399 707 dem
1414 684 1450 707 ut
1461 672 1635 716 subjeetum
1648 674 1735 710 suam
1746 676 1826 708 solet
1838 675 1951 710 habere
1965 677 2099 710 formam
2109 688 2120 709 .-
2139 675 2191 709 sed

1325 733 1360 755 ut
1383 724 1487 758 forma
1506 725 1730 766 conformam3
1758 724 1806 758 uti
1818 725 1984 767 prudentia
1996 724 2091 759 habet
2105 724 2192 768 justi-

1325 772 1404 806 tiam
1415 796 1425 812 ,
1452 772 1611 816 &justitia
1624 774 1827 817 prudentiam
1839 798 1847 807 .
1876 773 1978 817 Atqui
1991 776 2118 808 ratione
2132 773 2193 808 hu-

1323 822 1372 866 jus
1396 820 1558 857 habentiae
1576 823 1657 858 dicit
1670 826 1800 858 Sandus
1813 824 2034 868 Augustinus,
2053 823 2192 870 ‚Iustitia

1323 870 1366 915 est
1386 874 1544 915 prudens,
1570 875 1605 908 6·
1621 875 1782 916 prudentia
1803 873 1847 918 est
1864 872 1968 916 Jus'ta:
1994 885 2073 918 ergo
2094 873 2192 908 etiam

1324 922 1449 958 ratione
1460 922 1549 957 istius
1561 922 1721 958 habentiae
1730 923 1795 958 dici
1808 924 1911 967 potest
1923 948 1933 965 ,
1956 924 2063 957 Albedo
2074 922 2115 966 est
2128 920 2194 956 dul-

1321 977 1364 1006 cls
1379 996 1391 1013 ,
1417 974 1451 1007 (e
1473 973 1595 1006 dulcedo
1618 973 1663 1017 est
1680 974 1767 1007 alba.
1794 974 1877 1008 Sunt
1898 973 1988 1008 enim
2005 971 2062 1007 sibi
2075 972 2190 1007 mutuo

1323 1022 1418 1066 plane
1441 1022 1578 1062 similes,
1603 1033 1640 1056 ac
1661 1023 1868 1066 pariformes.

1374 1083 1425 1108 12.
1452 1074 1604 1106 Praererea
1619 1085 1631 1106 .-
1657 1071 1720 1106 Hae
1743 1072 1995 1116 propositiones,
2021 1075 2191 1117 ,Quantitas

1320 1120 1362 1163 est
1373 1122 1444 1155 alba
1453 1146 1463 1163 ‚
1475 1122 1579 1156 albedo
1590 1120 1631 1165 cst
1641 1129 1756 1164 quanta
1763 1147 1775 1164 ,
1797 1122 1958 1157 ordinarie
1970 1123 2004 1157 in
2017 1123 2109 1157 omni
2122 1122 2191 1156 Lo·

1321 1172 1398 1216 gieo
1419 1171 1574 1206 tribunali
1594 1171 1827 1215 justificantur,
1853 1183 1890 1206 ac
1909 1183 1967 1217 pro
1979 1172 2062 1207 veris
2072 1171 2193 1206 haben-

1321 1232 1390 1255 tur:
1419 1232 1499 1266 ergo
1511 1220 1575 1260 hae,
1602 1223 1712 1256 Albedo
1722 1221 1765 1265 est
1778 1224 1872 1256 dulcis
1883 1243 1895 1264 ,
1914 1223 2031 1256 dulcedo
2040 1220 2084 1266 ess
2094 1221 2165 1255 alba
2178 1244 2190 1262 ,

1321 1282 1387 1305 non
1400 1272 1531 1315 possunt
1541 1271 1750 1307 condemnari
1762 1296 1774 1312 ‚
1798 1273 1832 1308 ἀ
1844 1283 1901 1316 pro
1913 1272 1994 1306 falsis
2006 1270 2167 1315 repudiari
2180 1294 2188 1302 .

1322 1323 1413 1354 Patet
1434 1319 1547 1364 conseq.
1570 1322 1659 1368 Qia
1682 1321 1777 1365 plane
1786 1322 1900 1357 eodem
1912 1320 2012 1356 modo
2027 1323 2059 1355 se
2071 1320 2191 1355 habent

1320 1371 1436 1405 albedo
1445 1373 1478 1405 ὃ(
1491 1373 1655 1412 quantitas
1665 1395 1676 1411 ,
1696 1382 1763 1416 quo
1774 1373 1806 1406 se
1819 1371 1939 1406 habent
1950 1371 2108 1406 albedo&
2121 1369 2191 1404 dul-

1320 1421 1420 1455 cedo:
1448 1419 1569 1455 habent
1590 1420 1676 1455 enim
1700 1423 1731 1455 se
1754 1431 1920 1465 tamquam
1943 1422 2050 1455 forma
2059 1420 2098 1455 ad
2112 1419 2190 1463 ejus·

1320 1470 1394 1505 dem
1417 1471 1568 1513 suppositi
1594 1472 1628 1505 δι
1653 1470 1784 1514 subjecti
1804 1470 2006 1506 conformam
2027 1494 2035 1503 .
2071 1470 2192 1512 Neque

1320 1521 1409 1554 enim
1435 1520 1598 1562 quantitas
1610 1521 1834 1554 immediatum
1846 1521 2004 1555 albedinis
2017 1518 2193 1562 subjeetum

1320 1570 1387 1611 οὓς
1413 1580 1483 1603 non
1496 1570 1601 1613 magis
1611 1568 1707 1613 quam
1717 1569 1836 1604 albedo
1850 1570 1887 1604 fir
1897 1569 2071 1611 subjeetum
2089 1579 2192 1613 quan-

1322 1620 1424 1653 titatis
1438 1631 1446 1650 ι
1471 1617 1512 1650 de
1523 1628 1589 1660 quo
1599 1630 1673 1651 cum
1688 1622 1812 1653 Occam
1824 1644 1835 1660 ,
1847 1620 2012 1664 Gregorio
2022 1643 2034 1660 ,
2057 1618 2194 1662 aliisque

1324 1666 1558 1701 Nominalibus
1568 1667 1737 1708 loquemur
1753 1669 1785 1701 in
1799 1667 1926 1711 physica
1937 1693 1945 1701 .
1963 1667 2054 1713 Ergo
2067 1679 2134 1702 non
2147 1667 2195 1701 est

1324 1716 1426 1760 major
1449 1717 1533 1750 ratio
1554 1717 1640 1751 inter
1658 1717 1731 1750 isias
1751 1718 1986 1761 propositiones
2004 1716 2195 1752 falsificandi

1324 1777 1446 1806 unam,
1473 1765 1568 1809 quam
1579 1765 1693 1800 aliam.
1720 1766 1838 1810 Neque
1863 1768 1927 1801 dici
1956 1767 2082 1811 potest,
2104 1766 2194 1812 quod

1323 1815 1363 1850 ad
1373 1815 1675 1852 denominationem
1700 1818 1874 1859 requiratur
1884 1814 2013 1851 inhaefio
2026 1827 2082 1851 aut
2094 1818 2195 1851 infos-

1323 1867 1427 1899 matio
1441 1877 1453 1898 .·
1480 1866 1566 1899 Cum
1595 1866 1704 1900 multae
1725 1866 1807 1900 fiant
1826 1866 2109 1901 denominationes
2128 1866 2195 1899 sine

1325 1916 1557 1949 informatione
1577 1926 1632 1950 aut
1653 1913 1842 1949 inhaefione.
1871 1916 1972 1962 Qud
1983 1916 2065 1949 adeo
2076 1924 2195 1950 notum

1322 1963 1366 1997 est
1381 1988 1392 2004 ‚
1419 1973 1455 1998 ut
1478 1963 1582 1999 nolim
1608 1963 1660 1997 isti
1678 1964 1723 2000 rei
1745 1964 1796 1998 vel
1817 1975 1920 1999 unum
1933 1964 2118 2010 impendere
2128 1975 2196 1999 ver·

1325 2014 1420 2048 bum.

1376 2074 1431 2111 13.
1459 2062 1542 2098 Dixi
1554 2062 1588 2097 in
1599 2064 1707 2109 regula
1718 2089 1728 2106 ,
1742 2064 1922 2099 ordinarte':
1934 2064 2024 2110 Quia
2037 2075 2104 2099 non
2116 2065 2195 2099 sem·

1325 2123 1378 2153 per
1389 2115 1421 2145 &
1434 2112 1555 2155 ubique
1566 2124 1676 2147 verum
1686 2115 1729 2146 est
1742 2137 1753 2152 ‚
1766 2114 1854 2155 quod
1865 2115 1972 2147 omnis
1984 2115 2089 2148 forma
2098 2139 2110 2156 ,
2124 2125 2195 2158 quae

1325 2160 1506 2194 concretim
1528 2162 1671 2201 expressa
1702 2162 1877 2195 affirmatur
1897 2162 1939 2194 de
1963 2163 2027 2195 alia
2050 2163 2195 2206 ejusdem

1326 2209 1478 2251 suppositi
1501 2209 1535 2242 ὅ(
1557 2209 1683 2250 subjecti
1710 2211 1814 2243 forma
1835 2215 2015 2244 concretim
2026 2212 2192 2255 expressa,

1326 2258 1476 2290 affirmari
1499 2256 1593 2299 poffit
1614 2258 1654 2291 de
1675 2257 1787 2291 eadem
1819 2260 1960 2300 expressa
1981 2259 2163 2295 abstractim
2183 2284 2192 2293 .

1328 2305 1417 2339 Nam
1428 2304 1509 2340 recle
1519 2303 1681 2344 dicimus,
1705 2307 1812 2340 rolens
1821 2305 1865 2349 est
1876 2308 2041 2351 intelligens
2053 2333 2065 2349 ,
2088 2310 2197 2343 meus·

1323 2366 1398 2399 gens
1420 2353 1463 2398 est
1487 2356 1610 2395 volens,
1638 2357 1742 2390 volens
1764 2354 1807 2399 ess
1817 2357 1990 2391 habitamus
2003 2383 2015 2398 ‚
2037 2360 2094 2393 &a
2110 2360 2194 2394 Non

1329 2416 1436 2439 tamen
1448 2404 1529 2439 reae
1542 2405 1687 2440 videmur
1698 2406 1880 2440 effedisturi
1892 2432 1904 2447 ,
1929 2409 2088 2443 Intellefflo
2101 2411 2190 2451 vals,

1330 2457 1433 2489 volmo
1444 2456 1604 2498 intelligit,
1630 2457 1732 2489 voluso
1743 2455 1786 2498 ess
1796 2455 1976 2497 habituum,
2000 2459 2048 2492 &c
2069 2459 2194 2494 Viden-

1328 2514 1380 2538 tur
1400 2506 1490 2539 enim
1511 2504 1589 2539 tales
1600 2506 1831 2549 propositiones
1841 2506 1925 2540 male
1935 2508 2068 2548 sonare,
2093 2508 2193 2542 &ne-

1329 2555 1394 2588 scio
1419 2554 1498 2599 quid
1524 2555 1670 2588 falsitatis
1691 2554 1821 2588 habere:
1849 2556 2121 2600 affignaretamen
2134 2555 2192 2591 hu-

1327 2604 1376 2647 jus
1396 2602 1541 2638 falsitatis
1558 2602 1717 2645 praecisam
1736 2604 1917 2645 rationem,
1942 2605 2038 2640 valde
2059 2606 2192 2642 difficile
2209 2643 2212 2646 Δ

1329 2654 1427 2688 foret.
1454 2654 1593 2696 Oportet
1616 2663 1697 2696 ergo
1722 2653 1757 2686 in
1782 2654 2018 2697 cognoscendis
2038 2655 2192 2690 fimilibus

1331 2701 1620 2747 propositionibus,
1644 2701 1678 2735 δι
1699 2701 1921 2738 discernendis
1931 2703 2134 2740 verisafalsis
2144 2706 2194 2740 di·

1330 2754 1465 2787 scretum
1484 2751 1651 2786 consulere
1661 2750 1836 2795 Iudicium.
1869 2752 1958 2787 Nam
1971 2754 2050 2788 sicut
2063 2755 2097 2789 in
2109 2755 2193 2790 mul-

1329 2803 1370 2838 tis
1385 2801 1590 2837 locutionum
1602 2801 1751 2836 formulis
1759 2801 1853 2837 debet
1863 2801 2102 2839 Grammaticus
2115 2805 2193 2839 vita-

1331 2864 1362 2887 re
1374 2850 1610 2895 cacophoniam
1621 2875 1633 2891 ,
1658 2851 1693 2886 δε
1716 2851 1882 2886 consulere
1893 2864 1983 2888 aures
1993 2855 2117 2898 carnis3
2144 2855 2192 2890 ita

1330 2901 1426 2937 debet
1438 2902 1580 2947 Logicus
1591 2901 1626 2935 in
1644 2900 1829 2946 indaganda
1839 2904 2097 2949 propositionum
2111 2905 2192 2941 veri-

1330 2950 1479 2997 tatesaepe
1488 2951 1653 2987 consulere
1661 2962 1751 2986 aures
1761 2951 1877 2987 mentis
1886 2976 1894 2986 .

1539 3049 1869 3086 DUBIUM
1928 3050 1968 3084 11.

1436 3155 1483 3186 De
1497 3150 1711 3194 predicatione
1733 3160 1833 3185 vocum
1850 3149 2081 3191 abstraaarum.

1336 3259 1388 3297 14.
1415 3249 1518 3336 H
1533 3248 1581 3284 As
1600 3262 1678 3294 cape
1699 3247 1859 3294 Regulas.
1887 3251 2009 3284 Prima:
2037 3250 2117 3285 Vox
2127 3252 2188 3287 ab-

1546 3300 1654 3336 stradia
1678 3299 1812 3334 formam
1837 3299 1979 3344 aliquam
2003 3300 2189 3338 accidenta-

1333 3349 1398 3385 lem
1426 3351 1608 3397 significans
1644 3359 1708 3384 non
1744 3349 1846 3391 potest
1875 3350 2035 3394 predicari
2060 3353 2101 3385 de
2124 3352 2190 3386 alia.

1335 3411 1415 3435 voce
1446 3400 1636 3436 accidentali
1669 3399 1871 3444 significante
1895 3399 2067 3442 subjectum
2087 3424 2098 3440 ‚
2132 3411 2192 3436 aut

1334 3451 1433 3487 aliam
1454 3452 1593 3487 formam
1611 3448 1842 3485 accidentalem
1859 3448 1894 3483 in
1914 3449 2030 3485 eodem
2052 3449 2191 3493 subjecto

2064 3510 2143 3536 cum
