2384 3770
638 109 795 172 Qun
830 106 925 158 Sir
954 103 1085 156 ‚Vox
1124 119 1184 148 tn
1222 105 1544 152 Connunn

261 203 313 234 per
327 191 507 235 potentiam
528 191 615 223 suam
631 189 876 224 loco-motivam
892 185 1052 221 naturalia
1078 196 1133 219 vo-

259 244 305 276 cis
327 241 538 275 instrumenta
565 252 606 274 ex
629 240 808 274 directione
823 237 1031 281 cognitionis
1054 259 1065 274 ‚
1093 246 1131 268 ac

259 293 397 333 imperio
417 291 628 334 appetitionis
646 299 853 328 moventem3
883 287 935 320 sed
959 298 1014 328 per
1038 296 1127 319 natu>

258 341 335 374 ralia
361 342 413 374 sua
429 341 636 374 instrumenta
659 339 676 372 ai
698 337 854 376 diabolo,
879 346 1044 378 tamquam
1065 334 1127 368 ina·

257 391 346 424 nime
370 389 534 434 quoddam
562 390 814 424 instrumentum
854 385 932 429 pure
956 383 1072 429 paffive
1099 385 1130 418 se

256 440 379 474 habens
403 442 468 474 sine
494 439 557 474 ulla
579 437 774 483 cognitione
785 447 822 469 ac
845 436 1048 479 appetitione
1062 446 1126 468 mo-

257 502 308 525 ta.
336 492 439 535 Atqui
456 489 626 524 tamenisti
649 489 718 520 soni
738 487 809 520 sunt
832 496 947 519 voces:
971 497 1051 530 ergo
1066 495 1125 517 vox

259 552 326 575 non
347 541 444 576 debet
468 539 528 573 effe
550 539 647 571 sonus
660 537 875 581 animalisore
898 536 1042 579 prolatus
1052 545 1126 570 cum

257 583 778 635 cognitione.'Probaturmmori
795 597 871 630 quia
893 585 944 619 isti
967 587 1037 620 soni
1052 585 1125 618 sunt

259 654 378 682 voces,
403 651 457 683 per
478 649 561 679 quos
581 640 654 681 quis
675 637 796 671 dicitur
819 636 957 670 clamare
980 637 1013 674 <Sc
1035 636 1125 669 voci-

258 692 375 726 ferari:
403 689 492 731 atqui
506 687 616 723 obseffi
642 699 695 731 per
716 687 872 722 clamores
885 698 922 720 ac
944 688 1040 720 sonos
1063 684 1126 722 ‚ase

260 740 362 775 modo
383 739 490 773 editos
520 739 674 771 dicuntur
708 738 846 773 clamare
869 735 901 769 &
932 734 1125 770 vociferari.-

258 802 335 836 ergo
351 789 401 823 isti
414 789 485 822 soni
509 789 582 821 sunt
601 799 704 821 voces.
720 785 805 830 Resp.
820 787 954 830 negando
974 795 1125 824 minorem,

257 840 515 882 adprobationem
535 839 619 872 dico:
648 836 800 872 homines
821 835 965 871 obleffos
983 847 1035 878 per
1049 833 1125 868 tales

259 893 356 925 sonos
378 889 445 922 dici
469 889 607 921 clamare
639 887 672 920 ἀ
695 885 865 919 vociferari
890 885 1068 928 improprie
1092 883 1125 916 δι

259 938 438 976 ιΙῐειιιιίνὲ,
458 963 465 970 .
503 937 667 972 similium
691 935 782 971 enim
808 935 963 967 sonorum
985 932 1126 977 prolatio

258 991 393 1039 dicitur4
402 987 563 1026 clamor&
587 985 775 1022 vociferatio
787 996 826 1018 eo
841 985 961 1024 modo,
983 994 1052 1025 quo
1069 981 1126 1016 ho·

259 1051 315 1082 mo
340 1040 438 1083 pistus
457 1047 512 1074 aut
532 1047 678 1073 mortuus
700 1035 819 1073 dicitur
843 1033 946 1068 homo
967 1046 979 1067 .·
1003 1033 1126 1066 scilicet

260 1103 328 1124 non
353 1089 525 1122 secundum
559 1087 603 1120 rei
637 1087 803 1120 veritatem
825 1095 839 1127 ;
864 1084 914 1117 sed
950 1081 1127 1116 secundum

258 1150 424 1175 externam
446 1137 686 1180 apparentiam.
714 1136 806 1170 Licet
829 1144 966 1176 namque
976 1132 1128 1175 homines

258 1202 316 1234 per
338 1189 417 1222 tales
438 1189 535 1222 sonos
561 1187 632 1226 vere
654 1183 956 1220 nonsvociferentur
978 1197 993 1226 ‚-
1018 1192 1126 1216 tamen

260 1242 293 1273 in
319 1249 452 1272 externa
474 1237 555 1273 facie
575 1237 802 1279 &apparentia
820 1234 990 1273 vociferari
1013 1232 1126 1266 viden-

259 1298 330 1322 tur.
344 1284 542 1330 ''Vociferari
566 1296 705 1329 namque
718 1285 761 1318 est
783 1286 878 1330 edere
899 1282 1130 1317 sonosanima·

261 1338 328 1377 les,
349 1335 449 1376 idest:
475 1336 517 1369 est
542 1334 634 1368 edere
656 1337 753 1369 sonos
775 1346 816 1368 eo
839 1333 942 1369 modo
961 1357 971 1373 ,
999 1342 1065 1376 quo
1086 1332 1132 1365 so·

261 1388 329 1423 lent
351 1387 426 1419 illos
446 1386 539 1420 edere
550 1384 708 1418 animalia
733 1396 788 1428 per
811 1384 1022 1417 instrumenta
1045 1383 1131 1415 ana-

250 1447 332 1474 .tura
348 1435 387 1470 ad
399 1437 433 1470 id
445 1436 623 1477 destinata,
644 1436 675 1470 &
688 1436 855 1471 ordinata:
879 1432 969 1475 atqui
981 1430 1132 1465 homines

260 1487 376 1522 obseffi
401 1487 476 1520 istos
491 1485 634 1528 praefatos
646 1488 742 1518 {onos
765 1494 831 1516 non
844 1484 946 1516 edunt
968 1481 1058 1524 juxta
1079 1492 1130 1514 na—

259 1548 366 1572 turam
389 1536 422 1570 &
441 1546 564 1570 morem
579 1530 798 1575 a'nimalium2·
826 1531 878 1565 sed
893 1531 984 1575 juxta
1007 1540 1132 1564 morem

260 1598 299 1622 ac
321 1596 731 1628 naturamcampanarum,
759 1593 992 1626 tympanorum
1018 1591 1131 1625 ,orga-

263 1648 382 1671 norum
396 1660 407 1676 ,
433 1638 496 1671 ἀς.
523 1635 613 1680 Ergo
633 1647 686 1679 per
710 1634 786 1668 istos
799 1633 895 1666 sonos
914 1629 1065 1666 homines
1076 1628 1131 1663 ob·

259 1687 328 1722 seffi
354 1685 481 1730 proprie
501 1686 535 1721 &
560 1685 632 1720 vere
655 1695 722 1719 non
750 1683 970 1718 vociferantur
991 1708 998 1716 .
1042 1683 1132 1716 Patet

260 1744 372 1770 minor:
404 1737 480 1780 quia
493 1737 572 1772 ficut
589 1747 745 1779 campana
758 1759 770 1775 ‚
796 1744 990 1779 tympanum
1002 1756 1015 1774 a
1037 1733 1132 1769 &ot-

258 1798 384 1832 gatium
406 1785 509 1820 edunt
534 1787 648 1820 sonum
673 1787 765 1820 suum
791 1786 859 1820 fine
879 1783 1075 1829 cognitione
1098 1783 1130 1816 ὅ(

234 1835 238 1838 ’
257 1838 461 1882 appetitione
482 1836 556 1879 pure
580 1834 696 1881 paffive
720 1838 751 1870 se
772 1833 925 1870 habendo
948 1832 987 1869 ad
1000 1844 1129 1868 motum

258 1885 406 1922 hominis
419 1886 594 1930 pulsanti53
616 1888 662 1921 ita
673 1886 772 1921 etiam
784 1885 868 1919 labia
881 1909 892 1927 ‚
913 1885 1023 1919 dentes
1036 1908 1047 1924 ,
1069 1882 1130 1916 lin·

258 1947 348 1980 gua,
364 1937 491 1978 aliaque
503 1938 592 1969 vocis
613 1937 824 1969 instrumenta
845 1933 992 1968 hominis
1013 1933 1129 1968 obseffi

258 1987 327 2018 fine
347 1986 543 2029 cognitione
564 1985 726 2030 dirigente
746 1985 780 2018 δι
803 1985 1007 2026 appetitione
1028 1983 1129 2026 impe-

259 2044 353 2069 rante
376 2035 479 2068 edunt
502 2034 579 2068 istos
602 2036 700 2069 sonos
720 2035 761 2068 ad
783 2034 888 2067 solum
910 2043 1041 2066 motum
1063 2034 1128 2066 dia-

259 2083 327 2117 boli
346 2083 524 2118 obfidentis
543 2107 550 2115 .
588 2083 678 2128 Ergo
719 2083 871 2117 homines
891 2081 1003 2115 obsessi
1025 2082 1130 2116 edunt

257 2132 336 2166 istos
357 2133 507 2176 praefatos
527 2133 623 2167 sonos
646 2144 714 2166 nou
736 2141 827 2166 more
858 2131 1010 2164 animalis
1030 2143 1042 2173 ·,
1072 2129 1126 2164 sed

255 2193 347 2217 more
370 2181 544 2228 tympani,
570 2182 712 2227 organi,
733 2192 769 2215 ac
789 2191 953 2224 campana:
972 2204 984 2221 ,
1005 2180 1069 2214 dte.

305 2243 338 2279 ς.
370 2233 535 2266 Dicuntur
558 2234 639 2277 ergo
661 2231 811 2266 homiues
833 2230 949 2264 obseffi
971 2241 1026 2274 per
1046 2229 1131 2269 istos·

255 2282 355 2315 sonos
375 2282 516 2315 ciamare
536 2282 568 2315 ὅ(
591 2281 758 2315 vociferari
781 2291 821 2313 eo
845 2281 972 2320 modo,
992 2292 1060 2323 quo
1078 2281 1121 2313 di-

255 2341 375 2364 cuntur
396 2342 450 2374 per
471 2330 545 2364 illos
568 2331 660 2373 loqui
685 2342 695 2362 2
717 2330 807 2374 atqui
832 2328 946 2363 obseffi
969 2340 1024 2372 pet
1047 2328 1125 2370 istos

254 2381 355 2414 sonos
381 2391 451 2414 non
473 2380 544 2414 vere
567 2380 745 2425 loquuntur
764 2390 774 2421 ρ
816 2390 895 2422 ergo
918 2389 1022 2422 neque
1047 2380 1122 2412 vere

252 2431 419 2470 clamant,
438 2431 471 2465 ἀ
494 2430 735 2464 vociferantur.
777 2429 925 2461 Probatur
947 2433 1018 2461 min.
1046 2429 1122 2471 quia

251 2478 344 2524 loqui
370 2478 457 2513 idem
477 2479 522 2513 est
547 2479 634 2524 quod
657 2479 798 2523 proferre
825 2477 958 2512 verbum
983 2491 994 2511 .·
1029 2478 1129 2522 loqui'

251 2528 437 2563 mentaliter
449 2528 494 2563 est
516 2529 655 2572 proferre
676 2527 939 2570 verbummentis
953 2542 964 2562 .·
985 2531 1016 2562 ἀ
1030 2528 1118 2572 loqui

246 2579 462 2623 corporaliter
474 2578 518 2612 est
528 2581 668 2622 proferre
681 2578 812 2612 verbum
823 2579 1008 2621 oris.Atqui
1018 2578 1118 2612 obses·

250 2629 287 2670 fi,
297 2629 375 2663 dum
389 2627 555 2672 proferunt
567 2630 714 2672 praefatos
737 2629 832 2662 sonos
848 2639 938 2669 ‚non
953 2629 1117 2671 proferunt

249 2678 385 2712 verbum
398 2678 464 2711 oris
476 2677 574 2721 :ergo
586 2689 652 2711 non
662 2678 839 2721 loquuntur
852 2702 860 2710 .
883 2679 1117 2722 pinianum-quia

248 2728 388 2771 proferre
403 2726 534 2760 verbum
545 2728 609 2761 oris
617 2727 660 2760 est
675 2727 815 2770 proferre
827 2739 940 2762 vocem
954 2729 1116 2762 internun-

247 2778 332 2811 ciam
346 2777 432 2812 verbi
444 2778 581 2815 mentis,
603 2777 685 2816 idest
702 2789 708 2808 :
730 2777 774 2810 est
796 2778 932 2820 proferre
953 2789 1065 2813 vocem
1077 2781 1116 2813 ad

247 2826 496 2871 significandum
508 2825 641 2861 verbum
653 2827 816 2860 internum
828 2828 943 2861 mentis
955 2839 961 2858 :
986 2827 1115 2863 verbum

247 2879 316 2911 oris
335 2877 455 2922 quippe
471 2877 515 2911 est
539 2888 603 2911 vox
615 2876 634 2911 ὲ
653 2877 838 2920 proferente
859 2877 1011 2911 ordinata
1023 2878 1055 2912 δε
1070 2879 1114 2912 di·

246 2928 294 2961 fla
314 2927 354 2960 ad
378 2926 626 2972 significandum
649 2927 815 2961 internum
838 2924 1116 2963 verbum‘mentis·.

246 2976 375 3020 Atqui,
395 2983 439 3010 uti
460 2979 574 3012 clarum
595 2977 633 3017 est
654 3001 667 3018 ,
691 2976 806 3011 obseffi
831 2978 906 3011 istos
928 2978 1024 3011 sonos
1047 2989 1114 3013 non

244 3027 452 3061 'ordinantad
475 3028 686 3072 significanda
698 3026 824 3061 interna
840 3026 934 3061 verba
955 3028 1014 3061 suae
1028 3039 1114 3062 rnen-

245 3125 363 3160 borum
385 3127 521 3161 mentis:
541 3138 620 3172 ergo
644 3126 778 3167 obseffi,
803 3127 881 3160 dum
907 3128 986 3161 istos
1007 3128 1113 3172 praefa-

243 3184 295 3209 tos
316 3176 414 3210 sonos
435 3176 559 3220 edunt,
585 3189 653 3212 non
674 3179 842 3221 proferunt
865 3177 998 3211 verbum
1030 3180 1112 3213 oris.

243 3228 290 3258 Er
314 3224 523 3267 confirmatur:
546 3229 624 3269 quia
649 3227 742 3272 loqui
766 3239 823 3265 ore
845 3227 891 3261 est
913 3227 1113 3262 manifestare

241 3274 333 3313 aliis,
356 3283 426 3319 quae
449 3276 615 3320 loquimur
634 3288 767 3319 mente·,
790 3278 824 3312 δι
845 3277 972 3312 locutio
990 3278 1056 3312 oris
1067 3279 1111 3313 est

241 3324 462 3359 manifestatio
475 3326 655 3362 locutionis
671 3329 813 3370 menti33
834 3327 1046 3371 atquiobseffi
1058 3341 1112 3372 per

243 3373 319 3407 istos
332 3374 403 3409 suos
421 3376 519 3410 sonos
539 3388 606 3410 non
630 3378 842 3426 manifestant
856 3402 868 3418 ,
890 3389 994 3421 neque
1011 3380 1110 3414 mani·

242 3423 356 3458 festare
369 3425 484 3459 volunt
508 3426 667 3462 internam
680 3429 886 3463 locutionem
899 3430 1018 3465 mentis
1030 3443 1041 3465 .-
1056 3418 1128 3474 ¹er-l
1151 3409 1162 3472 i

344 3472 449 3515 Christ.
463 3478 544 3518 Lupi
555 3480 653 3519 Opera
666 3481 748 3512 Tom.
758 3480 830 3511 XII.

1916 121 2029 160 —129

1191 198 1237 231 go
1259 185 1456 229 proferendo,
1476 186 1552 219 istos
1574 188 1760 225 sonos-non
1775 189 1983 235 loquuntur.
2006 192 2069 225 Ex·

1191 248 1246 279 quo
1269 241 1360 272 etiam
1382 234 1456 278 cons
1475 235 1512 274 eff
1535 248 1542 267 ι
1570 238 1669 279 quod,
1685 238 1833 277 homines
1851 242 2059 276 ,dormientes

1191 286 1353 321 ordinarie
1380 286 1459 322 item
1485 287 1628 329 pfittaci,
1649 288 1781 328 aliaeque
1805 292 1922 325 similes
1944 301 2059 335 garru-

1192 338 1293 369 lantes
1306 359 1316 375 ,
1328 335 1402 371 licet
1419 347 1513 370 voces
1528 334 1754 371 dearticulatas
1770 343 1956 381 proferant,
1979 337 2060 374 nuti-

1189 397 1284 429 quam
1306 395 1414 421 tamen
1435 386 1611 433 loquantur
1633 399 1640 419 ε
1662 399 1736 430 quia
1762 388 1816 420 ista
1844 402 1960 424 vocum
1986 402 2059 433 pro-

1190 436 1270 470 latio
1291 447 1357 469 non
1385 434 1429 468 est
1452 436 1485 469 in
1509 435 1581 479 ipsis
1603 438 1734 470 interuae
1759 435 1934 473 locutionis
1958 441 2058 477 mani·

1188 485 1338 521 festatio-
1368 486 1420 525 De
1443 496 1509 527 quo
1533 486 1605 519 vide
1624 489 1808 521 Ludovi'cum
1821 489 1922 521 Molin.
1946 499 2014 522 tom.
2026 500 2057 527 2.

1189 542 1222 568 m
1237 543 1342 578 1.par.
1356 547 1384 577 q.
1398 547 1452 583 ῃ.
1465 545 1523 568 art.
1542 535 1804 578 1.d1sp.6..Dvco
1819 537 1966 579 psittacos
1979 531 2059 572 nun-

2075 331 2077 345 l

1181 595 1286 631 -quam
1311 586 1423 625 loqui:
1447 584 1598 620 homines
1618 584 1693 619 veto
1716 585 1913 621 dormientes
1933 587 2061 620 ordina·

1189 634 1235 669 rie
1261 646 1327 670 non
1353 635 1441 679 loqui
1457 648 1466 673 ς
1483 637 1559 682 quia
1583 634 1662 672 mihi
1688 648 1740 679 per
1762 636 1922 681 propriam
1950 637 1982 669 in
2010 647 2062 671 me

1185 686 1419 728 experientiam
1432 685 1496 729 fere
1507 698 1631 721 certum
1644 686 1687 720 est
1703 689 1930 723 nosturnarum
1944 697 2063 730 vocum

1187 735 1221 768 in
1245 737 1359 768 somno
1387 737 1606 779 prolationem
1629 740 1690 770 esse
1726 737 1923 781 quandoque
1955 747 2062 771 veram

1189 785 1410 819 locutionem.
1442 786 1561 820 Putate
1583 787 1672 820 enim
1695 787 1898 821 intellectum
1931 785 2062 820 homini

1185 835 1497 879 dormientisemper
1520 837 1753 879 condormire,
1780 833 1890 870 &tedia
1912 835 2064 880 philoso-

1186 883 1260 927 phia
1289 884 1383 928 plane
1405 887 1448 919 est
1473 888 1640 921 alienum:
1667 899 1741 921 nam
1767 887 1950 921 intellectus
1961 886 2000 920 ad
2015 887 2063 920 su·

1187 945 1238 967 am
1263 935 1412 981 vigiliam
1433 938 1710 981 nonpraerequirit
1736 938 1886 982 vigiliam
1911 937 2060 972 sensuum

1187 995 1418 1027 externorum3
1446 987 1499 1023 sed
1525 986 1623 1022 solius
1647 987 1818 1031 phantasiae
1839 1012 1849 1027 ‚
1872 997 1927 1021 aut
1954 987 2063 1020 sensus

1191 1035 1310 1068 interni
1337 1048 1344 1067 z
1372 1035 1462 1078 atqui
1486 1034 1616 1073 homini
1639 1038 1819 1072 dormienti
1841 1038 1917 1071 licet
1939 1037 2062 1080 semper

1188 1083 1418 1121 condormiant
1440 1086 1548 1121 sensus
1568 1089 1694 1121 externi
1708 1100 1717 1130 3
1730 1082 1733 1085 ⁴
1746 1086 1861 1131 vigilat
1886 1099 1995 1121 tamen
2012 1087 2064 1122 sae·

1190 1133 1313 1179 piffime
1331 1135 1443 1171 sensus.
1459 1135 1621 1174 internus:
1650 1148 1730 1181 ergo
1750 1149 1828 1170 tunc
1850 1138 1948 1174 eriam
1973 1148 2063 1181 pote-

1191 1187 1230 1218 rit
1256 1184 1391 1228 vigilare
1414 1186 1613 1224 intellectu&
1641 1190 1686 1219 De
1706 1185 1871 1229 quovsemel
1892 1188 1990 1221 allas.

1241 1233 1273 1269 6.
1294 1233 1569 1278 obliciessaecundaz
1596 1248 1660 1270 vox
1682 1248 1750 1270 non
1773 1236 1869 1272 debet
1888 1237 1950 1271 effe
1965 1237 2061 1274 sonus

1191 1283 1341 1318 animalis
1363 1296 1418 1319 ore
1438 1287 1601 1329 prolatus:
1625 1288 1704 1331 ergo
1718 1288 1808 1330 supra
1821 1287 1923 1330 pofita
1948 1285 2065 1322 defini-

1192 1335 1241 1371 tio
1255 1347 1321 1368 non
1336 1336 1439 1370 valet.
1466 1337 1619 1370 Probatur
1636 1346 1731 1370 antec.
1758 1338 1832 1378 quia
1852 1338 1948 1372 sonus
1966 1337 2063 1375 mbae,

1192 1384 1300 1419 fistulae
1324 1409 1335 1425 ‚
1356 1396 1465 1420 avenae
1482 1410 1497 1430 λ
1513 1387 1631 1430 aliique
1649 1386 1800 1421 similium
1826 1386 2063 1428 instrumento,-

1177 1446 1263 1482 Jrum
1289 1436 1358 1468 soni
1383 1436 1456 1472 sunt
1478 1436 1550 1470 vere
1564 1448 1675 1470 voces:
1698 1438 1788 1481 atqui
1811 1436 1884 1471 sunt
1909 1438 1978 1471 soni
1994 1448 2062 1474 non

1177 1484 1343 1526 ianimalis
1358 1496 1437 1530 ore,
1458 1487 1511 1523 sed
1537 1487 1754 1521 instrumento
1776 1488 1897 1521 musico
1928 1487 2063 1532 prolati:
2110 1530 2116 1533 ⁷

1194 1535 1275 1568 Item
1297 1536 1367 1571 soni
1385 1536 1606 1571 illiarticulati
1622 1561 1633 1576 ,
1652 1548 1736 1579 quos
1749 1538 1875 1581 Angeli
1899 1537 1932 1570 in
1951 1547 2066 1579 corpo-

1193 1584 1456 1628 ribusasiumptis
1474 1597 1546 1620 cum
1561 1585 1752 1620 hominibus
1777 1588 1946 1631 loquentes
1969 1589 2001 1619 in
2017 1597 2065 1623 ae-

1194 1645 1226 1668 re
1246 1635 1408 1673 formant:
1434 1637 1544 1680 quales
1556 1637 1688 1671 fuerunt
1711 1636 1786 1676 illi,
1810 1637 1865 1678 qui
1887 1635 2066 1675 formati&

1195 1685 1298 1718 auditi
1314 1685 1445 1719 fuerunt
1466 1689 1559 1730 supra
1582 1697 1679 1729 caput
1702 1685 1812 1726 Christi
1827 1687 1967 1720 Domini
1983 1687 2066 1730 an-

1193 1747 1271 1769 anne
1293 1736 1326 1768 in
1349 1735 1491 1779 Iordane
1514 1737 1691 1779 baptizati,
1715 1738 1789 1770 sunt
1810 1737 1842 1770 ἀ
1862 1737 1993 1770 fuerunt
2009 1747 2066 1770 ve-

1194 1797 1234 1820 rae
1255 1796 1366 1820 voces:
1386 1786 1478 1831 juxta
1493 1787 1572 1820 illud
1590 1800 1600 1820 .·
1622 1792 1706 1826 venie
1718 1799 1779 1820 vox
1802 1788 1839 1827 de
1862 1788 1931 1822 caelo
1943 1788 2068 1828 dicens„

1195 1847 1254 1871 vox
1272 1843 1378 1879 patris
1399 1843 1551 1878 intonuit,
1571 1847 1701 1881 paterna
1712 1850 1773 1872 vox
1794 1833 1901 1872 addita
1914 1836 1961 1880 ¹est
1973 1862 1982 1877 ‚
2008 1832 2066 1881 &k-

1195 1889 1298 1930 Atqui
1322 1887 1375 1921 isti
1399 1889 1471 1922 soni
1494 1900 1561 1922 non
1587 1890 1717 1921 fuerunt
1739 1887 1892 1922 animalis
1915 1898 1972 1920 ore
1995 1898 2066 1930 pro-

1193 1936 1251 1976 lati
1272 1949 1279 1969 :
1307 1947 1386 1980 ergo
1411 1949 1475 1971 vox
1499 1949 1565 1971 non
1586 1937 1681 1975 debet
1706 1939 1768 1970 effe
1793 1936 1891 1970 sonus
1912 1932 2066 1985 animalis

1192 1996 1248 2019 ore
1272 1987 1433 2030 prolatus.
1461 1986 1549 2030 Resp.
1561 1995 1730 2031 neg.antec.
1741 1989 1785 2020 ad
1801 1999 1827 2024 1.
1836 1987 1919 2031 prob.
1929 1988 2063 2033 *concedssoz

1193 2037 1406 2076 sonosmbae,
1432 2037 1543 2071 fistulae
1558 2061 1570 2078 ‚
1594 2048 1724 2077 avenae,
1747 2039 1809 2071 διε.
1831 2039 1894 2072 effe
1907 2050 1997 2072 veras
2010 2029 2065 2074 v¹o-

1191 2096 1260 2118 ces:
1281 2086 1335 2118 sed
1358 2087 1519 2128 numquid
1545 2087 1594 2119 illi
1615 2087 1767 2120 animalis
1781 2099 1836 2132 ore
1859 2099 1933 2122 cum
1947 2083 2065 2144 cogni-

1190 2135 1282 2168 tione
1306 2134 1464 2170 inflantur
1485 2136 1518 2172 <Sc
1537 2135 1741 2169 formantur?
1769 2138 1952 2180 Ad2.prob.
1977 2135 2063 2186 ἄιροζζ·

1190 2185 1303 2218 ssmiles
1325 2185 1423 2220 sonos
1449 2196 1516 2219 non
1535 2186 1597 2219 effe
1612 2187 1682 2222 vere
1703 2196 1823 2229 νοσῶ,-
1846 2188 1903 2222 sed
1926 2189 1991 2222 dici
2008 2182 2063 2229 γὀ-

1188 2245 1241 2268 ces
1258 2233 1433 2278 improprie
1453 2234 1485 2268 δι
1507 2236 1647 2270 alienate
1667 2236 1712 2271 ob
1738 2248 1890 2281 magnam
1921 2262 1931 2277 ,
1960 2250 2060 2287 quam

1187 2294 1263 2317 cum
1289 2286 1373 2321 veris
1394 2285 1533 2318 vocibus
1555 2284 1700 2324 babent,
1721 2285 1991 2326 similitudinem:
2011 2301 2060 2332 ep

1188 2332 1288 2367 modo
1310 2359 1326 2375 ,
1358 2334 1567 2379 quqsonum.
1588 2334 1730 2379 cytharae
1767 2346 1894 2381 vocare!
1918 2338 2058 2379 solemu's

1187 2393 1300 2418 vocem
1316 2409 1325 2417 .

1398 2415 1732 2473 D'UssltJM
1794 2437 1891 2478 tt,

1210 2513 1258 2543 An
1283 2521 1344 2544 vox
1368 2509 1499 2554 tegmine
1524 2513 1683 2546 dividatur
1719 2519 1751 2546 in
1781 2503 2040 2558 fignificatlvam‘

1419 2564 1452 2595 Θ·
1479 2574 1536 2595 mm
1557 2560 1786 2621 significativam
1803 2565 1820 2596 ,ἶ
1942 2570 1945 2575 ”
2018 2557 2041 2586 ‘¹'

1182 2648 1213 2684 7.
1346 2636 1441 2670 [visio
1465 2636 1532 2671 haec
1556 2638 1728 2684 nonnullis
1749 2639 1878 2675 videtur
1901 2640 1994 2687 mala⁴
2013 2653 2052 2687 fle

1361 2686 1532 2732 illegitima
1547 2699 1558 2720 ·.
1581 2690 1656 2731 quia
1678 2688 1710 2722 in
1732 2687 1792 2724 hac
1817 2690 1976 2734 divisione
2005 2686 2053 2737 al-

1182 2746 1286 2769 terum
1311 2738 1492 2771 membrum
1511 2738 1665 2771 dividens
1682 2749 1760 2772 cum
1785 2740 1889 2774 diviso
1912 2752 2052 2775 conven-

1182 2785 1283 2828 titur;
1306 2786 1441 2825 alterurn
1465 2787 1539 2822 vero
1564 2788 1621 2821 suh
1641 2789 1747 2823 diviso
1759 2801 1830 2827 non
1850 2782 2051 2835 continetur.-

1180 2837 1259 2880 ergo
1279 2837 1392 2870 divisto
1415 2838 1474 2871 isia
1497 2838 1611 2881 nequit
1637 2841 1698 2872 elie
1717 2839 1823 2874 bona.
1853 2840 1938 2873 Proh.
1954 2850 2050 2881 antec.

1180 2887 1256 2929 quia
1279 2886 1419 2923 divisum
1431 2888 1474 2921 est
1503 2900 1591 2930 vor,
1613 2888 1754 2923 membra
1773 2888 1950 2926 dividentia
1975 2892 2051 2927 sunt

1182 2947 1246 2970 vox
1259 2936 1497 2981 fignificativa‚
1519 2939 1550 2972 ἀ
1571 2949 1636 2972 vox
1663 2940 1976 2983 non-significativa:
2002 2951 2051 2984 aa·

1179 2988 1235 3029 qui
1248 2989 1358 3020 omnis
1377 3000 1441 3022 vox
1454 2989 1497 3021 est
1511 2988 1779 3032 fignificativa‚&
1797 2991 1885 3030 nulia
1911 3001 1975 3024 vox
2001 2992 2048 3037 est

1179 3038 1499 3081 non-significativa:
1518 3050 1597 3083 ergo
1611 3040 1746 3073 alterum
1762 3041 1859 3083 hujus
1879 3039 2049 3087 division&

1178 3086 1357 3120 membrum
1372 3100 1447 3122 cum
1461 3087 1567 3122 diviso
1579 3091 1780 3130 convertitur
1792 3103 1804 3131 ,-
1816 3092 1954 3125 alterum
1970 3090 2048 3133 verb

1178 3135 1234 3169 sub
1245 3137 1350 3174 diviso
1366 3150 1432 3171 non
1445 3138 1649 3172 continetur.
1679 3141 1765 3172 Proh.
1801 3147 1850 3185 ηιξ.
1875 3141 2047 3181 ostendendo

1175 3187 1209 3218 ἐν·
1220 3189 1419 3220 enumerando
1432 3193 1528 3219 omnia
1533 3187 1698 3231 fignificata
1713 3196 1811 3226 vot-lu
1828 3191 1860 3223 in
1876 3190 1987 3233 primis
1999 3203 2048 3230 er-

1175 3247 1220 3279 go
1228 3239 1337 3285 omnis
1350 3248 1413 3269 vox
1427 3238 1666 3281 significatione
1680 3240 1813 3274 naturali
1827 3241 1988 3285 fignificat
1997 3243 2046 3276 su-

1178 3297 1231 3319 um
1247 3287 1440 3327 prolatorem
1455 3299 1673 3331 :conceptum
1686 3290 1833 3323 animalis
1850 3303 1963 3331 vocem
1976 3303 2049 3336 pro-

1175 3335 1304 3369 ferentis
1317 3360 1326 3374 ,
1341 3347 1435 3378 quem
1451 3336 1568 3371 format
1582 3337 1622 3372 de
1635 3340 1698 3382 ipsa
1721 3352 1800 3373 voce
1830 3335 2045 3384 proferenda,

1173 3385 1204 3418 &
1218 3386 1330 3427 quoin
1350 3387 1534 3428 prolatione
1546 3390 1635 3422 vocis
1646 3389 1798 3434 dirigitur
1811 3394 1956 3434 potentia
1970 3405 2048 3435 pro-

1173 3435 1270 3469 lativa
1295 3437 1400 3470 vocis:
1426 3437 1541 3481 imperi
1567 3449 1602 3482 m
1624 3434 1802 3482 appetit-us,
1835 3451 1903 3484 quo
1926 3444 2048 3485 appeti-

1641 3489 1683 3522 M
1946 3502 1996 3525 tus
