2384 3770
481 170 607 230 Quin
624 168 696 213 Sir
712 164 812 211 Vox
828 163 931 207 Pos.
947 162 1072 222 Qum
1089 159 1204 207 Neo.
1222 161 1334 227 Qus
1349 155 1446 203 ΗΝ.
1465 160 1588 215 Qum
1601 155 1690 207 ῙΝιτ.
1707 164 1787 209 &c.

261 259 329 299 5⁵0⁷:
357 251 447 300 Qia
471 251 504 285 in
527 252 630 295 prima
651 249 868 296 propositione
879 254 1015 291 negatur
1025 245 1068 280 de
1077 245 1134 280 ho-

218 334 220 337 s
267 306 358 341 mine
380 304 570 345 brutalitas3
598 304 631 336 in
655 300 792 336 secunda
803 296 880 331 vero
893 297 934 330 de
945 294 1081 330 homine
1091 299 1135 331 af·

268 356 417 389 firmatur
442 355 584 388 carentia
605 350 823 386 brutalitatis:
851 345 943 390 atqui
971 345 1013 380 de
1023 346 1135 390 aliquo

265 404 408 447 subjesto
430 414 548 448 negare
571 403 716 444 aliquam
736 398 896 436 formam,
922 396 955 429 &
977 396 1135 430 affirmare

265 455 332 497 ejus
348 455 524 488 carentiam
538 477 548 493 ‚
573 450 659 486 idem
681 446 778 492 plane
798 448 889 481 sunt:
918 456 997 490 ergo
1018 457 1133 491 propo-

264 504 340 539 sitio
362 502 514 538 constans
532 500 709 546 negatione
735 505 876 543 negante
886 495 971 530 idem
984 496 1077 538 plane
1087 495 1134 530 di-

263 554 330 595 cit,
355 551 445 598 quod
467 550 644 595 propositio
665 548 819 583 constans
831 546 1134 591 negationeinfini-

264 614 377 644 tante,
399 600 579 635 &econtra
592 625 599 632 .
627 600 720 632 Patet
731 603 844 631 minor:
872 597 963 644 Qia
983 595 1133 641 quidicit

264 654 299 687 in
311 662 381 687 aere
390 661 457 684 non
468 651 530 684 effe
543 650 655 684 lumen
666 674 676 690 ‚
705 649 783 683 &in
793 659 864 682 aere
885 650 948 681 ess'e
962 646 1111 681 tenebras
1125 668 1136 684 ,

264 702 352 737 idem
374 698 468 744 plane
489 700 587 734 dicit:
617 699 696 733 item
717 699 772 742 qui
785 698 867 732 dicit
880 697 912 730 in
927 695 1132 730 bominecoe-

262 753 415 791 citatem,
440 750 473 783 &
494 761 561 784 non
587 751 648 784 esse
671 748 772 783 visum
785 772 797 789 ,
822 747 907 782 idem
920 746 1018 790 plane
1029 746 1128 780 dicit:

263 802 343 835 item
355 801 411 844 qui
427 799 508 833 dicit
522 800 556 834 in
569 800 679 843 aliquo
690 800 752 833 esse
763 798 984 843 ignorantiam
995 806 1051 830 aut
1064 805 1131 828 non

263 852 326 886 effe
350 850 517 884 scientiam
532 874 544 890 ‚
569 850 656 883 idem
678 846 773 891 plane
795 847 896 881 dicit.
924 846 1015 890 Ergo
1025 845 1065 879 de
1077 845 1130 879 ali·

262 911 331 945 quo
344 911 461 945 negate
471 901 611 934 formam
625 898 712 932 idem
725 895 821 941 plane
831 896 875 932 est
886 921 898 938 ‚
917 893 1007 940 quod
1019 894 1059 929 de
1070 894 1131 929 illo

262 951 422 985 affirmare
436 949 525 983 illius
538 947 715 983 carentiam
725 971 733 979 .

314 998 344 1037 8.
374 999 462 1034 Audi
476 997 602 1042 quidde
623 996 688 1031 hoc
700 1008 742 1031 ex
755 996 873 1030 saneto
885 993 1075 1040 Augustino
1085 993 1132 1028 di-

262 1058 314 1085 eat
335 1047 513 1095 Grgeorius
534 1047 746 1082 Ariminenfis
763 1051 834 1081 ina..
855 1045 917 1085 dist·
932 1043 1131 1092 35.quaest.1.

261 1108 356 1136 αντα.
369 1108 442 1133 cont.
451 1110 478 1135 1·
498 1100 584 1132 concl.
598 1098 646 1132 Ita
659 1097 748 1132 enim
760 1097 819 1130 ait:
848 1100 909 1131 Hoc
920 1097 998 1128 docet
1009 1099 1079 1138 Aug.
1099 1100 1132 1127 in

261 1151 298 1184 de
311 1148 410 1193 genefi
427 1150 473 1181 ad
491 1146 716 1191 limmperfedo
729 1171 740 1186 ,
757 1144 847 1189 super
859 1146 908 1179 illo
923 1159 934 1179 .-
961 1143 1133 1179 &tenebra

261 1209 349 1233 erant
364 1198 454 1242 super
467 1198 581 1240 faciem
603 1198 701 1238 abyffi.
733 1200 833 1229 chtt:
859 1207 968 1230 revera
989 1199 1043 1237 qui
1064 1195 1133 1227 dili-

258 1260 363 1293 genter
372 1247 532 1289 confiderat
545 1272 556 1287 ‚
581 1250 654 1289 quid
659 1247 719 1289 fint
729 1246 860 1280 tenebrae
872 1270 883 1286 ,
910 1244 988 1278 nibil
993 1245 1079 1278 allud
1086 1249 1128 1276 in·

262 1303 349 1331 venie
361 1320 372 1337 ,
393 1308 484 1340 quam
495 1297 570 1330 lucis
581 1296 747 1340 absentiam
759 1309 766 1328 :
787 1302 833 1329 ita
843 1301 934 1339 igitur
948 1294 1061 1328 dmum
1073 1293 1112 1333 est
1122 1317 1133 1334 ,

263 1347 392 1381 tenebrae
412 1355 500 1381 erant
516 1345 608 1389 super
633 1346 775 1389 abyssum,
802 1344 989 1387 acfiduffum
1001 1344 1065 1386 effer
1076 1353 1134 1375 non

264 1407 330 1431 erat
352 1398 408 1430 lux
418 1395 506 1440 super
517 1396 639 1441 abyffum
651 1421 659 1429 .
685 1399 729 1428 Et
744 1394 815 1437 ficut
837 1394 887 1429 boc
899 1395 938 1429 de
948 1393 1038 1429 verbo
1048 1393 1134 1434 effen-

263 1448 300 1480 Δὶ
312 1471 322 1488 ,
347 1451 391 1480 ita
411 1447 447 1480 de
467 1446 557 1480 verbo
581 1446 859 1488 habendidocetffl’e
870 1445 1134 1488 intelligendumin

264 1496 364 1529 Iib.de
385 1502 454 1529 vita
477 1497 585 1530 beata.
615 1496 669 1529 Ubl
691 1496 786 1534 dicit,
816 1495 993 1537 quodlocum
1003 1494 1133 1535 aliquem

264 1545 373 1579 habere
384 1545 523 1579 tenebras
535 1544 616 1579 nihil
623 1546 709 1578 aliud
717 1543 754 1584 est
765 1568 777 1584 ,
802 1554 892 1587 quam
904 1542 1001 1587 ipsum
1013 1554 1072 1576 non
1083 1542 1134 1575 ba·

264 1596 334 1629 bere
349 1596 471 1636 lumen,
490 1597 525 1630 ό·
546 1595 655 1629 babere
671 1594 830 1636 stultitiam
852 1595 905 1627 vel
914 1593 1067 1637 egestatem
1077 1605 1135 1626 non

265 1646 354 1680 aliud
363 1645 401 1685 est
412 1670 423 1686 ,
450 1656 538 1688 quam
546 1657 603 1679 non
611 1644 719 1679 habere
726 1643 910 1687 sapienttam
924 1645 979 1677 vel
985 1645 1115 1677 divitias
1126 1669 1134 1675 .

265 1699 314 1728 Et
335 1695 541 1738 quamobrem,
568 1700 665 1738 inquit
685 1693 766 1737 lpse,
789 1703 824 1728 ut
835 1706 904 1737 quae
914 1695 980 1727 volo
992 1695 1136 1735 explicem

261 1753 353 1788 prout
368 1745 506 1788 poffunt,
531 1751 578 1779 tta
595 1748 706 1779 dicitur
719 1768 731 1784 ,
753 1744 842 1778 babet
864 1743 1038 1787 egestatem,
1058 1741 1142 1786 quast

264 1796 382 1830 dicatur
402 1819 414 1836 ,
440 1794 528 1828 babet
552 1807 609 1830 non
629 1794 736 1828 babere
761 1819 768 1827 .
797 1795 882 1828 Ecce
907 1803 1017 1828 totum
1047 1793 1136 1836 quod

264 1856 330 1889 ego
352 1845 444 1885 dixi,
470 1845 626 1880 dixerunt
637 1854 730 1880 antea
752 1843 988 1884 Ariminenfis,
1012 1843 1136 1878 &San-

263 1895 332 1929 &us
354 1894 558 1939 Augustinus
570 1920 578 1927 .
1010 1932 1013 1935 ,

317 1954 348 1990 9.
377 1947 463 1976 Petes
472 1945 623 1985 secund&
652 1943 707 1977 An
720 1945 841 1986 semper
851 1944 884 1977 δε
899 1942 1020 1983 ubique
1032 1943 1136 1977 valeat

266 1993 499 2032 consequentia
525 1994 543 2025 ὲ
564 1992 705 2026 termino
726 2002 847 2036 negato
860 1992 901 2024 ad
912 1991 1135 2029 infinitatum,

265 2041 300 2074 ἀ
321 2039 339 2073 ὲ
365 2052 477 2074 contra
496 2041 512 2072 ἓ
539 2040 650 2085 Negat
672 2039 865 2075 Adamusa'n
881 2039 1039 2085 1.d1st.24
1057 2039 1138 2073 vult.

266 2101 330 2133 que
343 2091 432 2123 illam
448 2102 515 2123 non
526 2089 642 2123 habere
664 2091 774 2124 locum
787 2092 820 2122 in
831 2090 981 2122 terminis
993 2088 1137 2129 substan·

265 2139 345 2173 tivis
358 2139 533 2180 praedicatis
552 2139 593 2171 de
603 2137 715 2180 aliquo
728 2137 867 2179 subjecto
880 2136 1008 2169 realiter
1019 2148 1088 2169 uno
1099 2147 1137 2168 ac

265 2188 433 2222 communi
447 2188 572 2221 multis.
599 2187 703 2226 Unde,
729 2183 954 2230 inquit,fiesset
967 2197 1044 2219 unus
1056 2185 1138 2218 bomo

264 2244 424 2272 communis
447 2244 499 2280 qui
517 2238 581 2279 effer
608 2240 708 2270 sortes
719 2239 752 2270 (θ’
765 2238 851 2269 Plato
864 2234 952 2276 (ficut
966 2234 1136 2278 Philosophi

261 2287 345 2329 forte
370 2287 546 2328 posuerunt)
568 2286 631 2319 haec
642 2286 705 2327 effer
716 2297 811 2325 vera,
837 2284 921 2316 homo
929 2290 1089 2317 communis
1100 2284 1136 2323 eft

268 2348 326 2369 non
341 2338 442 2371 Planr.
471 2338 505 2369 ὁ·
525 2335 586 2367 baec
596 2334 631 2374 est
639 2333 723 2377 falsa
737 2359 747 2374 ,
769 2333 850 2367 bomo
858 2339 1018 2366 communis
1031 2344 1087 2365 non
1099 2332 1136 2372 est

268 2388 380 2419 Plato.
408 2386 562 2419 Similiter
584 2384 663 2418 dicit
678 2409 688 2424 ,
714 2383 781 2417 haec
802 2382 848 2416 est
872 2393 963 2416 vera:
994 2382 1136 2416 Effentia

267 2437 395 2470 Divina
406 2438 450 2468 est
474 2447 542 2468 non
567 2435 739 2478 paternitas
751 2457 758 2465 .
785 2433 867 2466 Haec
879 2431 956 2466 vero
966 2433 1044 2466 falsa
1057 2445 1069 2465 .·
1093 2432 1135 2465 es2

267 2486 370 2518 sentia
387 2485 498 2518 divina
522 2496 588 2518 non
613 2485 657 2518 est
670 2483 842 2527 paternitas
856 2508 862 2515 .
890 2482 952 2517 Sed
966 2492 1046 2526 puto
1059 2480 1135 2515 uni·-

268 2534 428 2568 versaliter
438 2535 500 2568 effe
513 2534 739 2567 affirmandum
761 2557 771 2573 ,
799 2534 848 2567 uti
860 2533 998 2566 affirmat
1009 2533 1135 2575 Grego-

267 2584 334 2618 rius
357 2583 571 2618 Ariminenfis
590 2583 703 2617 ibidem
713 2582 997 2625 quaest.1.art.1.&
1010 2593 1039 2629 3.
1052 2582 1135 2626 ad7.

266 2637 313 2667 Et
334 2641 410 2667 ratio
428 2633 465 2673 est
485 2634 585 2667 clara:
611 2634 700 2681 Qia
716 2634 837 2676 semper
848 2633 882 2667 δε
894 2632 1015 2677 ubique
1024 2643 1066 2665 ex
1079 2643 1130 2664 ne-

267 2685 401 2728 gatione
413 2685 524 2717 formae
542 2684 651 2716 inferri
667 2683 766 2725 potest
779 2683 951 2716 affirmatio
965 2681 1135 2723 carentiae;

267 2734 359 2774 atqui
373 2744 412 2766 ex
436 2733 614 2777 negatione
634 2732 874 2765 formaeinferre
885 2731 1135 2765 affirmationem

267 2783 416 2817 carentiae
433 2783 478 2817 est
500 2782 672 2826 procedere
691 2783 708 2815 ὲ
723 2780 863 2814 termino
881 2791 999 2824 negato
1012 2781 1052 2815 ad
1066 2781 1136 2815 infi-

268 2833 410 2867 nitatum
435 2846 443 2866 :
469 2843 501 2866 ut
520 2835 588 2874 jam
609 2833 696 2865 dixi.
725 2830 812 2875 Ergo
834 2831 935 2865 etiam
959 2831 1082 2873 semper
1102 2831 1135 2865 ἃ

267 2882 388 2926 ubique
400 2883 480 2917 valet
491 2882 726 2925 consequentia
748 2882 781 2915 ἀ
795 2880 953 2924 processus
965 2880 983 2914 ὲ
995 2881 1136 2915 termino

266 2944 385 2978 negata
407 2933 446 2967 ad
460 2933 657 2967 infinitatum
671 2956 681 2972 ‚
709 2932 741 2965 ἃ
753 2932 771 2965 ὲ
783 2941 893 2965 contra
903 2955 910 2963 .

320 2993 371 3019 10.
399 2986 488 3016 Petes
513 2985 619 3016 tei-tib:
644 2983 756 3028 Qare
769 2982 901 3024 negatio
914 2979 1034 3013 vocalis
1047 2980 1135 3024 signi·

266 3034 367 3067 ficans
393 3035 602 3078 negationem
622 3034 739 3066 realem
763 3043 874 3075 puram
888 3040 1019 3064 vocatur
1029 3030 1135 3063 infini-

265 3084 366 3117 tans?
392 3083 477 3125 Resp.
498 3084 586 3131 Qia
609 3082 687 3116 facit
701 3092 835 3121 vocem,
860 3081 912 3115 cui
926 3080 1132 3126 adjungitur,

265 3134 329 3166 effe
350 3133 510 3167 infinitam
535 3137 567 3167 in
591 3131 809 3176 praedicando.
837 3132 929 3166 Sicut
950 3129 1070 3174 quippe
1081 3141 1133 3165 ne·

264 3183 359 3227 gatio
379 3184 469 3217 realis
481 3195 558 3227 pura
581 3183 626 3217 est
641 3183 773 3227 negatio
786 3192 874 3216 extra
884 3192 1007 3225 genus,
1033 3183 1132 3215 acin-

264 3234 358 3267 finita
384 3233 416 3266 in
443 3233 607 3268 ineffendo
622 3247 632 3267 .-
660 3233 742 3266 inest
760 3233 848 3266 enim
860 3241 925 3265 tam
939 3231 976 3264 iis
987 3241 1054 3274 quar
1065 3243 1131 3265 non

264 3283 340 3316 sunt
353 3307 363 3322 ‚
388 3293 486 3324 quarn
500 3284 537 3317 iis
548 3295 618 3328 quae
628 3285 719 3317 sunt.
747 3283 794 3316 Ita
815 3282 912 3315 etiam
933 3282 1066 3326 negatio
1081 3292 1123 3314 vo

264 3333 342 3366 calis
353 3331 444 3366 istam
454 3334 570 3367 realem
593 3334 777 3378 significans
791 3333 833 3367 est
846 3331 974 3365 infinita
987 3333 1020 3366 in
1034 3332 1132 3377 signi-

265 3383 394 3417 ficando
417 3384 450 3417 &
472 3384 696 3426 praedicaudo;
722 3385 960 3425 affirmaturque
981 3382 1021 3415 de
1036 3381 1130 3425 subje-

265 3433 323 3465 ssis
346 3433 483 3466 infinitis
495 3455 507 3471 2
532 3445 598 3468 tam
611 3434 731 3468 scilicet
742 3435 781 3467 de
794 3433 846 3473 iis,
876 3443 944 3475 quae
958 3443 1024 3465 non
1039 3433 1132 3472 sunt,

264 3491 364 3522 quam
383 3482 425 3518 de
447 3483 485 3518 iis
499 3507 510 3524 ,
536 3495 605 3528 quae
625 3484 712 3519 sunt.
742 3484 832 3518 Tam
859 3481 939 3517 reue
958 3482 1046 3516 enim
1055 3482 1133 3517 dici-

1944 178 2036 226 197

1196 255 1269 280 mus
1296 268 1307 285 ‚
1332 242 1492 286 chymaera
1511 243 1557 278 est
1580 248 1792 285 non-brutum
1814 273 1826 291 ,
1853 247 2072 295 hippotaurus

1196 294 1241 330 est
1257 293 1476 328 non-brutum
1487 316 1498 333 ‚
1523 305 1621 338 quam
1632 297 1776 334 dicatruxs
1786 325 1796 341 ,
1811 300 1913 335 homo
1924 300 1969 335 est
1982 312 2064 335 non-

1196 345 1348 385 brutum‚
1375 344 1455 387 lapis
1478 343 1522 377 est
1544 345 1778 388 non-brutum,
1804 350 1929 385 &0,Ac
1939 354 2067 385 ratione

1197 393 1286 428 istius
1306 404 1440 428 vocatur
1464 394 1575 438 passim
1595 395 1629 428 in
1642 393 1770 429 Scholis
1782 401 1912 442 negatio
1925 401 2070 435 issainfi·

1197 453 1322 478 nitans.

1419 543 1746 579 DUBIUM
1798 544 1846 578 11.

1198 642 1327 688 ‚Quidfit
1338 654 1399 677 vox
1406 642 1536 685 pofitiva
1543 668 1554 684 ,
1582 645 1659 687 quid
1670 646 1832 687 negativa?
1856 645 2044 688 ‚Quidfinteae
2058 671 2069 687 ‚

1479 695 1700 739 quidinfinlta‚
1728 696 1786 729 &a

1391 791 1462 835 Esp.
1488 795 1522 828 δ’
1542 795 1605 828 dico
1622 796 1738 836 prima:
1769 794 1847 828 Vox
1873 795 2011 839 positiva
2023 795 2068 829 est

1405 844 1482 885 illa,
1509 843 1601 887 cujus
1621 845 1758 879 formale
1778 856 1815 879 ac
1839 845 2015 889 principale
2038 846 2072 878 fi-

1196 893 1387 938 gnificatum
1412 905 1479 928 non
1502 896 1547 929 est
1574 896 1707 940 negatio
1723 920 1730 927 .
1755 895 1857 929 Tales
1878 896 1953 929 sunt
1977 906 2072 929 voces

1198 943 1304 983 homo,
1332 946 1436 984 Deus,
1462 945 1561 987 lapis,
1588 945 1712 985 album,
1732 945 1820 984 stans
1833 969 1844 984 ,
1866 942 1976 988 sedens
1989 947 2069 986 ,&c.

1199 993 1389 1038 Significatu
1401 994 1488 1027 enim
1502 1005 1612 1029 earum
1632 996 1803 1036 formalia,
1831 1007 1870 1028 ac
1880 994 2071 1039 principalia

1200 805 1253 830 11·

1199 1045 1273 1078 sunt
1287 1042 1474 1077 humanitas
1487 1067 1497 1083 ,
1521 1045 1625 1079 deitas
1637 1070 1648 1085 ,
1674 1045 1792 1080 albedo
1804 1070 1814 1086 ,
1825 1047 1920 1079 statio
1933 1071 1944 1087 ,
1956 1045 2047 1080 seffio
2061 1069 2074 1085 ,

1198 1095 1259 1128 ἀς.
1280 1104 1350 1141 quae
1378 1093 1492 1127 omnia
1511 1106 1577 1128 non
1603 1096 1676 1129 sunt
1689 1096 1902 1139 negationes,
1929 1096 1981 1129 sed
1994 1106 2072 1129 vera:

1199 1143 1431 1187 propositiones
1443 1167 1453 1182 ,
1483 1155 1521 1178 ac
1539 1145 1690 1178 entitates
1705 1145 1804 1179 reales
1817 1167 1824 1176 .
1852 1144 1931 1179 Vox
1948 1145 2071 1189 negati-

1200 1205 1238 1227 va
1248 1192 1359 1227 estilla
1373 1217 1383 1232 ‚
1410 1193 1502 1236 cujus
1523 1194 1659 1228 formale
1669 1206 1706 1229 ac
1727 1193 1903 1238 principale
1914 1194 2074 1239 significa-

1199 1255 1269 1278 tum
1280 1243 1324 1277 est
1339 1245 1489 1287 negatio.
1516 1243 1620 1278 Tales
1634 1246 1706 1278 sunt
1721 1245 1770 1278 hae
1782 1255 1877 1278 voces
1887 1255 1979 1277 caecui
1991 1268 2002 1284 ‚
2019 1254 2077 1276 cae-

1199 1301 1276 1327 citas
1303 1318 1315 1334 ,
1343 1304 1401 1326 non
1412 1295 1522 1327 videns
1543 1317 1554 1333 ,
1585 1294 1738 1333 non-stans
1765 1318 1777 1334 ,
1803 1305 1859 1327 non
1865 1294 1978 1334 statio,
2004 1304 2075 1326 non-

1199 1345 1322 1383 deuaes,
1348 1345 1406 1377 &a
1432 1343 1553 1377 Earum
1575 1346 1696 1379 etenim
1721 1345 1872 1379 formalia
1892 1344 2074 1389 significata

1200 1395 1274 1429 sunt
1294 1395 1420 1428 caecitas
1437 1417 1448 1433 ‚
1479 1393 1613 1439 negatio
1637 1395 1788 1435 visionis,
1810 1395 1944 1439 negatio
1967 1393 2076 1428 statio-

1201 1444 1272 1485 nis,
1297 1443 1359 1478 &c.
1387 1442 1470 1477 Dixi
1495 1443 1689 1488 utrobique,
1714 1444 1753 1485 est
1774 1445 1849 1483 illa,
1874 1446 2076 1486 cujusprinci-

1194 1495 1268 1537 pale
1282 1516 1294 1533 ,
1317 1505 1352 1527 ac
1363 1493 1496 1534 formale
1513 1493 1707 1538 fignificatum
1722 1493 1759 1533 est
1772 1519 1783 1535 ,
1808 1496 1860 1528 vel
1868 1506 1927 1527 non
1939 1493 1977 1533 est
1988 1504 2075 1539 nega·

1202 1550 1264 1577 tio:
1291 1543 1382 1587 Quia
1407 1555 1539 1586 parum,
1568 1545 1671 1577 immo
1691 1544 1777 1577 nihil
1798 1543 1853 1577 hic
1876 1553 2030 1577 curantur
2041 1544 2073 1575 fi-

1200 1594 1355 1638 gnificata
1377 1591 1561 1626 secundaria
1575 1617 1585 1633 ‚
1611 1604 1648 1627 ac
1669 1593 1871 1634 materialia;
1899 1593 1952 1626 sed
1977 1602 2078 1626 atten-

1200 1643 1343 1684 duntur,
1365 1652 1404 1677 ac
1414 1636 1630 1686 respiciuntur
1655 1644 1722 1678 sola
1746 1642 1918 1682 formalia,
1944 1653 1981 1676 ac
1995 1641 2080 1686 prin·

1202 1692 1338 1737 cipalia.

1260 1752 1311 1780 12.
1338 1741 1476 1776 Possunt
1497 1743 1616 1787 quippe
1637 1753 1732 1778 voces
1745 1743 1882 1787 pofitivae
1893 1752 1950 1787 pro
1961 1741 2077 1785 fignifi⁶

1203 1803 1281 1827 cato
1303 1793 1488 1833 materiali,
1515 1804 1552 1826 ae
1573 1793 1763 1828 secundario
1789 1793 1908 1827 habere
1930 1791 2078 1835 negatio-

1206 1853 1279 1877 nem
1300 1866 1311 1882 ,
1338 1843 1371 1876 ἀ
1385 1853 1479 1877 voces
1490 1845 1649 1888 negativa:
1670 1855 1728 1886 pro
1739 1842 1920 1886 significato
1931 1842 2080 1875 materia-

1205 1894 1227 1927 li
1255 1891 1373 1926 habere
1395 1893 1608 1935 positionem,
1637 1894 1690 1926 seu
1701 1893 1871 1926 entitatem
1884 1893 2078 1935 positivam,

1205 1954 1243 1976 ac
1260 1942 1376 1976 realem
1396 1955 1407 1973 :
1434 1952 1513 1984 ergo
1533 1942 1572 1974 ad
1587 1940 1668 1980 hoc,
1702 1942 1857 1985 utaliqua
1871 1953 1937 1976 vox
1950 1942 2078 1986 dicatur

1205 1989 1267 2024 esse
1288 1989 1424 2031 positiva
1447 1990 1495 2023 vel
1515 1991 1687 2035 negativa,
1713 2002 1843 2035 oportet
1865 1992 2030 2037 negligere
2041 1991 2077 2025 si·

1204 2039 1395 2084 gnificatum
1409 2039 1631 2074 secundarium
1655 2041 1885 2081 &materiale‚
1912 2053 1949 2075 ac
1970 2051 2078 2076 atten-

1206 2090 1281 2120 dere
1293 2087 1398 2120 solum
1411 2089 1598 2128 primarium
1611 2112 1622 2127 ‚
1632 2101 1669 2122 ac
1678 2090 1814 2124 formale
1825 2116 1832 2122 .
1861 2091 2011 2124 Probatur
2023 2103 2077 2124 an-

1205 2137 1336 2168 tecedens
1343 2144 1400 2177 pro
1406 2141 1508 2177 prima
1522 2135 1687 2179 suiparte:
1721 2139 1810 2183 Quia
1822 2151 1885 2174 vox
1897 2141 2076 2174 intellec‘ium

1206 2185 1250 2218 est
1275 2196 1342 2218 vox
1365 2185 1436 2219 vere
1453 2187 1608 2229 positiva:
1636 2196 1671 2221 ut
1684 2199 1803 2230 nemo,
1829 2189 1885 2233 qui
1898 2191 1992 2224 sanus
2003 2192 2048 2223 est
2064 2214 2075 2229 ,

1204 2234 1335 2268 audebit
1362 2246 1497 2278 negare.
1526 2236 1628 2278 Atqui
1652 2237 1707 2270 illa
1728 2249 1792 2272 vox
1810 2239 2007 2283 quandoque
2017 2251 2077 2283 pro

1203 2283 1384 2327 significato
1407 2285 1491 2317 recto
1515 2284 1612 2318 habet
1634 2287 1863 2329 negationem:
1890 2282 1968 2332 ergo
1980 2301 2075 2323 voces

1205 2332 1344 2376 positivae
1369 2334 1498 2376 possunt
1520 2345 1578 2375 pro
1604 2334 1786 2378 significato
1797 2339 1882 2370 recto
1894 2337 2011 2372 babere
2022 2350 2076 2373 ne-

1203 2382 1390 2426 gationem.
1418 2383 1569 2416 Probatur
1590 2389 1704 2417 minor:
1732 2385 1821 2433 Qia
1834 2408 1844 2424 ,
1871 2388 1918 2420 uti
1939 2386 2002 2429 jam
2024 2389 2075 2421 sae-

1204 2431 1342 2475 pedixi,
1369 2434 1510 2466 vocesin
1524 2434 1610 2467 recto
1636 2435 1965 2479 significantomnem
1981 2436 2073 2472 illam

1202 2493 1272 2516 rem
1286 2506 1297 2522 ,
1321 2483 1362 2517 de
1373 2493 1436 2525 qua
1447 2483 1637 2517 affirmative
1650 2484 1873 2519 verificantur:
1900 2487 1991 2530 atqui
2004 2484 2073 2522 haec

1202 2543 1267 2565 vox
1288 2532 1464 2565 intellec‘lum
1478 2533 1666 2567 affirmative
1679 2535 1860 2570 verificatur
1870 2536 1911 2571 de
1924 2537 2071 2581 negatio·

1206 2582 1322 2616 nibus:
1349 2583 1395 2616 uti
1408 2593 1492 2626 patet
1507 2584 1539 2616 in
1564 2582 1653 2617 hisce
1665 2584 1967 2626 praedicationibus,
1992 2592 2072 2621 caect-

1203 2642 1252 2665 tas
1265 2632 1303 2673 est
1327 2632 1495 2670 intelle-Ba,
1522 2639 1640 2676 negatio
1661 2633 1787 2669 hominis
1798 2636 2009 2678 estimellecra,
2033 2637 2072 2677 est

1201 2692 1337 2724 concepta
1349 2707 1360 2722 ,
1384 2683 1441 2716 (σε.
1465 2683 1555 2727 Ergo
1573 2684 1634 2717 illae
1645 2695 1738 2718 voces
1751 2687 1930 2720 intelleelum
1943 2711 1954 2728 ,
1978 2699 2072 2720 conce-

1199 2740 1302 2774 ptum,
1328 2734 1387 2766 (rc.
1414 2733 1446 2765 in
1471 2734 1578 2773 reiro,
1605 2745 1641 2767 ac
1660 2733 1701 2769 de
1720 2736 2071 2780 materialisignificant

1204 2782 1410 2826 negationes.
1437 2785 1481 2814 Et
1491 2782 1678 2825 confirmatur
1694 2797 1705 2817 .-
1728 2785 1816 2832 Qia
1831 2783 1878 2818 hae
1889 2791 2071 2819 vocesirra·

1202 2834 1311 2865 tionale
1331 2856 1342 2872 ‚
1368 2831 1571 2876 immensum,
1591 2833 1716 2876 simplex
1741 2859 1752 2875 ,
1777 2846 1888 2876 unum,
1914 2838 1972 2870 &a
1998 2836 2072 2870 sunt

1204 2893 1296 2916 voces
1309 2883 1464 2926 positivae;
1495 2884 1527 2916 δε
1552 2893 1659 2917 tamen
1672 2885 1771 2919 etiam
1783 2886 1964 2931 fignificant
1976 2896 2072 2930 nega-

1202 2934 1327 2966 tionem
1342 2933 1550 2967 secundarid:
1578 2945 1657 2978 ergo
1679 2946 1773 2969 voces
1788 2936 1929 2979 positivae
1939 2937 2072 2979 possunt

1203 2982 1390 3016 secundario
1411 2983 1590 3028 significare
1615 2986 1844 3028 negationem.
1871 2985 1932 3020 Sed
1952 2986 1993 3021 de
2003 2983 2069 3020 hoc

1201 3033 1306 3067 statim
1320 3033 1409 3076 plura
1422 3057 1430 3066 .

1256 3093 1311 3128 13.
1340 3084 1474 3116 secunda
1488 3084 1692 3117 antecedentis
1700 3087 1879 3127 principalis
1887 3094 1964 3129 pars
1981 3091 2070 3120 etiam

1198 3133 1366 3173 probatur.-
1392 3132 1480 3178 Quia
1507 3143 1601 3167 voces
1621 3146 1734 3177 caecus,
1762 3138 1895 3177 surdus,
1923 3137 2068 3177 claudus,

1201 3184 1258 3216 (σε.
1269 3184 1343 3216 sunt
1357 3192 1451 3216 voces
1462 3183 1639 3226 negativae:
1666 3186 1713 3218 uti
1735 3187 1922 3221 concedunt
1935 3197 2069 3221 omnes.

1202 3233 1306 3275 Atqui
1326 3230 1373 3265 hae
1399 3242 1494 3265 voces
1514 3232 1554 3266 de
1567 3235 1722 3268 materiali
1735 3237 1916 3281 fignifica'nt
1927 3238 2069 3281 aliquam

1199 3282 1367 3315 entitatem
1391 3282 1581 3323 positivam,
1610 3295 1646 3318 ac
1667 3286 1738 3319 vere
1761 3287 1873 3319 realem
1889 3301 1900 3320 :
1926 3298 2006 3332 ergo
2016 3298 2073 3320 vo-

1199 3343 1250 3365 ces
1272 3331 1430 3374 negativae
1440 3331 1480 3365 de
1491 3334 1647 3367 materiali
1659 3359 1670 3375 ,
1698 3347 1734 3368 ac
1751 3336 1939 3370 secundario
1951 3336 2071 3382 signifi·

1199 3392 1270 3414 care
1293 3381 1422 3423 possunt
1445 3383 1614 3417 entitatem
1640 3386 1805 3428 positivam
1821 3411 1828 3418 .
1856 3389 1948 3421 Patet
1957 3393 2070 3420 minor:

1199 3431 1287 3476 Quia
1299 3441 1392 3465 voces
1405 3431 1560 3466 concretae
1583 3433 1624 3468 de
1636 3435 1795 3469 materiali
1805 3436 1984 3479 significant
2000 3438 2031 3469 su
2038 3434 2073 3467 b-

1197 3482 1314 3526 jectutn
1327 3482 1436 3516 formae
1447 3480 1464 3514 a
1477 3483 1507 3516 se
1520 3483 1742 3528 principaliter
1754 3486 1957 3531 fignificatae:
1977 3483 2069 3527 atqui

1927 3534 2027 3576 subje-
