2384 3770
440 192 604 251 Qun>
656 186 750 231 Sir
805 183 924 230 Vox
973 183 1137 227 Palm.

262 272 430 308 formales.
457 271 605 306 Secunda
633 269 709 304 vero
735 267 875 303 intentio
901 265 1058 308 objectiva
1084 266 1127 300 est

261 322 492 357 denominatio
519 321 664 366 quaedam
690 318 782 353 rebus
800 318 1000 350 conveniens
1027 327 1066 348 ex
1080 327 1129 349 ac-

259 373 349 407 tibus
374 371 475 407 nostri
503 371 683 406 intellectus
708 377 800 401 certo
828 366 929 400 modo
949 365 1034 399 circa
1060 365 1130 399 illas

261 424 434 462 versantis,
461 433 491 456 v.
519 433 550 466 g.
573 422 635 454 effe
661 416 853 450 universales
882 440 892 455 ‚
919 416 980 449 effe
1005 426 1129 459 genus,

259 474 324 508 effe
336 471 495 517 speciem,
520 472 581 505 effe
592 467 795 511 praedicatum
810 490 820 505 ‚
846 466 908 499 esse
935 464 1129 508 subjeetum.-

260 523 369 557 sivein
381 521 536 557 abstracto
548 543 560 559 ,
585 516 807 551 universalitas
821 539 831 556 ‚
843 516 1021 559 gener-citas
1031 541 1041 555 ‚
1068 517 1131 558 spe-

260 574 380 613 cietas‚
406 568 592 615 praedicatio
612 590 623 606 ,
654 565 804 612 subjectio
828 590 838 605 ‚
866 566 899 599 ἀ
924 565 987 599 alia
1013 565 1048 599 id
1076 576 1125 609 ge-

259 634 322 657 nus
348 620 397 654 his
422 618 558 656 similia,
584 627 741 650 vocantur
767 616 1129 649 secundaeintentiones

257 671 417 714 objectiva
427 693 433 699 .
445 667 511 702 Res
522 667 611 701 enim
625 677 692 700 non
707 668 780 700 sunt
792 665 967 709 subjectum
979 676 1034 700 aut
1057 677 1128 709 prae‘

258 721 424 760 dicatum,
454 730 513 752 nec
539 728 642 762 genus
653 726 708 750 aut
735 717 871 760 species:
902 717 964 749 sive
991 726 1038 749 res
1061 727 1127 749 non

259 771 421 814 recipiunt
447 766 754 802 denominationem
769 765 932 809 praedicati
949 788 959 804 ‚
983 764 1130 807 subjecti,

261 821 410 866 generiS,
437 817 577 862 speciei,
604 817 667 850 ἃς.
696 816 753 849 nisi
766 815 940 849 abaffibus
965 814 1065 848 nostri
1083 816 1130 848 in-

258 870 402 905 «enectus
412 878 499 901 certo
511 867 612 901 modo
621 866 707 899 circa
718 865 775 898 illa
789 865 944 898 versantis
956 877 966 897 .·
981 864 1129 908 adeoque

259 920 324 955 iste
335 917 621 953 denominationes
633 923 790 948 vocantur
803 914 947 948 secundm
975 914 1127 947 intentio-

260 981 319 1005 nes
328 968 493 1012 objeffivae
503 992 511 1000 .
540 964 728 999 Actusvero
740 964 933 1004 intellectus,
951 963 1069 1005 quibus
1080 964 1127 998 de·

259 1019 507 1055 nominationes
519 1016 593 1049 istas
603 1015 822 1057 concipimus,
848 1014 965 1056 quibus
979 1024 1039 1057 v.g.
1053 1025 1128 1048 con·

258 1071 400 1114 cipimus
426 1066 471 1101 rei
499 1064 788 1110 praedicationem,
813 1074 868 1097 aut
885 1063 1130 1107 subjectionem,

259 1119 536 1154 universalitatem
547 1141 557 1156 ‚
570 1116 777 1159 specietatem
787 1139 798 1155 ‚
811 1124 867 1148 aut
877 1115 1124 1159 genereitatem:

259 1168 380 1214 quibus
406 1167 612 1209 concipimus
638 1176 706 1199 rem
732 1165 875 1207 aliquam
903 1165 966 1198 effe
987 1163 1129 1206 praedica·

260 1231 334 1254 tum
362 1219 413 1252 vel
439 1216 613 1259 subjeetum
639 1239 650 1255 ,
677 1215 744 1249 esse
769 1224 871 1259 genus
894 1213 945 1247 vel
968 1215 1103 1258 speciem
1119 1238 1130 1254 ,

260 1270 323 1302 ἀς.
345 1269 418 1306 Hi,
441 1268 598 1308 inquam,
623 1266 710 1298 astus
736 1273 896 1299 vocantur
921 1264 1065 1299 secunda:
1084 1263 1129 1297 in·

259 1318 425 1353 tentiones
437 1315 589 1349 formales
601 1339 608 1347 .

315 1377 366 1403 10.
396 1368 456 1400 Sed
471 1365 592 1398 dubium
615 1362 662 1396 bic
682 1369 822 1399 occurrit:
850 1364 1020 1414 Qidnam
1036 1363 1070 1397 in
1097 1375 1130 1396 re

260 1419 325 1453 {int
346 1417 405 1451 illae
427 1415 571 1450 secundae
594 1415 797 1448 intentiones
810 1416 1000 1458 objestivae?
1023 1413 1127 1461 Qid·

258 1479 340 1503 nam
361 1469 395 1500 in
419 1477 451 1499 re
470 1465 507 1499 fit
531 1466 592 1498 elle
613 1475 719 1508 genus
741 1466 788 1497 vel
815 1467 976 1507 speciem,
1000 1465 1062 1496 effe
1082 1465 1126 1496 su-

259 1517 400 1561 bjectum
424 1516 474 1549 vel
496 1514 726 1558 praedicatum?
746 1514 916 1560 Qidnam
931 1515 962 1547 in
977 1525 1010 1548 re
1020 1514 1055 1547 fit
1076 1525 1129 1558 ge-

257 1569 402 1603 mereitas
413 1589 424 1605 ,
443 1564 597 1609 specietas
611 1587 622 1603 ‚
646 1562 830 1604 praedicatio
842 1589 851 1605 ‚
874 1564 1027 1606 subjectio
1042 1588 1052 1603 ‚
1068 1566 1127 1598 &o

260 1616 449 1652 Thomistae
471 1624 588 1659 putant
607 1610 675 1645 haec
696 1615 809 1647 omnia
830 1615 893 1649 effe
915 1615 1003 1648 entia
1034 1615 1129 1648 ratio-

259 1669 314 1703 nis
336 1667 408 1701 ficta
432 1690 443 1707 ‚
465 1664 557 1699 rebus
576 1664 593 1697 a
618 1672 705 1706 parte
730 1663 774 1697 rei
801 1664 1015 1698 existentibus
1035 1662 1051 1695 a
1074 1676 1128 1698 no·

258 1719 327 1753 stro
348 1716 513 1751 intellestu
525 1715 625 1748 affissa
640 1738 647 1745 .
677 1712 873 1749 Nominales
893 1714 969 1749 vero
989 1713 1030 1747 ab
1042 1712 1130 1747 hisce

256 1767 391 1802 entibus
411 1764 546 1800 rationis
566 1763 647 1797 fistis
670 1761 847 1799 abhorrent
868 1765 1038 1807 plusquam
1052 1764 1130 1797 toti:

257 1818 380 1852 volunt
400 1816 479 1861 ergo
501 1813 566 1849 haec
589 1813 702 1847 omnia
722 1814 785 1849 effe
806 1815 893 1849 entia
913 1814 985 1849 vere
1014 1814 1129 1854 realia,

264 1865 616 1909 denominationesque
639 1862 712 1897 vere
732 1864 832 1900 reales
853 1890 860 1898 .
890 1866 933 1900 Et
956 1875 1037 1908 puto
1057 1863 1130 1897 sane

259 1930 317 1962 per
337 1918 451 1951 omnia
474 1927 531 1951 eos
553 1925 624 1949 vera
644 1913 753 1949 dicere
776 1940 784 1948 .
821 1915 914 1949 Nolo
931 1925 1040 1949 tamen
1065 1914 1131 1947 haec

260 1968 374 2000 omnia
396 1966 451 1999 hic
473 1966 658 1999 examinare
677 1987 687 2002 ‚
725 1962 848 1997 habent
867 1965 956 1997 enim
979 1965 1034 1995 sua
1056 1963 1127 1994 loca

261 2015 319 2049 fibi
341 2015 446 2059 magis
471 2014 618 2057 propria,
644 2012 700 2045 De
721 2023 838 2056 genere
854 2012 954 2058 ergo,
978 2010 1082 2055 specie
1098 2023 1126 2044 u-

260 2064 413 2100 niversali
423 2063 554 2104 ,&c.hic
566 2060 651 2096 nihil
664 2059 770 2095 dicam
783 2065 890 2107 plane,
902 2063 942 2097 de
956 2060 1128 2106 praedicato

259 2115 295 2148 &
314 2114 454 2156 subjesto
464 2110 587 2154 aliquid
599 2109 778 2151 attingam:
806 2113 897 2154 spero
916 2113 1020 2149 enim,
1037 2109 1126 2152 quod

269 2164 325 2198 hic
337 2164 429 2197 locus
441 2160 518 2195 huic
530 2159 655 2202 objecto
673 2167 738 2190 non
758 2158 796 2193 fit
808 2159 902 2203 plane
912 2160 1127 2203 importunus.

310 2224 363 2249 11-
392 2208 723 2252 numaque-secunda.-
750 2209 904 2243 Secundae
922 2208 1127 2243 intentiones

258 2263 427 2305 objeffivae
453 2263 527 2294 sunt
550 2259 638 2292 entia
651 2259 722 2291 vere
744 2257 863 2297 realia,
883 2258 1125 2292 denominatio·

261 2313 382 2353 nesque
395 2309 466 2344 vere
476 2307 577 2343 reales
586 2332 593 2339 .
624 2307 802 2340 Conclusio
814 2304 881 2339 haec
892 2307 1017 2350 probari
1032 2305 1124 2341 debet

260 2360 470 2396 discurrendo
490 2368 546 2402 per
570 2357 714 2400 singulas
734 2355 888 2389 secundas
911 2357 1122 2390 intentiones:

260 2412 317 2455 qui
341 2411 501 2444 discursus
524 2407 578 2441 hic
599 2417 669 2440 non
702 2407 784 2440 foret
804 2415 1007 2449 opportunus
1026 2430 1034 2437 .
1072 2408 1124 2440 De

258 2471 379 2505 genere
399 2470 479 2504 ergo
504 2457 537 2491 &
564 2457 671 2500 specie
686 2479 698 2497 ,
719 2456 761 2490 de
772 2456 964 2497 universali,
988 2455 1122 2499 aliisque

258 2509 420 2544 similibus
443 2508 498 2542 hic
521 2508 687 2549 suppono;
711 2506 752 2540 de
772 2506 945 2549 praedicato
967 2506 999 2539 δε
1023 2506 1122 2548 subje-

257 2562 313 2594 do
333 2560 374 2593 fic
384 2557 506 2602 probo:
533 2554 622 2604 Qia
635 2555 690 2589 illa
711 2555 941 2590 denominatio
961 2556 1006 2589 est
1030 2557 1123 2590 realis

258 2622 329 2655 quae
349 2610 383 2643 ἀ
411 2609 452 2642 de
474 2606 605 2642 formali
625 2631 636 2647 ,
665 2606 698 2639 &
719 2604 761 2639 de
782 2605 938 2640 materiali
969 2606 1120 2648 importat

258 2659 387 2700 aliquid
409 2658 479 2690 vere
503 2656 587 2689 reale
605 2666 614 2685 :
649 2666 723 2689 nam
754 2656 794 2689 ad
826 2656 912 2697 hoc,
933 2665 969 2690 ut
988 2655 1120 2699 aliquod

257 2708 487 2754 praedicatum,
511 2706 564 2739 seu
585 2705 694 2746 aliqua
724 2703 952 2738 denominatio
978 2707 1026 2739 vel
1051 2717 1121 2748 prae-

256 2761 401 2793 dicatum
424 2757 583 2795 rationis,
609 2754 705 2789 debet
717 2755 768 2787 vel
789 2755 829 2788 de
849 2755 1000 2794 formali,
1016 2756 1068 2789 vel
1081 2756 1120 2790 de

256 2808 415 2844 materiali
437 2807 618 2852 significare
639 2803 772 2848 aliquod
794 2814 850 2837 ens
872 2805 1008 2837 rationis
1033 2829 1040 2835 .
1063 2806 1119 2840 At-

256 2859 313 2902 qui
337 2858 383 2891 hae
398 2856 684 2892 denominationes
701 2855 752 2898 effe
769 2855 970 2896 praedicatum
984 2877 994 2893 ‚
1015 2854 1120 2897 essesu-

256 2909 403 2950 bjeffum,
435 2916 540 2950 neque
559 2905 600 2940 de
621 2905 773 2944 formali,
799 2915 902 2945 neque
924 2904 965 2936 de
978 2905 1118 2938 materia·

256 2959 282 2993 li
305 2959 483 3001 important
504 2966 562 2990 ens
581 2954 716 2989 rationis
730 2956 862 2996 fictum3
880 2952 935 2987 sed
948 2953 1120 2997 utrobique

254 3009 434 3052 important
454 3019 512 3041 ens
532 3005 603 3047 vere
621 3007 719 3040 reale:
747 3016 827 3049 ergo
846 3016 913 3038 non
937 3004 1067 3046 potsunt
1078 3006 1120 3038 es-

254 3061 288 3093 se
306 3057 594 3092 denominationes
615 3055 770 3095 rationis,
799 3054 850 3088 sed
865 3055 938 3087 sunt
961 3052 1034 3087 vere
1056 3065 1120 3088 rea—

255 3108 320 3141 les.
349 3108 497 3141 Probatur
516 3106 634 3140 minor.-
653 3106 742 3153 Qia
770 3104 817 3138 hae
835 3103 1120 3138 denominationes

254 3157 308 3200 effe
326 3155 490 3198 subjecffum
506 3181 516 3198 ,
544 3160 594 3201 effe
610 3159 831 3199 praedicatum,
859 3154 900 3187 de
912 3153 1069 3188 materiali
1083 3155 1119 3188 fi-

253 3207 414 3252 gnificant
425 3219 506 3247 rem,
526 3218 594 3250 quae
615 3207 814 3250 praedicatur,
835 3204 966 3244 &rem,
993 3215 1061 3247 quae
1073 3205 1119 3238 su-

253 3256 464 3297 biicitur;de
491 3256 620 3291 formali
645 3256 719 3291 vero
742 3257 922 3299 important
943 3254 987 3287 rei
1010 3254 1116 3298 praedi-

254 3307 420 3341 cationem
433 3306 728 3349 &subjectionem
749 3307 830 3339 sicut
851 3303 950 3336 album
961 3303 1001 3338 de
1023 3314 1118 3338 mate·

254 3358 326 3390 riali
348 3367 415 3389 rem
439 3356 566 3397 albam3
588 3356 628 3390 de
649 3357 780 3391 formali
800 3354 876 3388 vero
896 3357 1046 3396 importat
1075 3355 1118 3388 al-

256 3405 408 3440 bedinem
422 3431 429 3438 .
458 3407 663 3440 Praedicatum
684 3408 802 3451 quippe
820 3407 853 3439 ὅ(
868 3403 1033 3449 subjec‘lum
1045 3405 1118 3439 sunt

256 3466 353 3490 voces
373 3466 531 3491 concretae
551 3467 560 3498 3
585 3467 653 3499 quae
672 3455 712 3492 de
734 3456 863 3491 formali
887 3456 1025 3488 formam
1048 3479 1058 3495 ,
1078 3455 1119 3488 de

259 3505 418 3539 materiali
435 3507 702 3548 veroimportant
715 3508 825 3541 formae
847 3505 1038 3549 subiectum·
1063 3504 1136 3539 Ae·

332 3553 435 3594 christ.
462 3559 540 3599 Lupi
552 3560 649 3599 Opera
671 3560 751 3591 Tom.
762 3559 793 3589 X
798 3561 834 3589 11.

1189 183 1346 246 an
1396 180 1520 224 Vox
1571 181 1687 226 Sec.
1736 183 1855 228 ΙΝτ.
1927 198 2022 241 203

1191 264 1247 310 qui
1269 272 1336 298 tam
1347 273 1395 297 res
1417 262 1626 306 praedicata&
1673 266 1805 309 subiecta
1825 294 1836 310 ,
1867 279 1964 311 quam
1986 267 2055 311 ejus

1191 314 1372 359 praedicatio
1390 314 1423 347 &
1444 312 1617 357 subjectio,
1641 315 1713 347 sunt
1734 319 1820 351 entia
1844 318 1915 352 vere
1929 319 2026 352 realia
2042 329 2055 351 .·

1190 363 1269 408 ergo
1291 362 1355 397 issae
1371 364 1658 398 denominationes
1692 373 1733 396 ex
1765 376 1851 407 parte
1888 368 2055 411 utriusque

1191 414 1362 459 significati
1385 414 1458 447 sunt
1479 414 1552 448 vere
1570 413 1684 446 reales.

1243 472 1294 498 12.
1321 466 1418 496 Minor
1435 464 1522 504 hujus
1546 468 1711 507 argumenti
1730 465 1828 505 quoad
1848 471 1979 505 primam
2006 466 2052 510 sui

1185 521 1322 557 partem,
1346 513 1434 557 quod
1455 514 1579 548 scilicet
1604 523 1653 547 res
1672 513 1840 555 praedicata
1862 516 1895 547 ἀ
1923 516 2056 557 sublesta

1189 566 1223 598 fit
1245 564 1323 606 quid
1348 562 1419 597 vere
1441 565 1546 605 reale,
1565 563 1603 603 est
1625 563 1730 596 clara.
1758 563 1846 595 Nam
1871 574 1918 597 res
1952 567 2058 606 praedi-

1189 625 1264 648 catae
1282 614 1316 647 ὅ(
1335 613 1478 655 subjestae
1500 615 1572 648 sunt
1594 612 1730 653 Petrus,
1753 612 1874 646 Paulus
1889 638 1900 653 ,
1928 611 2032 647 homo
2045 638 2057 654 ,

1189 664 1330 703 animal,
1352 664 1489 704 risibile,
1513 661 1718 706 Bucephalus
1731 688 1741 703 ,
1760 674 1863 705 equus
1876 687 1885 702 ‚
1911 662 2056 703 brutum,

1191 712 1376 753 hinnibile,
1403 715 1436 747 ὅ(
1460 713 1510 747 his
1530 713 1665 747 fimilia:
1684 725 1753 756 quae
1773 714 1886 747 omnia
1911 715 2063 747 suntma·

1193 763 1306 798 nifesse
1328 763 1442 797 realia.
1475 765 1576 798 Altera
1596 768 1717 796 minoris
1733 771 1809 804 pars
1826 788 1835 804 ,
1856 762 1943 806 quod
1964 763 2061 796 nimi=

1190 825 1260 847 rum
1272 814 1368 848 etiam
1381 813 1607 855 praedicatio&
1621 813 1774 857 subjefflo
1785 813 1845 847 fint
1867 815 1978 847 forma:
1997 824 2061 847 rea-

1191 865 1236 897 les
1249 889 1259 903 ,
1284 863 1322 904 est
1347 866 1428 905 aque
1448 865 1530 896 clara
1543 877 1554 897 .-
1579 864 1655 907 quia
1671 862 1856 906 praedicatio
1867 863 1911 897 est
1925 863 2060 905 alicujus

1190 914 1230 947 de
1252 914 1363 957 aliquo
1377 914 1549 948 affirmatio
1563 915 1611 947 vel
1626 914 1778 958 negatio:
1806 913 1950 947 similiter
1971 913 2066 947 &su-

1192 963 1306 1006 bjec‘iio
1318 963 1361 996 est
1376 964 1510 1006 alicujus
1526 964 1565 998 de
1577 965 1688 1007 aliquo
1701 964 1875 998 affirmatio
1897 963 1947 997 vel
1969 974 2063 1008 nega-

1193 1015 1261 1047 tio.
1293 1013 1582 1056 Atquiaffirmatio
1605 1016 1639 1049 ὃ(
1661 1014 1795 1059 negatio
1818 1025 1886 1048 non
1909 1014 1981 1048 sunt
2009 1024 2063 1047 en-

1191 1062 1236 1097 tia
1262 1063 1396 1097 ratiouis
1427 1064 1497 1096 ficta
1520 1075 1528 1105 3
1563 1065 1616 1098 sed
1639 1065 1727 1098 entia
1750 1063 1819 1097 vere
1838 1064 1960 1098 realia.-
1987 1065 2062 1097 sunt

1192 1113 1279 1147 enim
1308 1113 1408 1147 reales
1432 1113 1603 1156 qualitates
1624 1137 1635 1153 ,
1668 1114 1703 1148 δι
1734 1115 1835 1147 reales
1858 1114 2062 1156 operationes

1194 1163 1391 1197 intellectus.
1420 1161 1510 1207 Ergo
1534 1163 1717 1206 praedicatio
1739 1163 1773 1196 &
1797 1163 1947 1206 subjectio
1987 1165 2064 1197 sunt

1193 1214 1291 1246 etiam
1314 1213 1403 1247 entia
1424 1214 1495 1247 vere
1517 1213 1633 1247 realia.
1659 1213 1709 1246 Ex
1736 1223 1803 1255 quo
1815 1211 1975 1255 fit‚qu0d
1987 1224 2067 1256 prae-

1192 1263 1356 1296 dicatio&
1369 1263 1524 1304 subjectio
1539 1264 1601 1297 sint
1614 1262 1724 1296 eadem
1738 1274 1796 1296 res:
1811 1264 1883 1296 sunt
1897 1263 1994 1296 unica
2009 1273 2068 1296 nu·

1193 1324 1284 1347 mero
1300 1314 1403 1347 forma
1417 1314 1488 1347 solo
1508 1314 1691 1347 extrinseco
1715 1323 1899 1346 connotato
1921 1310 2042 1346 diversa
2059 1324 2070 1355 3

1193 1363 1345 1406 adeoque*
1353 1361 1402 1396 hae
1413 1361 1482 1396 duae
1492 1374 1586 1397 voces
1597 1373 1756 1397 concretae
1764 1364 1963 1405 praedtcatum
1976 1362 2009 1395 ἀ
2017 1361 2069 1405 su·

1193 1413 1323 1454 hjec‘lum
1334 1437 1345 1453 ‚
1359 1413 1437 1447 licet
1449 1413 1646 1456 quandoque
1657 1414 1763 1447 forsan
1777 1412 2019 1457 distinguantur
2032 1413 2068 1445 in

1193 1463 1381 1508 significatis
1403 1464 1493 1497 rectis
1503 1476 1541 1497 ac
1552 1462 1968 1504 materialibus3nullatenus
1982 1462 2070 1496 tame

1193 1514 1318 1548 differfit
1332 1512 1365 1546 in
1380 1513 1442 1547 suis
1454 1514 1642 1557 significatis
1652 1513 1796 1555 obliquis
1818 1525 1854 1547 ac
1868 1512 2072 1547 formalibus.

1248 1562 1391 1607 13.Nam
1403 1564 1465 1596 effe
1477 1561 1679 1604 praedicatum
1694 1562 1780 1595 ideui
1790 1562 1936 1605 estzquod
1948 1563 2009 1595 esse
2030 1562 2072 1595 de

1195 1615 1263 1648 alio
1277 1613 1486 1654 affirmatum3
1498 1612 1530 1645 &
1543 1611 1747 1655 praedicatum
1764 1611 1849 1645 idem
1862 1611 2012 1654 est,quod
2025 1622 2071 1644 res

1195 1665 1234 1698 de
1243 1664 1305 1697 alia
1319 1674 1351 1696 re
1361 1663 1518 1696 affirmata
1529 1687 1538 1702 ,
1557 1663 1608 1696 seu
1622 1673 1669 1696 res
1680 1659 1801 1695 habens
1816 1662 1859 1694 sui
1878 1661 2071 1695 affirmatio-

1197 1725 1271 1748 nem
1288 1713 1329 1746 de
1338 1713 1399 1746 alia
1412 1724 1464 1746 re:
1488 1713 1521 1746 ὅ(
1534 1713 1595 1746 effe
1621 1712 1794 1755 subjectum
1819 1712 1862 1746 est
1875 1712 1937 1745 effe
1948 1712 2000 1752 id,
2030 1712 2071 1745 de

1195 1777 1262 1808 quo
1283 1763 1374 1796 aliud
1395 1764 1601 1804 affirmatur;
1624 1763 1657 1797 ὅ(
1680 1762 1851 1805 subjectum
1863 1761 1907 1796 est
1933 1772 1998 1800 res,
2027 1760 2069 1795 de

1194 1826 1257 1858 qua
1271 1814 1334 1846 alia
1346 1823 1393 1846 res
1403 1814 1583 1847 affirmatur
1596 1838 1607 1854 ,
1636 1814 1689 1846 seu
1703 1813 1747 1846 est
1759 1823 1806 1846 res
1822 1811 1942 1845 habens
1955 1811 1999 1844 sui
2014 1811 2071 1845 sub

1194 1864 1255 1898 alia
1269 1874 1301 1897 re
1313 1862 1544 1906 subjectionem
1559 1888 1566 1895 .
1596 1864 1701 1906 Atqui
1715 1873 1769 1906 per
1779 1862 1915 1895 eandem
1929 1872 2069 1896 numero

1194 1916 1331 1948 formam
1348 1937 1359 1952 ,
1387 1924 1439 1954 per
1450 1913 1591 1946 eundem
1607 1910 1935 1944 numerointellestus
1948 1912 2069 1952 aslum,

1194 1973 1260 2005 quo
1272 1962 1423 1994 nnumde
1433 1962 1498 1994 alio
1511 1961 1689 1995 affirmatur
1703 1986 1713 2003 ,
1744 1962 1842 1994 etiam
1857 1973 1959 1995 unum
1972 1962 2070 1996 alteri

1195 2010 1362 2044 subiicitur
1384 2035 1395 2051 ‚
1422 2022 1451 2044 v.
1485 2022 1515 2055 g.
1539 2022 1592 2054 per
1615 2010 1754 2044 eundem
1777 2022 1914 2045 numero
1938 2014 2066 2045 atium:

1194 2072 1259 2102 quo
1283 2058 1387 2093 horno
1401 2060 1442 2093 de.
1463 2059 1561 2092 Petro
1586 2060 1781 2100 affirmatur,
1809 2061 1923 2095 Petrus
1936 2060 2068 2096 homini

1194 2109 1381 2142 subiicitur.
1410 2108 1499 2151 Ergo
1521 2108 1706 2148 praedicatio
1727 2133 1737 2148 ,
1765 2111 1797 2142 ὅ(
1819 2111 1970 2153 Γυὶήεέὶὶο
1993 2113 2069 2146 sunt

1194 2158 1280 2192 idem
1316 2168 1452 2191 numero
1487 2159 1574 2190 astus
1597 2157 1667 2191 solo
1698 2168 1882 2193 connotato
1905 2161 2069 2195 diversus.

1192 2208 1260 2242 Hic
1302 2209 1390 2241 aetus
1410 2208 1499 2240 enim
1513 2231 1524 2246 ‚
1545 2208 1705 2250 quatenus
1715 2219 1923 2252 comparatur
1934 2211 1972 2244 ad
1986 2223 2071 2253 rem,

1191 2270 1260 2301 quae
1285 2257 1327 2290 de
1353 2256 1416 2290 alia
1444 2257 1622 2289 affirmatur
1645 2281 1656 2295 ,
1683 2268 1820 2292 vocatur
1847 2260 2034 2301 praedicatio
2051 2274 2066 2303 ;

1191 2316 1395 2349 comparatus
1433 2305 1510 2338 vero
1538 2305 1577 2337 ad
1606 2315 1673 2337 rem
1697 2327 1708 2343 ‚
1732 2306 1776 2339 de
1811 2318 1873 2350 qua
1900 2310 1963 2342 alia
1991 2322 2069 2353 prae-

1191 2357 1319 2390 dicatur
1338 2379 1348 2395 ,
1388 2365 1524 2388 vocatur
1549 2353 1700 2396 subjectio
1724 2366 1732 2386 :
1775 2366 1816 2388 eo
1844 2357 1910 2389 fere
1935 2360 2064 2402 modo,

1190 2418 1255 2449 quo
1279 2406 1360 2439 aetio
1386 2415 1569 2449 comparata
1597 2403 1636 2437 ad
1668 2415 1764 2448 agens
1792 2416 1925 2440 vocatur
1950 2409 2064 2451 actio,

1188 2466 1370 2499 comparata
1398 2455 1472 2490 vero
1499 2455 1538 2488 ad
1567 2454 1740 2497 subjectum
1769 2465 1905 2490 vocatur
1931 2459 2030 2500 paffio
2056 2471 2067 2492 :

1188 2506 1331 2549 adeoque
1358 2504 1407 2539 hae
1433 2506 1503 2540 duae
1532 2515 1628 2539 voces
1655 2514 1814 2539 concretae
1835 2508 2065 2550 predicatum,

1186 2556 1218 2589 ὅς
1241 2555 1406 2599 [ιιόῘεδΐανη
1426 2580 1437 2596 ,
1474 2555 1550 2589 licet
1587 2555 1694 2588 forsan
1723 2557 1922 2602 quandoque
1947 2558 2064 2592 distin-

1185 2617 1326 2650 guantur
1351 2606 1384 2639 in
1419 2607 1475 2639 suo
1501 2606 1684 2649 significato
1711 2607 1869 2640 materiali
1886 2620 1900 2649 ;
1940 2607 2066 2651 semper*

1187 2667 1295 2689 tamen
1323 2655 1566 2689 identificantur
1592 2654 1624 2687 in
1653 2656 1710 2687 suo
1736 2656 1921 2700 significato
1944 2659 2066 2692 forma—

1186 2706 1229 2739 li.
1257 2705 1318 2740 Sed
1344 2705 1386 2739 de
1411 2716 1478 2740 tota
1508 2705 1570 2739 hac
1598 2705 1732 2739 materia
1754 2705 1861 2740 dicam
1887 2709 2059 2751 exprofes-

1187 2757 1220 2789 so
1246 2756 1335 2799 plura
1362 2756 1395 2789 in
1424 2755 1562 2799 Logica.

1238 2816 1287 2851 14.
1314 2808 1368 2839 Ex
1391 2817 1449 2848 quo
1462 2805 1594 2848 sequitur
1621 2817 1630 2841 :
1657 2806 1759 2853 Qod
1783 2806 1919 2842 secunda
1941 2805 2056 2842 inten-

1185 2857 1234 2889 tio
1256 2856 1414 2899 objectiva
1434 2857 1466 2889 in
1492 2868 1523 2889 re
1545 2855 1582 2889 fit
1608 2856 1701 2898 plane
1722 2858 1755 2891 ἀ
1780 2859 1921 2892 omnino
1944 2857 2031 2893 idem
2046 2884 2061 2900 ‚

1185 2906 1272 2947 quod
1296 2907 1397 2950 prima
1422 2905 1561 2940 intentio
1583 2905 1752 2943 formalisz
1777 2919 1806 2942 v.
1817 2920 1847 2953 g.
1868 2909 2056 2943 universali-

1184 2967 1230 2989 tas
1253 2967 1290 2989 ac
1318 2956 1483 2999 specieitas
1504 2954 1664 2989 hominis.-
1696 2956 1774 2991 item
1794 2959 1882 2992 illius
1909 2958 2055 3001 praedica·

1183 3007 1230 3039 tio
1253 3006 1286 3039 ὅ(
1301 3006 1452 3049 subjeffio
1466 3006 1539 3039 sunt
1552 3006 1785 3048 respectuillius
1797 3009 1899 3052 prima
1914 3009 2060 3043 intentio

1183 3056 1346 3096 formalis,
1372 3067 1409 3090 ac
1432 3057 1531 3089 etiam
1557 3055 1695 3089 secunda
1718 3057 1860 3092 intentio
1877 3057 2055 3101 objectiva.

1184 3106 1271 3139 Nam
1297 3107 1398 3149 prima
1421 3103 1565 3140 intentio
1583 3107 1731 3140 formalis
1751 3109 1795 3141 est
1814 3110 1900 3142 astus
1921 3108 2055 3151 quidam

1184 3156 1367 3190 intellectus
1381 3181 1392 3196 ‚
1419 3166 1486 3199 quo
1505 3154 1674 3189 hominem
1687 3180 1697 3197 ,
1723 3156 1943 3200 lapidem,aut
1954 3159 2053 3193 aliam

1184 3206 1333 3248 quamvis
1361 3215 1427 3238 rem
1448 3204 1676 3248 concipimus:
1702 3209 1791 3252 atqui
1812 3208 1997 3251 praedicatio
2018 3208 2055 3243 dc

1183 3255 1357 3298 subjectio,
1384 3264 1419 3288 ut
1435 3254 1502 3297 jam
1524 3256 1634 3296 paucis
1656 3256 1745 3300 dixi3
1772 3258 1849 3291 item
1867 3258 2053 3292 universali-

1183 3315 1252 3343 tas,
1279 3304 1465 3346 specieitas‚
1493 3305 1692 3348 genereitas‚
1718 3309 1781 3341 διε.
1805 3319 1841 3341 ut
1853 3306 1957 3342 dicam
1975 3308 2055 3342 alias

1185 3355 1240 3387 suo
1252 3353 1345 3394 loco,
1373 3354 1446 3387 sunt
1469 3357 1555 3388 actus
1567 3354 1698 3399 quidam
1714 3357 1911 3398 intellectus,
1938 3357 2054 3402 quibus

1184 3415 1248 3437 rem
1263 3403 1404 3444 aliquam
1417 3405 1642 3447 concipimus:
1656 3417 1734 3451 ergo
1747 3407 1816 3440 sunt
1831 3408 1938 3450 primae
1951 3407 2055 3441 inten-

1187 3454 1291 3488 tiones
1302 3453 1454 3488 formales
1468 3478 1475 3486 .
1490 3457 1508 3487 5
1511 3465 1619 3497 umque
1631 3455 1864 3498 etiamsecundae
1877 3463 2056 3490 intentiones

1184 3503 1350 3546 objec‘ltvae:
1366 3504 1455 3551 Qia
1469 3504 1606 3540 secunda
1619 3507 1762 3540 intentio
1772 3507 1929 3552 objectiva
1942 3506 1986 3539 est
2000 3505 2055 3539 de·

1638 3555 1659 3589 S
1709 3567 1732 3591 2
1883 3554 1985 3590 nomi·
