2384 3770
393 123 486 167 312
932 106 1245 150 Seci-

353 193 499 235 adeoque
515 201 701 235 mater,quae
712 180 956 235 talemvgesiaret
970 192 1096 232 foerum,
1107 191 1242 236 gestaret

352 245 387 278 in
402 245 460 276 suo
471 252 562 275 utero
585 253 696 276 verum
710 240 836 276 brutum
847 266 854 274 .
884 241 962 287 Qio
975 241 1052 285 quid
1064 242 1129 275 dici
1142 241 1242 283 posset

350 291 518 326 absurdius
530 291 546 322 ?
574 290 648 335 Ego
658 293 742 326 certe
765 292 798 325 in
822 303 955 326 matrem
985 303 1089 326 meam
1114 291 1237 325 nollem

349 340 489 376 effetam
518 340 655 384 injurius
665 367 677 376 .,
699 341 856 385 Similiter
883 343 992 384 planta
1015 341 1060 374 est
1082 341 1238 384 composi·

351 400 424 425 tum
436 404 478 426 ex
491 393 624 436 materia
638 392 671 427 δὲ
682 393 792 426 anima
808 390 935 424 rantum
961 393 1140 435 vegetativa
1156 406 1167 425 :
1194 403 1239 424 er·

350 454 395 486 go
407 443 429 476 si
442 453 542 476 ovum
552 442 592 481 ab
603 443 760 486 ejusmodi
771 442 967 475 informetur
993 442 1102 475 anima
1117 467 1128 483 ,
1156 440 1238 474 nihil

351 492 400 525 illi
412 492 515 526 deerit
527 517 537 532 ‚
564 503 631 536 quo
646 492 755 526 minus
770 493 805 524 sit
820 503 891 524 vera
907 491 1035 533 planta.

400 553 457 590 27.
485 545 601 576 Deinde
626 555 632 574 :
660 543 692 576 Si
718 542 751 574 in
779 552 846 574 ovo
873 540 1016 574 animam
1058 542 1238 576 sensitivam

352 593 540 636 praecederet
550 594 658 627 anima
672 590 850 634 vegetativa
865 614 876 630 ,
903 602 979 634 peto
1000 590 1018 624 a
1044 602 1110 634 quo
1132 592 1237 635 expel-

352 644 438 677 latur
448 643 557 680 anima
572 641 750 685 vegetativa
763 641 1034 675 &introducatur
1046 642 1155 675 anima
1171 644 1238 676 sen-

351 692 466 730 sitiva?
493 693 576 739 Qae
588 690 843 734 hujussensitivae
868 693 987 725 animae
1010 691 1055 724 esi
1079 692 1236 735 principa-

352 743 392 777 lis
402 743 519 777 causa?
547 741 627 775 Non
642 741 784 775 enimest
805 742 915 775 Deus:
945 741 1034 788 Qia
1049 741 1127 774 deus
1149 743 1236 776 ordi·-

351 794 455 826 natias
466 792 692 836 generationes
707 802 773 825 non
799 802 853 834 per
878 793 907 825 se
917 791 994 825 facit
1009 815 1020 831 ‚
1048 790 1124 825 ideo
1147 792 1235 826 enim

350 843 415 877 illis
426 843 466 877 de
489 843 581 876 causa
606 840 777 885 principali
799 852 903 875 creata
925 842 1090 885 providit.
1118 842 1236 886 Neque

348 893 453 937 potest
468 893 530 925 effe
544 893 664 925 coelum
679 916 691 933 ,
702 904 758 927 aut
771 892 904 935 aliquod
918 891 985 934 ejus
996 892 1128 926 astrum:
1144 892 1234 940 Qia

348 944 472 981 solem,
510 940 639 985 aliaque
661 941 741 976 astra
760 942 825 976 scio
843 943 929 985 posse
945 942 1150 984 illuminare;
1178 943 1230 977 sed

348 992 503 1028 animalia
516 1016 526 1031 ,
553 992 815 1034 animaliumque
830 992 990 1028 sensitivas
1003 993 1128 1026 animas
1138 1004 1232 1037 gene-

347 1054 416 1076 rare
429 1067 438 1083 ,
467 1042 531 1076 hoc
543 1042 614 1075 ali's
625 1041 760 1077 decanta
772 1055 783 1075 :
810 1054 874 1087 ego
887 1053 955 1077 non
970 1043 1066 1078 credo
1076 1067 1085 1076 .
1115 1042 1234 1087 Neque

347 1093 447 1127 etiam
465 1093 510 1126 est
536 1093 624 1127 calor
636 1118 646 1133 ‚
679 1105 735 1127 aut
762 1092 850 1126 aliud
877 1093 1019 1135 quodvis
1045 1093 1196 1127 accidens
1223 1106 1231 1126 ;

347 1143 434 1189 Qia
447 1142 513 1176 haec
524 1144 636 1177 omnia
646 1145 743 1176 nimis
757 1143 922 1177 imbecilla
943 1144 1015 1177 sunt
1033 1168 1044 1183 ,
1071 1154 1169 1186 quam
1197 1155 1231 1177 ut

350 1194 387 1227 in
405 1204 467 1226 tam
482 1193 608 1228 nobiles
619 1193 763 1228 afflones
777 1193 887 1227 vitales
899 1194 931 1227 ὃς
943 1192 1167 1227 substantiales
1178 1204 1234 1227 va·-

351 1244 440 1277 leant
452 1255 488 1277 ac
503 1244 662 1278 sufficiant
679 1268 686 1275 .
714 1244 835 1287 Neque
848 1245 946 1277 etiam
960 1243 1003 1277 est
1018 1244 1127 1277 anima
1143 1254 1232 1288 vege-

1575 108 1653 153 IV.

1305 193 1368 227 esse
1389 193 1570 228 sensitivam
1584 206 1598 235 ,·
1625 194 1715 237 atqui
1736 196 1798 228 effe
1819 195 2001 229 sensitivam
2027 194 2071 229 est
2093 197 2178 237 poste

1309 244 1424 278 sentire
1452 256 1463 286 ,-
1497 245 1576 277 sicut
1615 244 1677 277 esse
1713 244 1950 280 intelleetivum
1974 270 1985 287 ‚
2021 245 2180 280 calefadki'-

1303 304 1379 327 vum
1391 294 1444 327 vel
1455 295 1588 328 visivum
1599 293 1642 327 est
1655 293 1741 337 posse
1752 295 1958 339 intelligere,
1980 297 2154 331 calefacere
2167 317 2179 333 ,

1305 344 1352 376 vel
1366 344 1484 377 videre:
1514 344 1604 388 Ergo
1615 344 1773 387 quidquid
1788 343 1828 378 ab
1838 345 1947 378 anima
1968 345 2177 382 sensitivain-

1302 393 1477 432 formatur,
1503 393 1697 437 debetposie
1723 396 1852 428 sentire.
1880 392 2046 437 Responde&
2067 404 2178 440 negan-

1303 444 1494 484 domajorem
1514 443 1662 487 utriusque
1679 442 1853 489 fillogismi:
1881 445 1970 479 Nam
1981 446 2072 485 offa,
2105 457 2180 480 cor-

1303 504 1389 534 nua,
1417 493 1569 537 ungulae,
1595 494 1731 537 pluma,
1757 495 1865 538 capilli
1887 519 1898 535 ,
1925 505 2070 539 ungues,
2096 495 2179 528 alic.-

1301 554 1363 587 que
1375 543 1493 576 similes
1505 543 1695 577 animalium
1709 556 1812 587 partes
1825 547 2042 580 informantur
2049 543 2182 584 ahfani-

1303 604 1353 626 ma
1366 593 1529 634 sensiiiv23
1557 605 1592 627 ut
1607 606 1674 627 non
1689 594 1793 628 solnm
1803 607 1926 630 certum
1949 595 1994 629 est
2008 605 2063 638 per
2084 604 2178 627 natu-

1300 644 1399 677 ralem
1412 642 1605 686 Physicam,
1634 644 1686 677 sed
1711 645 1809 678 etiam
1832 657 1886 688 per
1907 645 2005 679 fidem
2029 642 2177 679 Catholi-

1299 703 1370 726 cam
1387 706 1394 726 :
1422 693 1553 727 Etenim
1565 694 1621 735 qui
1635 694 1700 727 offa
1713 692 1904 728 humanaab
1925 695 2033 729 anima
2059 693 2180 728 sensiti-

1300 754 1361 783 va,
1386 743 1632 778 acintelleliiva
1645 743 1813 778 informati
1828 755 1981 789 negaret,
2006 747 2089 779 foret
2104 754 2174 778 non

1301 792 1405 827 solum
1417 794 1545 837 ineptus
1558 792 1717 839 Physicus
1727 818 1739 834 ,
1766 794 1925 829 sedetiam
1938 795 2041 841 malus
2054 793 2179 828 Catho-

1299 844 1377 877 licus
1390 867 1401 884 ‚
1429 853 1542 887 utpote
1555 856 1622 878 non
1635 845 1768 879 credens
1780 845 1940 879 Conciliis
1961 846 2105 879 animam
2122 855 2180 878 no-

1298 893 1392 928 stram
1405 896 1466 929 effe
1487 895 1626 929 formam
1652 894 1886 929 informantem
1910 894 2142 929 definientibus
2170 917 2178 925 .

1297 945 1373 977 Offa
1385 943 1463 989 ergo
1476 969 1486 985 ‚
1512 945 1668 989 cartilago
1680 969 1692 985 ,
1717 945 1846 989 aliaque
1859 945 1974 980 similia
1988 945 2060 980 vere
2079 945 2178 979 insor-

1298 1004 1424 1029 mantur
1438 994 1480 1029 ab
1489 995 1602 1029 anima
1620 995 1793 1035 senfitiva,
1816 996 1969 1030 &tamen
1981 1005 2087 1038 neque
2111 996 2179 1028 sen-

1316 121 1331 150 1
1404 121 1435 149 Ο

1284 1039 1387 1079 'fitiva
1397 1045 1494 1084 sunt,
1522 1056 1627 1088 neque
1640 1045 1758 1079 sentire
1768 1047 1917 1088 possunt:
1942 1045 2034 1092 Qid
2046 1044 2177 1079 mitier-

1282 1094 1363 1139 ⁴go,
1390 1095 1411 1127 si
1425 1107 1488 1140 ego
1511 1095 1616 1131 dicam
1638 1106 1741 1129 ovum
1763 1096 1825 1129 esse
1847 1094 2090 1134 insensitivunn
2115 1095 2179 1128 esse

1296 1155 1406 1178 tamen
1434 1145 1475 1179 ab
1492 1146 1601 1179 anima
1621 1146 1765 1180 sensitiva
1801 1146 2013 1179 informatum
2035 1146 2048 1178 2
2074 1143 2178 1191 Qod

1297 1195 1386 1229 enim
1400 1204 1466 1228 tam
1479 1206 1540 1229 ova
1550 1220 1559 1235 ,
1589 1206 1687 1238 quam
1699 1195 1764 1230 issae
1776 1205 1878 1238 partes
1890 1195 2080 1230 insensitivae
2092 1195 2151 1228 sint
2164 1219 2176 1235 ‚

1295 1257 1333 1279 ac
1345 1245 1463 1279 sentire
1474 1256 1540 1279 non
1557 1245 1673 1288 possint
1685 1271 1696 1287 ‚
1722 1245 1754 1279 id
1768 1256 1835 1280 non
1849 1247 1997 1289 provenit
2008 1256 2047 1279 ex
2072 1255 2180 1280 caren-

347 1295 468 1333 tativa,
495 1295 547 1327 cui
562 1293 708 1328 sensitiva
721 1294 767 1327 est
783 1294 1001 1327 succedanea:
1031 1293 1122 1340 Quia
1143 1294 1232 1328 nulla
1278 1296 1339 1343 Btia
1353 1295 1504 1329 sensitiva
1515 1296 1654 1336 animae,
1681 1295 1732 1330 sed
1743 1307 1784 1330 ex
1808 1295 1950 1331 carentia
1973 1294 2175 1341 organorum

346 1345 453 1378 forma
467 1343 643 1387 producere
657 1344 759 1386 potest
775 1343 910 1377 formam
927 1344 971 1377 sui
995 1343 1193 1386 expulsivam
1221 1358 1232 1377 .-

345 1394 436 1437 atqui
450 1395 558 1427 anima
575 1394 721 1429 sensitiva
734 1395 776 1426 esi
790 1394 957 1437 expulsiva
969 1395 1086 1427 animae
1099 1405 1227 1438 vegeta-

347 1444 421 1477 nivae
432 1456 444 1477 .-
471 1454 549 1487 ergo
560 1444 669 1477 anima
682 1445 867 1488 vegetativa
881 1445 996 1488 nequit
1008 1444 1188 1488 producere
1200 1444 1234 1476 si*

347 1492 379 1527 bi
395 1493 624 1527 succedaneam
637 1494 783 1527 animam
806 1495 986 1528 sensitivam
1003 1519 1010 1526 .
1038 1495 1172 1527 Deinde:
1199 1494 1233 1528 Si
1276 1489 1280 1528 l

348 1544 465 1577 animae
479 1546 668 1588 vegetativae
680 1543 858 1577 succederet
873 1545 1016 1578 sensitiva
1031 1568 1042 1584 ‚
1069 1555 1149 1578 tunc
1173 1544 1232 1578 illo

348 1594 484 1628 instanti
500 1618 510 1632 ,
537 1593 774 1635 quoinciperet
797 1594 944 1627 sensitiva
958 1618 969 1634 ,
986 1593 1158 1627 desineret
1182 1605 1233 1627 ve·

1295 1345 1615 1388 &dispositionum
1642 1357 1712 1390 quae
1724 1347 1799 1380 sunt
1822 1346 1856 1381 in
1880 1345 2012 1381 materia
2032 1346 2074 1379 ad
2096 1344 2180 1378 reci-

1295 1395 1429 1439 piendas
1441 1396 1641 1430 sensationes
1653 1396 1825 1439 requisitae.
1854 1396 1946 1431 Sicut
1963 1394 2053 1439 quod
2075 1392 2179 1430 homo

1294 1457 1395 1480 caecus
1412 1445 1527 1480 visivus
1547 1457 1614 1480 non
1635 1447 1693 1486 sit,
1720 1446 1755 1481 r&
1779 1446 1890 1481 videre
1910 1457 1978 1480 non
2001 1444 2118 1489 possit,
2146 1442 2180 1478 id

1294 1506 1362 1536 non
1389 1499 1493 1529 oritur
1532 1506 1573 1530 ex
1607 1497 1750 1529 cai-entia
1772 1495 1876 1530 visivae
1897 1497 2036 1535 animae,
2065 1495 2118 1528 sed
2136 1504 2179 1531 ex

1293 1544 1438 1580 carentia
1458 1544 1714 1588 organizationis
1736 1569 1748 1586 ,
1784 1555 1822 1579 ac
1844 1545 1939 1579 bonae
1960 1543 2180 1587 dispositionis

1294 1596 1335 1630 ad
1349 1595 1504 1629 visionem
1527 1594 1569 1628 ab
1587 1595 1696 1628 anima
1714 1595 1933 1638 recipiendam
1945 1595 2098 1638 requisitae
2111 1618 2119 1626 .
2130 1593 2178 1628 0-

346 1643 507 1689 getativa:
536 1643 595 1676 illo
609 1643 743 1686 inquam
756 1642 888 1675 instanti
903 1645 1029 1678 anima
1048 1643 1232 1687 vegetativa
1275 1645 1279 1698 j
1295 1655 1371 1677 vum
1381 1643 1460 1687 ergo
1481 1643 1556 1677 vere
1569 1644 1750 1677 sensitivam
1765 1643 1861 1679 habet
1873 1649 2020 1679 animam
2032 1657 2042 1677 a
2067 1653 2180 1692 tam-en

346 1693 507 1738 petiisset,
532 1692 720 1734 &amplius
731 1703 798 1725 non
810 1693 906 1726 effer.
936 1692 1043 1735 Atqui
1057 1693 1111 1731 id,
1140 1691 1232 1736 quod
1276 1694 1414 1727 ·sentire
1444 1704 1511 1726 non
1536 1693 1660 1736 potest,
1685 1694 1763 1736 quia
1783 1705 1851 1727 non
1875 1693 1973 1729 habet
1993 1691 2179 1741 organaad

349 1754 420 1777 rion
431 1742 476 1776 est
489 1765 502 1782 ,
529 1740 614 1776 nihil
627 1742 806 1785 producere
818 1742 922 1786 potest
936 1755 943 1775 :
968 1753 1049 1786 ergo
1061 1742 1172 1777 anima
1186 1753 1236 1776 ve·

345 1792 491 1838 getativa
508 1791 602 1825 nullo
627 1792 730 1826 modo
755 1792 933 1834 producere
960 1795 1059 1834 postet
1081 1792 1140 1826 sibi
1164 1794 1231 1826 suc-

344 1845 522 1878 cedaneam
544 1842 689 1876 animam
714 1842 896 1876 sensitivam
913 1867 921 1874 .
948 1844 1121 1876 Praeterea:
1153 1842 1234 1874 Ani-

345 1906 398 1928 ma
422 1893 568 1927 sensitiva
589 1893 633 1925 est
660 1891 828 1935 perfessioi·
850 1893 884 1925 ὃς
905 1891 1105 1925 eminentior
1123 1892 1235 1925 anima

344 1943 528 1989 vegetativa
552 1956 563 1976 .-
612 1940 783 1987 quomodo
806 1953 886 1985 ergo
908 1943 1017 1974 anima
1052 1943 1235 1985 vegetativa

344 1997 446 2038 posset
481 1993 633 2027 sensitivae
664 1993 781 2027 animae
823 1992 885 2025 effe
910 1990 1095 2035 principalis
1126 1991 1235 2025 causa?

345 2045 468 2088 Neque
503 2045 603 2077 etiam
642 2042 738 2086 hujus
767 2042 884 2076 animae
919 2041 1105 2085 principalis
1141 2042 1234 2075 causa

344 2096 447 2139 posset
460 2091 848 2138 essegallinaincubans3,
878 2092 988 2138 Qia,
1018 2091 1072 2124 Ut
1086 2092 1156 2125 se-st.
1176 2091 1235 2133 pri-

344 2157 398 2180 ma
420 2145 489 2180 dixi
515 2168 526 2184 ,
564 2143 687 2187 gallina
711 2140 795 2173 nihil
816 2140 955 2182 amplius
977 2138 1103 2172 confert
1125 2150 1191 2172 ovo
1220 2162 1231 2179 ,

345 2193 618 2239 quamconferat
637 2190 687 2224 ini
708 2191 859 2223 fimeium
875 2213 886 2228 ,
912 2189 1027 2222 furnus
1050 2213 1062 2228 ‚
1097 2188 1196 2222 axilla
1223 2210 1233 2227 ,

345 2243 549 2282 mammilla,
585 2241 649 2275 dcc.
679 2238 784 2282 Atqui
808 2238 875 2271 hzc
901 2249 970 2271 non
993 2238 1178 2280 producunt
1199 2237 1234 2271 in

346 2306 415 2330 ovo
431 2294 575 2327 animam
588 2288 791 2323 sensitivam:
818 2287 899 2331 ergo
925 2297 1034 2330 neque
1052 2287 1142 2320 illam
1167 2297 1234 2330 pro-

344 2345 436 2380 ducit
462 2340 622 2376 incubans
643 2338 769 2384 gallina
784 2361 791 2369 .
830 2337 942 2371 Restat
963 2348 1043 2381 ergo
1066 2346 1102 2370 ut
1124 2337 1232 2371 anima

345 2394 492 2429 sensitiva
504 2402 571 2425 ovo
595 2389 802 2432 imprimatur
815 2387 833 2421 a
855 2398 957 2422 matre
975 2388 1059 2420 intra
1081 2387 1151 2430 ejus
1170 2397 1236 2421 ute-

348 2456 440 2480 rum:
469 2442 618 2483 adeoque
629 2449 666 2473 ut
682 2439 783 2482 prima
797 2439 851 2472 ovi
863 2439 972 2472 anima
985 2438 1022 2471 sir
1046 2437 1119 2471 vere
1141 2438 1233 2471 sensi-

345 2496 412 2529 tiva
427 2519 438 2535 ‚
465 2499 660 2527 nouantem
684 2489 889 2533 vegetativa.
916 2491 960 2520 Er
971 2494 1049 2520 ratio
1061 2486 1117 2527 est:
1147 2488 1237 2533 Quia

346 2555 449 2580 ovum
471 2541 566 2576 debet
579 2539 626 2574 ibi·
646 2539 785 2581 animari
801 2563 812 2578 ,
838 2538 892 2572 ubi
916 2538 1105 2572 animamur
1120 2538 1232 2571 omnia

346 2596 410 2630 alia
420 2592 572 2635 omnium
586 2590 724 2623 aliorum
746 2589 937 2622 animalium
949 2611 960 2627 ‚
987 2600 1024 2622 ac
1037 2587 1134 2622 etiam
1151 2588 1237 2631 plan-

347 2655 452 2681 tarum
464 2642 606 2676 semina:
634 2640 724 2682 atqui
738 2639 802 2673 baec
815 2639 928 2672 omnia
950 2637 1137 2672 animantur
1158 2638 1240 2671 intra

347 2704 533 2729 maternum
556 2699 706 2724 uterum:
732 2701 812 2734 ergo
826 2688 946 2722 ibidem
960 2689 1069 2722 anima
1083 2689 1137 2723 sua
1151 2689 1241 2722 sensi·

348 2747 416 2781 tiva
435 2743 597 2776 animatur
608 2751 709 2774 ovum
723 2765 730 2772 .
760 2741 803 2773 Et
821 2738 894 2773 sane
908 2739 963 2773 nisi
976 2738 1020 2773 ibi
1034 2738 1092 2774 ista
1119 2738 1239 2772 anima·
1266 2766 1267 2769 ,

349 2805 433 2830 retur
455 2793 588 2831 anima,
613 2791 677 2833 jam
702 2789 825 2834 gallina
838 2801 905 2823 non
919 2800 1082 2834 generaret
1106 2788 1240 2826 animal,

349 2854 454 2889 neque
476 2842 606 2876 brutum
625 2854 635 2882 3
663 2840 717 2887 sed
738 2850 905 2883 generaret
916 2839 1058 2883 aliquam
1073 2839 1214 2882 plantam
1231 2861 1241 2876 ,

348 2898 499 2937 foretque
523 2900 627 2925 mater
649 2889 785 2932 alicujus
804 2891 937 2933 plantae:
966 2900 1064 2934 quam
1089 2889 1241 2922 Philoso-

349 2945 556 2989 phiam,oro
571 2951 627 2982 te,
647 2951 682 2974 ut
696 2940 773 2974 alibi
795 2951 925 2980 cantes,
952 2939 1057 2983 quina
1080 2951 1131 2973 me
1153 2938 1240 2971 nulla

349 2993 521 3031 habebitur
537 2991 597 3027 tihi
621 2990 717 3025 fides.
750 2991 802 3024 Ex
812 3002 879 3034 quo
891 3000 977 3032 patet
989 2999 1087 3023 ovum
1112 2988 1174 3021 esse
1195 2999 1243 3020 ve-

351 3057 424 3081 rum
451 3045 580 3079 brutum
605 3066 616 3082 ‚
650 3052 829 3085 verumque
846 3039 989 3079 animal,
1025 3049 1102 3073 cum
1119 3039 1154 3071 sit
1174 3038 1244 3071 vere

351 3095 568 3138 compositum
598 3103 640 3133 ex
665 3092 801 3126 materia
820 3091 854 3124 ἀ
890 3090 1035 3124 sensitiva
1061 3089 1238 3123 irrationali

356 3145 483 3180 anima.

405 3194 458 3232 28.
487 3194 616 3234 objicies
662 3197 780 3234 primo:
807 3189 982 3239 Qidquid
1002 3189 1109 3224 anima
1128 3189 1230 3223 sensiti

358 3255 399 3278 va
421 3246 613 3279 informatur
633 3267 645 3284 ,
672 3242 771 3291 debet
783 3244 870 3285 posse
882 3241 1015 3275 sentite:
1043 3241 1131 3285 atqui
1142 3250 1242 3272 ovum

359 3305 426 3327 non
441 3294 543 3336 potest
558 3294 700 3334 sentire;
727 3292 930 3334 nequeenim
955 3291 1084 3331 videre,
1110 3290 1220 3324 audire
1235 3314 1244 3328 ,

363 3353 497 3386 tangere
511 3368 520 3383 ,
533 3344 583 3376 vel
591 3343 732 3387 olfacere
744 3342 847 3386 potest
862 3356 873 3375 .-
900 3341 993 3386 Ergo
1007 3353 1072 3375 non
1089 3341 1192 3383 potest
1206 3339 1244 3372 ab

362 3393 472 3427 anima
487 3394 633 3427 sensitiva
649 3393 816 3427 informari
834 3417 840 3424 .
870 3392 1019 3424 Probatur
1028 3392 1142 3432 major:
1157 3390 1244 3436 Qia

362 3440 523 3486 quidquid
546 3440 586 3474 ab
606 3443 714 3478 anima
734 3443 883 3478 sensitiva
909 3442 1125 3483 informatur,
1151 3440 1247 3474 debet

1295 1743 1491 1778 sensationes
1503 1743 1545 1777 ab
1555 1743 1663 1777 anima
1677 1744 1876 1787 recipiendas
1889 1745 2060 1778 necessaria
2071 1768 2080 1776 .

1347 1804 1403 1840 29.
1432 1791 1715 1835 objiciessecundb:
1742 1796 1866 1828 Anima
1890 1794 2036 1828 sensitiva
2066 1791 2182 1836 nequit

1296 1845 1472 1878 informare
1488 1844 1653 1878 materiam
1677 1853 1840 1877 carentem
1861 1842 2128 1886 dispositionibus
2138 1840 2181 1876 ad

1294 1894 1501 1936 operationes
1520 1894 1591 1927 suas
1612 1894 1792 1928 necessariis
1810 1907 1818 1926 ;
1860 1894 1950 1935 atqui
1972 1903 2074 1927 ovum
2094 1900 2183 1926 caret

1297 1943 1365 1977 istis
1375 1942 1639 1984 dispositionibus
1654 1955 1663 1974 ι
1690 1943 1769 1987 ergo
1781 1943 1893 1976 anima
1906 1941 2053 1976 sensitiva
2065 1942 2181 1984 nequit

1297 1995 1472 2028 informare
1487 2004 1608 2027 ovum.
1638 1990 1725 2036 Resp.
1748 1993 1885 2035 negando
1906 1997 2067 2026 minorem:
2093 1990 2184 2037 Qia
2202 2007 2205 2014 ·

1295 2046 1502 2087 operationes
1515 2042 1631 2077 animae
1645 2042 1796 2077 senfiiivae
1810 2045 1884 2077 sunt
1896 2054 1964 2076 non
1987 2042 2060 2076 solae
2081 2041 2185 2076 sensa-

1296 2094 1431 2133 tiones,·
1460 2093 1621 2126 sedetiam
1633 2092 1854 2127 conformatio
1866 2116 1879 2133 ,
1904 2093 2099 2134 offisicatio,
2118 2101 2186 2124 car·

1299 2141 1464 2180 runcatio,
1493 2141 1809 2180 membranifieatio,
1837 2141 2078 2183 plumificatio,
2103 2140 2186 2173 aliz·

1297 2201 1360 2233 que
1372 2190 1490 2223 similes
1501 2188 1686 2232 vegetativae
1712 2190 1877 2223 astiones:
1903 2193 1995 2233 atqui
2018 2190 2094 2224 licet
2118 2200 2185 2225 ovo

1299 2251 1367 2274 non
1382 2238 1480 2271 insint
1491 2237 1719 2280 dispositiones
1728 2238 1927 2272 sufficientes
1947 2239 1983 2273 δι
2004 2239 2186 2273 necesi'ariae

1298 2287 1338 2321 ad
1350 2287 1568 2329 sensationes;
1594 2286 1705 2320 insunt
1718 2298 1827 2321 tamen
1851 2285 2080 2332 dispofitiones
2101 2288 2188 2323 suffi-

1298 2338 1421 2373 cientes
1431 2337 1471 2372 ad
1486 2337 1561 2371 istas
1577 2335 1772 2382 vegetativas
1781 2338 1946 2373 actiones:
1975 2335 2056 2383 ergo
2074 2338 2187 2372 anima

1300 2389 1446 2423 sensitiva
1469 2387 1585 2430 reperit
1597 2387 1632 2422 in
1647 2398 1713 2423 ouo
1723 2387 1948 2431 dispositiones
1970 2389 2188 2427 sufficientes,

1300 2451 1337 2474 ac
1346 2439 1531 2473 necessarias
1543 2437 1586 2472 ad
1608 2437 1680 2471 suas
1700 2438 1924 2480 operationes.
1955 2438 2075 2483 Neque
2096 2439 2189 2472 enim

1302 2489 1409 2523 anima
1421 2489 1455 2522 in
1467 2487 1600 2523 materia
1613 2488 1631 2522 ὲ
1643 2487 1673 2521 se
1684 2487 1860 2522 informata
1874 2489 2010 2530 reperire
2022 2486 2117 2522 debet
2128 2484 2190 2520 dis-

1304 2538 1478 2583 positiones
1489 2537 1528 2572 ad
1538 2547 1672 2572 omnem
1683 2536 1826 2571 omnino
1850 2539 1941 2571 snam
1961 2536 2187 2580 operationem

1305 2588 1510 2624 neceffarias:
1538 2586 1602 2621 hoc
1622 2587 1713 2621 enim
1736 2586 1759 2620 si
1782 2596 1897 2621 verum
1917 2587 2027 2629 soret;
2059 2596 2138 2621 tune
2151 2587 2188 2620 in

1302 2639 1368 2673 offe
1397 2648 1457 2672 tuo
1493 2647 1598 2681 neque
1628 2635 1824 2670 intellesiiva
1860 2658 1872 2673 ‚
1908 2646 2019 2678 neque
2036 2636 2186 2671 sensitiva

1304 2690 1386 2723 foret
1408 2687 1538 2722 anima:
1584 2685 1674 2729 quod
1697 2696 1765 2719 non
1782 2684 1904 2719 solum.
1919 2685 2070 2729 ineptum
2091 2685 2187 2722 estin

1305 2737 1518 2781 Philosophia
1531 2761 1541 2777 ,
1569 2736 1620 2770 sed
1632 2736 1730 2770 etiam
1740 2746 1850 2778 parum
1871 2745 1978 2770 tutum
1991 2734 2025 2769 in
2037 2735 2101 2770 fide
2127 2735 2190 2771 Ca-

1305 2788 1427 2822 tholica
1442 2811 1449 2820 .
1478 2784 1647 2831 Satisergo
1658 2785 1703 2819 est
1716 2810 1726 2826 ‚
1755 2796 1789 2820 ur
1803 2787 1937 2828 reperiat
1958 2785 2184 2829 dispositiones

1305 2838 1466 2882 aliquibus
1479 2838 1541 2871 suis
1549 2835 1797 2879 operationibus
1808 2836 1998 2870 sufficientes
2019 2846 2056 2870 ac
2082 2837 2186 2870 neces⁶

1307 2891 1422 2924 sarias·
1453 2888 1494 2921 Et
1507 2886 1658 2930 nunquid
1671 2885 1718 2920 hae
1729 2885 1838 2919 insunt
1859 2887 1948 2920 ovo?
1965 2886 2093 2920 insunt
2116 2897 2188 2920 oni-

1307 2939 1406 2975 nino.
1437 2937 1560 2971 Anima
1573 2934 1651 2980 ergo
1664 2935 1811 2970 sensitiva
1834 2936 1944 2978 primis
1965 2934 2186 2978 productionis

1307 2992 1365 3025 suae
1378 2987 1579 3032 temporibus
1591 2987 1647 3020 tali
1660 2986 1798 3020 marei-iai
1809 2986 2022 3029 dispositione
2031 2993 2186 3019 contenta

1305 3041 1351 3075 est
1366 3065 1374 3072 .
1402 3039 1483 3072 Non
1500 3048 1608 3071 tamen
1621 3046 1780 3070 contenta
1800 3036 1844 3068 est
1868 3037 2014 3078 semper,
2040 3033 2093 3067 sed
2117 3045 2186 3076 pro-

1307 3090 1411 3136 gressu
1425 3088 1578 3131 temporis
1590 3085 1858 3121 materiamillam
1871 3085 1994 3129 perficit
2016 3095 2054 3118 ac
2072 3083 2187 3119 distin·

1305 3140 1400 3187 guit,
1429 3139 1582 3181 variaque
1603 3149 1644 3171 ex
1658 3137 1711 3171 illa
1722 3145 1842 3180 organa
1864 3134 1998 3168 fabricat
2020 3158 2031 3174 ,
2065 3132 2188 3177 sibique

1306 3200 1418 3233 aptum
1431 3187 1638 3223 domicilium
1650 3211 1661 3227 ‚
1687 3184 1890 3221 aeomnibus
1905 3185 1968 3218 suis
1988 3182 2188 3228 operationi-

1309 3241 1367 3275 bus
1379 3250 1491 3282 aptum
1505 3238 1650 3272 elaborat
1661 3236 1832 3279 subjeetum
1844 3258 1852 3267 .

1364 3299 1416 3337 30.
1434 3290 1625 3331 Dicoqimta
1636 3299 1644 3319 :
1657 3287 1783 3321 Omnes
1793 3286 1849 3318 ovi
1861 3294 1966 3329 partes
1979 3295 2046 3318 non
2061 3283 2189 3323 vivunt,

1312 3350 1416 3384 neque
1437 3339 1477 3372 ab
1491 3338 1600 3373 anima
1611 3338 1850 3377 informantur3
1877 3335 1958 3369 vivit
1976 3335 2064 3368 enim
2076 3333 2108 3367 ἀ
2120 3333 2189 3366 ani-

1310 3400 1441 3424 mantur
1467 3390 1573 3423 solum
1594 3387 1748 3422 albumen
1766 3396 1844 3420 cum
1877 3385 2019 3427 cortice;
2059 3382 2188 3416 vitellus

1318 3440 1397 3476 vero
1430 3438 1476 3474 est
1514 3439 1679 3474 inanimus
1697 3459 1711 3479 ‚
1745 3436 1840 3472 omni
1876 3446 1988 3472 arens
2020 3433 2122 3488 vim,-
2155 3434 2189 3467 δι

2070 3493 2140 3518 ani·
