2384 3770
467 178 596 240 Qun>
634 178 709 224 Su·
742 172 991 223 Vox‘Cu.
1030 164 1323 229 Qu1n·S·i'uc.
1358 172 1495 238 Qu>
1529 171 1633 217 Voit
1654 169 1797 222 Matr:

259 259 368 298 tamen
390 257 522 293 alterius
541 258 634 294 vocis
654 253 927 303 significationem
938 253 1126 295 modificat,

259 309 372 354 illique
392 319 516 344 certum
537 308 741 354 significandi
764 305 900 341 modum
923 304 1055 339 tribuit.
1085 306 1129 340 Et

259 359 317 395 hic
336 360 446 392 sensus
466 360 512 393 est
535 357 631 403 plane
653 357 749 391 falsus
762 369 773 390 .·
800 359 838 389 Ut
849 354 1039 399 beneprobat
1049 361 1130 389 ratio

258 409 423 446 dubitande·
435 408 543 451 sabla.
572 407 731 450 Adeoque
753 405 795 439 ab
818 404 954 440 Eximio
966 405 1132 450 Magistro

261 470 337 494 meo
359 469 424 492 non
452 460 617 493 intentus.
645 458 734 492 Ratio
745 454 807 494 est:
833 457 931 500 quia,
955 456 1131 496 utijamdi-

260 508 383 550 cebam,
409 510 670 555 syncategorema
696 503 792 540 habet
805 505 882 539 sein
894 506 1130 550 fignificando;

262 562 311 594 uti
325 557 463 595 sehabet
486 557 604 591 modus
626 557 660 593 in
671 557 824 591 essendo:
848 566 930 601 ergo
942 555 1130 601 syncatego-

261 618 350 645 rema
371 607 468 644 debet
487 606 722 652 categoremati
744 604 882 641 tribuere
905 615 1032 640 certum
1054 617 1132 640 mo-

261 659 342 692 dum
364 656 588 703 fignificandi,
613 657 693 691 ficut
717 657 834 691 modus
847 657 917 690 enti
931 655 1132 699 phyficotri-

261 708 332 744 buit
352 717 477 742 certum
497 706 634 741 modum
655 707 795 741 essendi:
824 707 916 750 atqui
938 706 1059 740 modus
1076 705 1131 740 tri·

260 757 333 796 buit
354 766 478 791 certum
499 757 635 791 modum
658 756 779 791 effendi
792 779 802 797 ,
825 757 926 791 etiam
947 755 1071 799 aliquid
1086 755 1131 789 es·

255 805 381 843 sendo:
408 806 611 851 nequeenim
631 807 809 841 modisunt
821 815 936 849 purum
947 803 1055 848 nihil;
1076 803 1130 839 sed

259 858 350 892 entia
361 855 435 893 vere
444 857 542 892 realia
553 881 561 890 .
589 857 680 902 Ergo
701 856 847 893 similiter
859 857 1130 899 syncategorema

258 905 357 943 debet
384 906 617 952 categoremati
637 905 779 940 tribuere
799 915 924 943 certum
944 904 1080 940 modum
1094 905 1130 943 fi-

257 956 440 1006 gnificandi
454 980 464 997 ,
491 956 616 997 aliquid
627 955 841 1000 significando
852 980 860 987 .

309 1004 366 1044 28.
400 1009 481 1042 Alter
487 1004 592 1050 sensus
602 1006 639 1047 est
651 1006 719 1040 ba'c:
746 1017 812 1039 vox
823 1004 1130 1050 syncategoremati-

257 1067 298 1092 ca
310 1057 451 1100 separata
473 1056 492 1091 a
503 1057 671 1091 consortio
682 1055 814 1091 alterius
827 1056 916 1090 vocis
928 1054 1012 1089 nihil
1026 1053 1130 1098 potest

259 1107 458 1153 fignificare5
485 1115 594 1141 tamen
606 1107 684 1143 dum
699 1108 734 1141 in
746 1106 907 1140 orationis
916 1112 1074 1144 contextu
1087 1104 1130 1143 al-

259 1157 321 1192 teri
346 1158 420 1191 voci
448 1156 639 1201 adjungitur
662 1181 673 1197 ,
698 1165 777 1192 tunc
798 1155 923 1200 aliquid
947 1155 1130 1200 fignificat,

259 1205 412 1249 hancque
435 1207 522 1239 suam
534 1206 809 1251 significationem
821 1204 1055 1251 significationi
1068 1215 1130 1241 vo·

257 1257 308 1290 cis
326 1256 385 1289 fibi
404 1255 561 1298 adjunfiae
587 1256 811 1290 communicat
820 1273 832 1296 ,—
857 1256 902 1290 Et
924 1254 989 1290 hoc
1000 1265 1062 1290 nos
1078 1265 1130 1294 vo*

257 1314 392 1346 carnus,
419 1304 637 1349 significando
659 1305 800 1340 tribuere
810 1315 936 1343 certum
948 1304 1130 1340 modumfi-

258 1353 459 1403 gnificandi.
487 1354 642 1395 Ratioest:
668 1356 744 1399 quia
757 1365 870 1390 vocem
882 1354 1060 1400 significare
1082 1353 1127 1387 est

259 1404 447 1439 audientem
468 1416 508 1442 ex
528 1406 698 1441 occasione
720 1405 838 1439 auditae
858 1405 949 1439 vocis
958 1404 1131 1446 concipere

258 1465 327 1489 tem
336 1454 568 1499 significatam:
596 1455 686 1498 atqui
708 1456 844 1489 audiens
863 1455 1128 1498 syncategorema

258 1506 294 1538 in
314 1505 473 1540 orationis
504 1514 660 1538 contextu
690 1514 766 1538 cum
792 1503 865 1538 aliis
884 1502 1019 1541 vocibus
1044 1513 1129 1540 con·-

257 1552 413 1589 ssrustum
436 1575 447 1594 ‚
482 1554 610 1588 ratione
634 1554 938 1602 syncategorematis
958 1552 1128 1588 itaauditi

256 1602 384 1648 aliquid
404 1603 552 1647 concipit
573 1616 581 1637 :
617 1604 764 1648 concipit
785 1603 875 1639 euim
893 1603 987 1638 aliter
1004 1603 1040 1637 ἀ
1061 1602 1129 1637 alio

258 1653 363 1688 modo
382 1653 601 1699 significatum
631 1664 701 1689 cate
727 1654 880 1688 oromatis
913 1664 967 1696 per
986 1653 1129 1696 syncate-

258 1713 391 1747 gorema
427 1701 608 1739 modificati
630 1728 641 1745 ,
677 1665 774 1761 qffam
806 1703 993 1747 conciperet
1027 1703 1049 1736 fi
1072 1702 1129 1739 tali

259 1752 363 1788 modo
384 1752 611 1792 modificatum
636 1764 704 1787 non
725 1755 852 1790 fiiiffet.
880 1753 971 1798 Ergo
987 1753 1130 1795 syncate-

257 1814 392 1848 gorema
415 1813 491 1837 cum
511 1814 749 1848 categoremate
770 1804 803 1838 in
826 1801 986 1840 orationis
996 1812 1129 1836 contex-

258 1862 296 1888 tu
318 1852 539 1888 constructum
563 1853 637 1891 vere
657 1852 782 1899 aliquid
804 1854 964 1899 significat
984 1877 991 1885 .
1021 1853 1129 1885 Proba-

258 1911 309 1938 tur
321 1908 438 1935 minor.-
464 1903 542 1946 quia
564 1902 696 1947 quando
718 1902 818 1937 audio
839 1904 907 1937 dici
929 1908 1028 1935 omnes
1050 1901 1131 1934 bomo

258 1950 305 1991 est·
331 1951 434 1987 ἄνᾶν
456 1975 467 1990 ,
503 1952 595 1985 aliter
623 1952 778 1995 concipio
798 1952 1013 1996 significatum
1037 1951 1129 1984 vocis

259 1999 362 2040 homo,
388 2011 486 2043 quam
505 2000 636 2044 quando
657 2000 757 2036 audio
778 2001 844 2035 dici
867 2000 950 2035 bomo
959 1999 999 2040 est
1009 1999 1127 2043 Mus,

259 2048 313 2083 vel
339 2052 448 2095 aliquis
461 2048 543 2084 bomo
553 2049 590 2087 est
599 2051 719 2085 dolius:
745 2051 786 2084 ad
806 2051 942 2094 primam
955 2050 1045 2083 enim
1060 2060 1128 2092 pro-

258 2098 455 2143 positionem
475 2122 486 2139 ,
511 2109 582 2140 quae
602 2100 794 2138 universalis
813 2100 859 2133 est
880 2123 891 2140 ‚
917 2099 1074 2141 concipio
1093 2097 1128 2130 ss·

257 2148 412 2194 gnificata
442 2147 534 2181 vocis
559 2146 640 2181 bomo
668 2148 888 2187 enumeranda
916 2145 1104 2191 copulative
1114 2157 1127 2190 ,-

257 2206 292 2232 at
313 2197 391 2232 vero
412 2197 453 2232 ad
474 2198 608 2233 alteram
636 2198 888 2242 propositionem
912 2222 922 2242 ,
948 2208 1018 2242 quae
1040 2197 1128 2230 inde·

258 2248 374 2288 finita,
400 2256 455 2281 aut
481 2247 681 2289 particularis
703 2248 770 2288 est,
796 2249 952 2290 concipio
972 2247 1026 2281 illa
1050 2257 1128 2280 enu-

258 2297 414 2331 meranda
438 2296 646 2333 difiunstive.
676 2297 764 2340 Ergo
775 2298 1040 2341 syncategorema
1051 2306 1127 2330 cum

257 2354 498 2391 categoremate
531 2346 748 2381 constructum
782 2346 861 2380 facit
883 2370 893 2386 ,
929 2355 967 2379 ut
993 2345 1128 2378 audiens

257 2396 327 2431 alio
350 2396 452 2429 modo
463 2395 628 2439 concipiat
638 2420 648 2437 ,
663 2395 894 2441 significatum
905 2403 1123 2439 categorema—

256 2446 303 2480 tis
322 2445 342 2478 a
361 2447 394 2478 se
414 2444 618 2485 modificati,
645 2456 743 2486 quam
763 2446 1015 2489 conciperetsua
1025 2443 1128 2477 modi·

257 2494 415 2530 ficatione
438 2495 577 2529 semota.
604 2495 773 2530 Disterunt
783 2506 863 2540 ergo
875 2503 1078 2539 categorema
1090 2493 1126 2529 &-

257 2545 523 2589 syncategorema
537 2567 548 2585 ,
573 2556 640 2578 non
660 2545 749 2589 quod
773 2556 876 2579 unum
901 2546 938 2579 sit
959 2554 1026 2579 vox
1036 2542 1129 2587 signi-

258 2594 391 2629 ficativa
411 2618 422 2633 ,
448 2594 587 2628 alterum
609 2595 685 2648 verp
705 2595 742 2630 fit
765 2605 830 2629 vox
851 2605 919 2629 non
943 2592 1130 2638 significati·

257 2656 301 2678 va
321 2656 331 2686 ;
370 2643 425 2677 sed
443 2644 530 2684 quod
563 2652 668 2677 unum
689 2645 729 2681 fit
744 2655 812 2678 vox
835 2643 1050 2688 significativa
1076 2653 1129 2686 per

258 2695 291 2728 se
309 2705 325 2735 ‚-
365 2693 501 2727 alterum
532 2692 609 2726 vero
629 2692 667 2726 fit
690 2704 755 2726 vox
778 2693 990 2739 significativa
1011 2693 1129 2737 depen-

258 2743 375 2778 denter
395 2741 437 2776 ab
456 2741 520 2777 alia
540 2752 623 2776 voce
634 2766 645 2783 ,
669 2742 760 2785 cujus
778 2743 1049 2787 significationem
1060 2752 1129 2778 mo-

259 2793 392 2827 dificat:
418 2792 500 2827 sicut
520 2803 579 2826 ens
599 2790 764 2836 physicum
781 2791 817 2826 dc
837 2803 895 2828 ens
919 2791 1048 2827 modale
1059 2803 1127 2826 non

262 2841 416 2880 differunt
436 2842 469 2875 in
490 2852 532 2876 eo
548 2866 559 2882 ‚
586 2840 673 2886 quod
695 2853 797 2876 unum
819 2842 879 2882 sit,
905 2842 1043 2876 alterum
1060 2853 1126 2875 non

260 2892 301 2931 fit
322 2903 381 2927 ens
396 2892 482 2926 reale
504 2904 514 2935 ;
551 2892 602 2926 sed
627 2892 662 2926 iu
683 2903 748 2932 eo,
773 2891 862 2935 quod
888 2903 991 2926 unum
1013 2892 1051 2926 sit
1070 2902 1129 2926 ens

260 2942 347 2979 reale
367 2953 484 2986 potens
501 2942 564 2976 effe
586 2953 641 2985 per
662 2943 694 2976 se
713 2954 724 2986 ;
748 2942 885 2976 alterum
909 2942 988 2976 vero
1007 2939 1044 2976 fit
1070 2952 1128 2975 ens

260 2992 347 3028 reale
366 3002 483 3037 potens
505 2990 714 3026 solummodo
731 2993 794 3027 esse
814 3004 868 3036 per
890 2991 1002 3032 aliud,
1025 2991 1062 3028 dc
1091 2991 1126 3026 in

261 3042 329 3077 alio
341 3066 352 3082 ,
379 3052 547 3086 tamquam
572 3042 828 3077 modificationis
840 3042 901 3078 suae
913 3040 1055 3084 subjesto
1065 3068 1073 3077 .

313 3102 367 3138 29.
393 3092 477 3127 Dixi
498 3090 557 3129 has
577 3091 786 3126 definitiones
810 3091 961 3137 Magistri
982 3092 1046 3126 mei
1069 3092 1127 3126 Pa·

262 3141 374 3177 ludani
395 3142 493 3176 ferme
512 3141 668 3187 quadrare
687 3142 720 3178 δε
742 3142 926 3176 coincidere
947 3152 1024 3176 cum
1047 3143 1129 3177 meis

260 3190 329 3236 seff-
350 3203 376 3228 1·
404 3192 527 3235 positis:
556 3204 624 3226 non
649 3193 740 3227 enim
761 3191 957 3226 coincidunt
980 3191 1074 3236 plane
1095 3193 1128 3228 &

262 3242 406 3276 omnino
427 3266 438 3281 ,
475 3253 579 3285 neque
605 3244 680 3277 sunt
711 3243 796 3277 inter
828 3243 858 3276 se
878 3241 1127 3277 convertibiles.

262 3291 353 3331 Nam
375 3290 584 3325 definitiones
606 3292 758 3337 Magistri
780 3292 844 3327 mei
870 3291 1032 3336 aliquibus
1044 3292 1129 3327 voci·

263 3341 324 3379 bus
343 3341 524 3386 quadrant,
551 3341 668 3385 quibus
690 3354 758 3377 non
781 3342 942 3385 quadrant
965 3341 1128 3376 definitio·

263 3402 322 3426 nes
337 3402 413 3425 meae
433 3405 441 3424 :
474 3402 554 3435 ergo
572 3391 779 3427 definitiones
797 3391 937 3437 magistri
963 3392 1028 3426 mei
1051 3403 1130 3427 cum

263 3441 346 3476 meis
367 3441 617 3475 definitionibus
639 3452 705 3476 non
718 3441 1050 3482 suntconvertibiles‚
1077 3453 1130 3477 ne·

258 3501 321 3534 que
341 3489 486 3526 omnino
506 3490 702 3528 coincidunt
728 3518 736 3526 .
763 3492 911 3529 Probatur
930 3494 1105 3528 antecedens
1119 3503 1148 3540 ᾗ

1186 255 1263 299 quia
1285 252 1438 289 definitio
1458 255 1707 297 categorematis
1717 255 1789 291 dat-a
1800 251 1818 294 a
1831 262 1885 293 me
1897 268 1966 293 non
1977 259 2056 292 coni

1189 304 1278 341 venit
1303 303 1426 340 caribus
1447 302 1795 347 obliquisnominum:
1823 319 1920 349 nam,
1942 309 2059 344 mdix&

1186 353 1290 399 sta-1·
1311 364 1427 388 omnes
1446 355 1536 387 casus
1558 353 1685 396 obliqui
1709 355 1795 396 apud
1814 366 1866 392 me
1890 370 1959 395 non
1971 367 2057 394 cate·

1187 413 1378 450 goremata·‚
1405 403 1459 438 sed
1482 405 1780 452 syncategoremata
1803 405 1900 441 sunt.-
1926 407 1990 442 illis
2010 412 2059 443 ta·-

1191 465 1267 491 men
1288 454 1449 490 convenit
1467 453 1620 487 definitio
1641 454 1716 488 data
1738 451 1757 485 ὲ
1778 453 1940 501 Magistro
1959 468 2062 493 meot

1190 512 1268 550 ergo
1291 503 1456 546 aliquibus
1477 503 1612 538 vocibus
1631 505 1788 538 convenit
1815 505 1964 538 definitio
1987 506 2060 541 Ma·

1190 554 1282 599 gistri
1304 554 1370 590 mei
1384 577 1395 594 ‚
1421 552 1537 598 quibus
1556 562 1665 588 tamen
1689 564 1758 587 non
1779 555 1935 588 convenit
1947 555 2060 591 defini.

1191 605 1242 638 tio
1263 614 1353 638 mea.
1384 603 1538 639 Probatur
1546 605 1742 638 antecedens:
1767 603 1920 638 definitio
1932 614 2061 648 catego-

1192 655 1323 688 rematis
1353 654 1429 688 data
1457 654 1475 688 ὲ
1497 654 1593 688 Patre
1625 654 1789 699 Magistro
1809 654 2060 694 Paludano-est,

1190 704 1241 746 esse
1262 715 1362 738 vocem
1381 702 1482 746 perse
1499 701 1754 748 fignificativnm‚
1781 715 1848 746 quae
1864 704 1957 746 potest
1973 702 2063 747 figni-

1189 752 1277 796 ficare
1294 750 1414 797 aliquid
1428 751 1461 797 se
1489 752 1555 797 sola
1575 753 1684 797 absque
1704 752 1844 797 consortio
1861 753 2062 797 cujuscumque

1192 805 1319 838 alterius
1339 810 1421 838 vocis
1448 827 1460 844 ,
1490 805 1574 845 cujus
1603 803 1838 848 significationem
1859 808 1892 837 in
1914 809 2062 837 orationis
2074 839 2089 851 δ,

1190 862 1328 893 contextu
1350 855 1494 897 modificet
1513 855 1548 888 (9
1568 859 1616 887 cui
1628 853 1723 897 -quafi
1739 853 1896 889 adbaereat
1915 879 1923 888 .
1953 854 2060 898 Atqui

1192 905 1284 938 casus
1304 904 1434 946 obliqui
1456 905 1630 940 nominum
1651 905 1724 939 sunt
1744 916 1839 939 voces
1851 915 1905 948 per
1923 905 1955 939 se
1967 904 2063 950 signi·

1192 953 1330 992 ficativae
1353 966 1361 985 :
1403 964 1483 998 ergo
1502 954 1568 988 illis
1591 955 1726 998 quadrat
1746 954 1897 989 definitio
1915 955 2063 998 syncate-

1192 1003 1368 1048 gorematis
1398 1003 1516 1038 tradita
1537 1003 1556 1037 ὲ
1576 1004 1745 1050 Magistro
1762 1015 1837 1039 meo
1856 1004 2029 1039 Paludano
2054 1028 2062 1036 .

1192 1053 1344 1087 Probatur
1362 1057 1478 1088 minor:
1505 1054 1582 1097 quia
1604 1055 1691 1088 inter
1703 1066 1795 1089 voces
1805 1054 1958 1088 habentes
1971 1053 2071 1091 idem.

1191 1102 1407 1149 significatum
1428 1102 1603 1146 principale
1623 1104 1819 1147 impossibile
1834 1103 1878 1138 est
1892 1115 1991 1139 unam
2004 1114 2060 1147 per

1191 1154 1222 1187 se
1244 1152 1493 1198 fignificativam
1513 1153 1597 1194 esse,
1623 1154 1757 1189 alteram
1783 1165 1852 1189 non
1863 1156 1939 1188 effe:
1966 1155 2065 1196 atqui.

1191 1213 1474 1248 quorumcumque
1492 1202 1668 1238 nominum
1687 1205 1779 1238 casus
1802 1205 1904 1238 retius
1925 1205 1958 1237 dt
1979 1201 2062 1237 obli·
2108 1224 2114 1228 ⁴

1191 1253 1249 1298 qui
1273 1254 1348 1288 sunt
1369 1263 1466 1287 voces
1484 1251 1642 1288 habentes
1663 1253 1751 1288 idem
1777 1255 1919 1288 omnino
1932 1253 2062 1298 signifi⁴

1192 1314 1300 1337 catum
1326 1302 1506 1347 principale
1525 1315 1533 1335 ε
1560 1309 1607 1337 uti
1627 1305 1740 1337 clarum
1763 1302 1801 1343 est
1820 1329 1827 1336 .
1864 1304 1955 1348 Ergo
1977 1303 2063 1337 inter

1194 1354 1265 1387 illas
1290 1352 1482 1399 impoffibile
1503 1353 1547 1387 est
1569 1364 1669 1387 unam
1693 1354 1756 1388 esse
1779 1365 1834 1396 per
1854 1355 1885 1387 se
1906 1352 2067 1397 significa-

1194 1403 1294 1440 tivam
1328 1426 1340 1443 ,
1378 1403 1510 1438 alteram
1533 1401 1611 1437 vero
1632 1414 1701 1437 non
1728 1404 1790 1437 effe
1811 1417 1823 1439 .·
1859 1405 1950 1446 atqui
1973 1403 2063 1437 casus

1194 1453 1269 1486 resti
1297 1453 1470 1487 nominum
1494 1454 1567 1486 sunt
1593 1463 1689 1491 voces
1704 1464 1758 1497 per
1785 1454 1814 1486 se
1824 1452 2062 1497 significativa:

1193 1513 1271 1547 ergo
1292 1502 1326 1535 δε
1347 1503 1438 1537 casus
1454 1500 1582 1546 obliqui
1603 1503 1696 1537 sunt.
1717 1507 1754 1535 In
1764 1502 1814 1536 boc
1826 1501 1955 1545 discursu
1966 1507 2066 1535 omnia

1189 1551 1263 1595 sunt
1277 1554 1359 1584 clara
1366 1560 1480 1594 praeter
1491 1555 1634 1592 majorem
1644 1577 1652 1584 .
1665 1553 1722 1585 Illa
1733 1563 1799 1596 ergo
1805 1552 1950 1593 probatur
1963 1551 2066 1595 :quia

1196 1602 1250 1636 illa
1262 1613 1327 1636 vox
1338 1601 1384 1641 est
1394 1612 1450 1645 per
1462 1602 1494 1635 se
1505 1601 1716 1646 significativa
1729 1626 1740 1642 ‚
1768 1612 1836 1644 quae
1844 1598 1940 1635 habet
1950 1600 2070 1645 fignifi-

1194 1662 1326 1691 catum‘,
1352 1651 1441 1696 quod
1452 1661 1506 1696 per
1517 1653 1548 1686 se
1558 1651 1662 1695 potest
1675 1651 1847 1697 significari
1867 1663 1873 1683 ε
1902 1652 1964 1685 sive
1975 1650 2067 1693 cujus

1194 1701 1410 1747 significatum
1421 1701 1466 1735 est
1479 1713 1534 1744 per
1546 1701 1796 1747 sefignificabile
1809 1727 1816 1734 .
1829 1702 1919 1735 Sicut
1931 1701 2021 1735 enim
2033 1701 2069 1733 si-

1194 1748 1424 1796 gnificativum
1436 1751 1470 1786 &
1489 1749 1705 1796 significabile
1732 1752 1796 1786 sese
1807 1762 1924 1786 mutuo
1937 1759 2067 1794 ponunt

1192 1803 1228 1841 <St
1248 1801 1396 1847 tollunt,·
1419 1802 1466 1835 ita
1488 1803 1587 1836 etiam
1609 1801 1860 1849 significativum
1886 1801 1981 1844 perse
1996 1824 2007 1840 ,
2032 1800 2066 1837 δι

1194 1851 1406 1897 significabile
1427 1861 1479 1895 per
1498 1853 1529 1886 se
1544 1876 1551 1883 .
1578 1850 1680 1895 Atqui
1704 1853 1788 1885 inter
1811 1850 1891 1886 duas
1903 1860 1999 1885 voces
2012 1848 2067 1884 ha·

1196 1901 1306 1936 bentes
1329 1901 1418 1935 idem
1448 1900 1663 1944 significatum
1686 1900 1863 1944 principale
1885 1925 1896 1941 ,
1923 1899 2067 1943 imposn-

1195 1951 1262 1985 bile
1277 1950 1324 1984 est
1346 1960 1446 1986 unam
1466 1949 1605 1993 habere,
1632 1951 1765 1985 alteram
1790 1949 1866 1984 vero
1890 1961 1955 1984 non
1972 1949 2067 1984 habes

1194 2011 1226 2033 re
1250 1998 1470 2044 significatum
1494 2011 1548 2043 per
1569 2000 1599 2034 se
1618 1999 1854 2044 fignificabile:
1881 2011 1961 2044 ergo
1984 2000 2068 2034 simi-

1194 2049 1268 2083 liter
1288 2048 1481 2091 impossibile
1503 2051 1547 2083 est
1568 2072 1579 2091 ,
1616 2060 1652 2083 ut
1675 2049 1758 2084 inter
1781 2050 1861 2084 duas
1884 2060 1980 2084 voces
2005 2048 2067 2084 δι’

1194 2097 1305 2131 bentes
1326 2096 1411 2130 idem
1421 2097 1637 2141 significatum
1654 2099 1855 2142 principale,
1883 2110 1920 2134 ut
1933 2101 1970 2134 sit
1985 2123 1996 2141 ,
2021 2100 2068 2134 al·

1191 2157 1257 2181 tera
1286 2157 1355 2181 non
1378 2145 1417 2185 fit
1440 2157 1493 2188 pet
1513 2148 1545 2183 se
1555 2147 1788 2191 significativa.
1819 2151 1920 2190 Major
1932 2150 2001 2183 licet
2011 2150 2068 2183 cla·

1191 2208 1227 2229 ra
1244 2194 1304 2238 fit,
1328 2195 1426 2229 adbuc
1446 2205 1549 2232 tamen
1555 2196 1721 2238 probatur:
1749 2199 1827 2243 quia
1847 2209 1961 2234 vocem
1973 2198 2064 2244 signi·

1192 2247 1288 2283 ficare
1313 2246 1358 2279 est
1386 2256 1500 2279 vocem
1527 2247 1561 2278 in
1574 2247 2066 2293 audientefignificatisuicon·

1191 2305 1323 2338 ceptum
1348 2295 1512 2336 caussare3
1539 2305 1620 2339 ergo
1643 2296 1701 2329 illa
1729 2308 1794 2330 vox
1821 2298 1926 2340 potest
1950 2297 1983 2333 se
1996 2298 2065 2333 sola

1191 2343 1371 2389 significare
1393 2368 1404 2383 ‚
1431 2355 1501 2388 quae
1524 2344 1627 2387 potest
1657 2346 1687 2379 se
1713 2346 1778 2379 sola
1798 2346 1832 2380 in
1853 2347 2007 2382 audiente
2029 2348 2066 2382 fl-

1190 2393 1338 2438 gnificati
1369 2394 1417 2430 sui
1447 2404 1642 2438 conceptum
1679 2397 1819 2430 cauffare
1840 2396 1931 2439 atqui
1955 2397 2065 2431 omnis

1192 2444 1250 2480 ista
1273 2455 1337 2478 vox
1361 2444 1465 2486 potest
1490 2445 1521 2477 se
1545 2444 1610 2477 sola
1622 2444 1788 2491 significati
1804 2446 1848 2479 sui
1863 2457 2060 2489 conceptum

1192 2494 1226 2527 in
1251 2493 1409 2527 audiente
1431 2495 1593 2533 caussare,
1618 2504 1689 2537 quae
1710 2493 1808 2529 habet
1823 2496 2037 2540 significatum
2051 2521 2063 2538 ,

1190 2543 1281 2585 cujus
1300 2552 1478 2586 conceptus
1501 2542 1587 2577 solus
1600 2544 1734 2578 caussari
1747 2545 1871 2589 potest:
1898 2557 1979 2590 ergo
1991 2557 2063 2580 om-

1192 2593 1242 2627 nis
1262 2592 1319 2627 ista
1338 2602 1401 2626 vox
1422 2593 1468 2626 est
1491 2594 1522 2626 se
1543 2593 1610 2627 sola
1635 2594 1849 2639 fignificntiva
1873 2619 1884 2636 ,
1910 2606 1980 2640 quae
2001 2595 2064 2631 hav

1191 2642 1246 2677 bet
1265 2642 1480 2687 significamm
1498 2643 1532 2676 so
1553 2643 1624 2677 solo
1644 2643 1873 2688 significabile.

1243 2701 1298 2741 30.
1323 2695 1496 2729 Praeterea:
1522 2692 1615 2727 Pater
1625 2684 1782 2739 Magister
1796 2695 1973 2729 Pa'ludaenus
1985 2705 2062 2730 con·

1192 2742 1301 2777 fundit
1322 2743 1587 2787 syncategorema
1607 2754 1683 2777 cum
1709 2742 1810 2782 modo
1824 2744 2059 2788 significativo.

1193 2791 1296 2834 Atqui
1317 2793 1407 2826 casus
1427 2791 1554 2834 obliqui
1579 2794 1752 2828 nominum
1766 2804 1871 2838 neque
1883 2794 1979 2833 sunt,
2007 2805 2062 2827 nee

1191 2853 1255 2887 que
1287 2841 1462 2876 secundum
1483 2841 1682 2888 Magistrum
1708 2854 1817 2877 meum
1841 2844 1904 2877 effe
1928 2846 2060 2886 poffunt

1191 2892 1284 2927 modi
1302 2891 1511 2937 significativi
1524 2906 1535 2926 .-
1560 2903 1640 2938 ergo
1662 2904 1766 2936 neque
1785 2894 1870 2936 apud
1883 2894 1984 2936 ipsum
1997 2895 2059 2927 esse

1193 2944 1321 2987 possunt
1341 2944 1642 2987 syncategoremata
1664 2955 1674 2986 ;
1712 2942 1765 2977 sed
1786 2943 1850 2977 esse
1872 2942 1993 2978 debent
2011 2955 2061 2977 ca-

1189 3000 1392 3039 tegoremata
1413 3004 1421 3025 :
1451 3003 1532 3036 ergo
1557 2992 1766 3028 definitiones
1787 2994 1899 3030 nostrae
1920 2994 2006 3029 inter
2029 2992 2059 3026 se

1191 3054 1259 3078 non
1281 3051 1535 3078 convertuntur.
1562 3043 1651 3077 Nam
1675 3042 1769 3086 juxta
1787 3054 1875 3077 meas
1896 3042 2060 3077 definitio·

1190 3105 1247 3128 nes
1260 3117 1271 3135 ,
1296 3094 1387 3128 casus
1407 3094 1581 3126 nominum
1601 3092 1729 3135 obliqui
1751 3103 1821 3127 non
1844 3100 2062 3137 cart-gotoma-

1188 3154 1220 3177 ta
1243 3143 1339 3185 sunt3
1365 3144 1514 3186 quamvis
1535 3151 1647 3176 tamen
1669 3153 1737 3176 non
1760 3142 1820 3177 sint
1846 3143 1937 3178 modi
1963 3141 2062 3187 figni-

1187 3193 1329 3233 ficativi.
1358 3191 1506 3225 Probatur
1526 3197 1645 3230 minor.-
1672 3193 1749 3234 quia
1772 3191 1891 3227 modus
1901 3193 2062 3238 significa-

1187 3243 1275 3277 tivus
1293 3241 1457 3284 adjunctus
1476 3240 1567 3275 alteri
1591 3241 1806 3277 solummodo
1830 3241 2060 3287 modofignifi-

1188 3293 1298 3326 cativo
1322 3291 1406 3324 nihil
1432 3290 1536 3334 potest
1558 3291 1762 3336 significare;
1791 3291 1844 3326 sed
1856 3303 1892 3328 ut
1902 3291 2060 3339 significa-

1190 3354 1222 3377 re
1244 3340 1358 3384 possit,
1384 3341 1557 3375 necessario
1577 3341 1711 3386 adjungi
1733 3340 1832 3376 debet
1854 3343 1951 3378 alicui
1964 3341 2060 3386 figni-

1191 3391 1324 3426 ficativo
1347 3389 1518 3426 absoluto:
1544 3391 1635 3433 atqui
1659 3392 1752 3426 casus
1774 3393 1949 3428 nominum
1970 3390 2060 3426 obli—

1191 3442 1247 3487 qui
1268 3440 1408 3485 adjunsti
1430 3439 1641 3476 solummodo
1668 3441 1759 3476 alteri
1783 3441 1886 3478 modo
1904 3441 2061 3488 significa-

1191 3494 1263 3530 tivo
1284 3491 1464 3540 significare
1487 3491 1641 3538 possunt,-
1668 3502 1729 3530 νει.
1740 3503 1789 3540 gr.
1808 3505 1885 3530 curn
1897 3494 1973 3529 dico
1983 3492 2061 3523 omni

1942 3546 2013 3575 tem·
