2384 3770
356 119 527 198 ’144
729 134 1045 187 stnutnr.
1116 140 1235 188 v11.

393 224 463 249 tum
485 216 519 248 δε
538 214 712 272 subjedum
732 234 744 254 .-
774 232 855 266 ergo
875 223 1051 266 propositio
1082 224 1259 265 mentalis,

391 266 425 300 ἃς
448 263 608 301 denuntio·
630 269 784 309 mentalis
812 273 885 307 sunt
916 283 1092 318 conceptus
1123 272 1262 319 quidam*

391 316 574 351 virtualiter
596 321 784 363 complexi.

446 375 496 406 ιι.
521 368 581 404 Sed
599 380 699 403 eontra
721 372 802 405 dico:
826 371 893 410 hate
917 383 985 407 non
1011 373 1095 410 bene
1114 376 1256 412 cohaere-

390 424 445 455 re,
465 428 567 461 neque
590 431 788 465 conceptum
811 423 927 463 illum,
949 425 1004 468 qui
1027 424 1115 475 atque
1138 428 1253 468 multa,

388 476 427 500 ac
448 470 539 511 aeque'
559 469 706 505 distinete
726 474 948 516 repraesentat,
971 485 1070 521 quarn
1088 477 1145 510 alii
1174 490 1251 512 con·

387 526 498 563 ceptus
509 521 614 563 plures
627 523 751 555 realiter
768 523 911 557 distincti
924 546 935 563 ,
956 527 1044 567 posse
1068 529 1174 561 vocari
1194 530 1251 563 vir·

386 570 516 603 tualiter
537 572 746 614 complexum
762 584 769 604 t
787 572 877 607 Nam
899 572 967 608 hoc
990 576 1093 611 modo
1112 589 1250 623 concep-

384 633 438 657 tus
448 620 695 665 simplicissimus
706 624 862 664 divinus,
876 625 932 668 qui
955 626 1069 659 omnia
1081 627 1135 661 illa
1150 651 1162 668 ,
1178 639 1249 684 quae

381 683 498 710 omnes
525 674 669 708 omnino
695 684 873 717 conceptus
892 675 990 708 creati
1015 679 1248 721 repraesentant,

380 734 450 757 non
474 724 577 761 solum
598 724 686 769 aeque
707 724 872 767 distinct&
895 726 949 760 sed
970 726 1070 760 etiam
1084 727 1184 781 longe
1194 730 1247 764 di—

378 773 525 809 maenus
541 777 760 818 repraei‘entat;
788 776 873 810 foret
899 776 1080 811 virtualiter
1105 780 1248 824 comple—

377 835 459 864 xus:
484 824 574 871 quod
596 824 668 858 licet
690 825 792 873 aliqui
814 825 1028 863 Recentiores
1050 828 1242 877 admittam,-

377 885 487 910 tamen
512 874 754 909 admittendum
780 876 966 910 nullatenus
987 876 1054 912 estz
1076 890 1153 914 cum
1173 883 1242 915 nul-

374 924 400 958 li
421 925 546 970 antiqui
567 923 766 967 Philosophi
788 935 843 960 aut
867 925 1038 972 Tneologi
1061 930 1170 965 taliter
1187 932 1239 965 lo-

372 984 531 1021 quantur.
554 973 662 1012 lmmo
679 975 727 1011 illi
750 999 761 1015 ,
782 977 840 1022 qui
863 975 1024 1020 judicium
1048 979 1139 1015 suurn
1170 993 1240 1024 pro·

372 1024 567 1068 positionem
603 1025 780 1061 mentalem
808 1038 924 1071 putant
945 1029 1010 1063 effe
1041 1041 1237 1074 conceptum

369 1084 410 1107 ex
444 1075 589 1118 pluribus
622 1075 810 1118 partialibus
832 1078 961 1112 realiter
993 1082 1238 1125 compositum,

366 1123 486 1159 dicunt
513 1137 712 1172 conceptum
745 1127 810 1160 Dei
836 1129 899 1162 effe
938 1127 1204 1172 apprehenfivum
1225 1156 1236 1173 ,

366 1174 463 1209 simul
483 1175 766 1221 &judicativam‚
791 1187 899 1211 tamen
926 1177 992 1213 fine
1002 1180 1236 1224 complexione

366 1235 422 1258 aut
432 1224 689 1269 compositione.
715 1230 888 1266 Fra-terea:
912 1239 1110 1272 conceptum
1125 1242 1234 1273 reprae-

365 1276 550 1312 sentantem
568 1278 658 1321 aeque
674 1278 775 1311 multa
796 1278 886 1323 aeque
896 1278 1046 1319 distinde
1067 1291 1106 1315 ac
1129 1291 1235 1326 reprae-

365 1326 495 1360 sentant
516 1337 693 1370 conceptus
714 1328 842 1362 realiter
862 1328 1003 1371 distincti
1019 1354 1029 1369 ‚
1052 1342 1119 1365 non
1148 1332 1235 1375 posse

364 1375 472 1409 vocari
494 1377 724 1419 complexum.
752 1377 845 1411 Probo
870 1378 920 1413 boc
944 1373 1098 1423 dist-ursa,
1127 1379 1235 1424 firmo,

364 1429 398 1458 ni
409 1424 504 1466 fallor
525 1450 535 1466 ,
565 1427 599 1462 tie
628 1427 731 1469 efficaci
750 1440 757 1460 :
785 1428 862 1473 quia
883 1427 906 1462 fi
925 1431 1035 1464 omnis
1054 1442 1235 1475 conceptus

363 1475 454 1519 aeque
486 1473 634 1512 distinete
659 1477 881 1520 repraesentans
902 1503 914 1519 ,
945 1490 982 1513 ac
1012 1483 1232 1525 representant

364 1525 422 1559 alii
443 1525 550 1569 plures
572 1525 699 1561 realiter
729 1527 872 1564 distinsti
892 1553 903 1568 ,
933 1529 1017 1566 foret
1053 1542 1233 1574 conceptus

364 1577 582 1619 complexus;
600 1587 681 1612 runc
698 1579 807 1614 omnis
829 1580 971 1616 omnino
999 1579 1232 1625 cujuscumque

363 1626 551 1670 praedicari‚
575 1637 783 1671 preterquam
803 1629 887 1663 entis
909 1628 943 1663 in
971 1641 1090 1674 genere
1115 1657 1124 1672 ,
1153 1643 1232 1666 con·

364 1685 477 1718 ceptus
509 1674 593 1710 foret
625 1678 815 1720 complexus
834 1691 846 1711 .·
879 1679 914 1713 δε
937 1680 1024 1715 solus
1055 1692 1232 1725 conceptus

364 1724 451 1760 entis
473 1725 555 1760 foret
577 1726 733 1770 simplex.-
753 1738 1015 1772 conceptusvero
1037 1730 1232 1772 substantiae,

364 1774 564 1816 accidentis,
582 1778 744 1818 viventis,
763 1779 907 1821 corporis
926 1804 937 1819 ‚
959 1780 1109 1816 animalis
1134 1806 1145 1823 ,
1175 1781 1234 1816 ho-

364 1826 484 1865 minis,
506 1824 615 1864 bruti,
678 1828 710 1860 ui
733 1851 743 1868 ‚
764 1828 826 1862 dte.
849 1827 932 1863 foret
953 1841 1131 1876 conceptus
1144 1842 1232 1866 com-

364 1875 477 1920 plexi.
503 1874 718 1919 Consequens
739 1877 913 1912 absurdum
934 1881 1001 1920 est,
1020 1882 1053 1916 ἀ
1075 1882 1169 1924 plane
1191 1893 1234 1916 re-

364 1935 517 1970 pugnans
550 1925 716 1969 principiis
751 1925 888 1965 istorum
922 1928 1201 1974 Philosophorum
1221 1956 1232 1972 ,

362 1985 481 2012 contra
505 1985 587 2019 quos
608 1977 705 2011 nobis
727 1973 782 2011 hie
801 1976 846 2010 est
869 1977 1070 2016 dissertatio:
1096 1991 1176 2025 ergo
1199 1981 1232 2016 ἀ

365 2026 564 2064 antecedens
584 2025 759 2060 absurdum
782 2027 826 2061 cst
840 2052 851 2068 ,
869 2040 909 2061 ex
933 2040 1000 2071 quo
1022 2030 1085 2064 tale
1098 2030 1233 2066 infertur

366 2077 585 2119 consequens.
609 2076 739 2108 Probare
758 2074 805 2107 bic
827 2085 940 2116 oportet
956 2077 1109 2120 sequelam
1142 2082 1233 2121 majo-

366 2130 411 2159 ris
427 2150 438 2166 ,
457 2135 522 2158 cum
543 2130 649 2159 minori
670 2136 677 2155 :
713 2129 889 2165 incipiamus
912 2128 933 2158 ἆ
963 2133 1086 2160 minori:
1111 2128 1187 2172 quia
1210 2129 1232 2162 fi

367 2185 546 2217 conceptus
558 2173 738 2211 substantia:
747 2174 941 2213 ,accidentis
952 2200 962 2217 ,
985 2175 1132 2212 hominis
1140 2202 1152 2220 ‚
1163 2177 1234 2215 bru·

369 2224 395 2258 ti
408 2248 419 2264 ,
434 2225 652 2267 omniumque
669 2224 808 2258 aliorum
834 2225 1077 2267 praedicatorum
1090 2252 1100 2268 ,
1122 2238 1232 2270 prater

369 2276 504 2308 unicum
514 2284 712 2317 conceptum
720 2274 807 2308 entis
818 2297 827 2313 ‚
839 2275 948 2308 forent
960 2286 1139 2320 conceptus
1146 2288 1231 2311 com·

368 2324 458 2368 plexi
481 2347 491 2363 ,
515 2334 596 2358 tunc
615 2323 716 2358 etiam
737 2335 833 2358 voces
847 2321 1013 2366 substantia
1030 2351 1040 2367 ,
1071 2327 1229 2367 accidens,

368 2373 451 2408 homo
471 2398 482 2413 ,
501 2373 622 2407 brutum
649 2396 660 2413 ‚
677 2384 769 2417 equus
794 2397 804 2414 ,
821 2375 1001 2419 omnesque
1021 2376 1091 2410 aliz
1114 2387 1231 2416 voces.

370 2428 478 2468 praeter
499 2423 601 2458 solam
625 2434 739 2458 vocem
759 2434 835 2463 ens,
858 2425 967 2460 forent
990 2437 1087 2461 voces
1125 2426 1232 2472 logice

331 2507 333 2509 ,
368 2473 566 2517 complexa:
592 2485 668 2508 nam
692 2473 776 2517 apud
798 2473 1008 2510 Adversarios
1028 2475 1155 2511 nostros
1166 2488 1232 2515 vox

367 2523 476 2568 logice
496 2525 669 2567 complexa
690 2523 735 2557 est
758 2524 812 2557 illa
832 2547 843 2564 ,
868 2536 939 2568 quae
963 2525 1124 2570 significat
1145 2539 1230 2562 con-

366 2586 496 2618 ceptum
516 2575 733 2618 complexum
745 2574 949 2619 consequens
968 2575 1141 2611 absurdum
1163 2578 1208 2613 est
1220 2602 1231 2619 ‚

367 2625 402 2659 δε
423 2636 489 2658 non
513 2625 617 2663 solum
642 2635 756 2658 contra
787 2625 982 2661 adversarios
1000 2639 1015 2669 ,-
1038 2626 1091 2661 sed
1116 2630 1230 2662 contra

367 2684 472 2709 totam
497 2672 765 2718 Philosophiam.-
783 2684 863 2719 ergo
885 2676 918 2709 ἀ
939 2676 1133 2712 antecedens
1149 2702 1157 2710 .
1187 2678 1231 2712 Et

366 2724 443 2759 sane
465 2735 531 2767 quo
549 2725 769 2759 fundamento
782 2749 793 2764 ,
816 2736 872 2759 aut
892 2737 960 2770 quo
982 2727 1095 2761 colore
1115 2738 1231 2761 ornnes

367 2774 520 2809 omnium
551 2775 793 2818 praedicatorum
825 2786 1004 2820 conceptus
1023 2777 1090 2812 dici
1111 2777 1230 2821 pomnt

366 2826 429 2859 esse
449 2825 640 2867 complexi,
661 2835 725 2869 ego
746 2836 812 2863 non
834 2826 933 2859 video
946 2851 958 2866 ,
979 2838 1084 2869 neque
1103 2827 1230 2862 credoa

366 2875 522 2919 quopiam
545 2875 576 2909 id
597 2876 665 2908 fore
687 2873 945 2910 admittendum·

421 2936 473 2961 12·
499 2926 709 2970 aggrediamur
727 2935 803 2958 nunc
821 2924 969 2969 sequelam
991 2929 1132 2968 maJ'oris:
1154 2927 1230 2971 quia

367 2985 484 3010 omnes
502 2976 653 3010 omnium
668 2976 912 3016 predicatorum
933 2987 1133 3021 conceptus,
1145 2977 1231 3011 dem-

367 3035 426 3067 pto
445 3036 607 3068 conceptu
628 3027 713 3060 entis
735 3028 959 3073 repraesentant
989 3028 1075 3072 nque
1106 3028 1230 3068 multa,

366 3076 401 3109 ἀ
424 3075 514 3118 aeque
532 3075 702 3117 distincte,
720 3089 817 3121 quam
841 3077 945 3120 plures
975 3078 1029 3112 alii
1052 3088 1231 3121 conceptus

368 3126 494 3162 realiter
513 3124 673 3159 distincti:
694 3139 774 3172 ergo
797 3130 818 3163 fi
839 3138 1019 3169 conceptus
1040 3129 1231 3171 complexus

367 3176 406 3209 {it
429 3176 504 3215 ille,
524 3177 579 3218 qui
603 3177 691 3219 aeque
712 3181 814 3214 multa
837 3178 926 3221 aeque
945 3177 1095 3212 distincte
1126 3189 1246 3221 reprae-1'

369 3225 471 3259 sentat
485 3251 496 3267 ,
514 3239 551 3260 ac
577 3228 680 3270 plures
701 3228 755 3263 alii
778 3229 910 3264 realitzr
934 3228 1073 3262 distinffl
1088 3253 1098 3267 ‚
1117 3216 1247 3263 οωιιες1

369 3275 507 3309 omnino
519 3278 671 3312 omnium
683 3280 924 3321 praedicatorum
946 3289 1022 3313 ente
1042 3279 1231 3314 inferiorum
1245 3283 1247 3321 ζ

368 3333 546 3379 conceptus
567 3339 661 3363 erunt
673 3331 857 3374 complexi.
886 3329 1034 3364 Probatur
1043 3330 1230 3364 antecedent:
1245 3342 1248 3376 3

368 3383 446 3416 quia
467 3385 642 3419 conceptus
658 3379 890 3423 cuiuscumque
908 3380 1073 3423 praedicati
1098 3380 1233 3414 inferio·

367 3421 411 3459 ris
425 3421 573 3457 distincte
594 3431 792 3469 repraesentat
809 3428 1015 3473 praedicatum
1041 3428 1232 3473 superius&
1246 3428 1261 3489 {⁷

363 3471 600 3518 differentiam,
622 3476 684 3514 five
703 3481 842 3518 modum
855 3480 1106 3522 contractivum,
1132 3491 1169 3515 ac
1182 3480 1231 3514 sni

1307 143 1447 189 Dus.
1517 144 1552 190 1,
1624 143 1779 191 Stet.
1849 144 1923 192 11.

1300 225 1593 279 {constitutivumz
1619 229 1709 272 atqui
1722 227 1928 272 practicatum
1950 228 2094 274 superius
2105 238 2191 269 eona

1301 278 1452 318 {tracium
1467 278 1500 314 ὅ(
1523 278 1730 322 praedicatum
1754 279 1970 321 contrahens,
1996 279 2061 315 five
2083 279 2123 314 fit
2134 286 2192 323 ve·>

1299 341 1348 371 :sa
1375 329 1571 370 differentia,
1586 332 1651 363 sive
1677 329 1888 364 solummodo
1912 330 2052 372 modus,
2076 342 2184 376 reprae-

1300 381 1505 419 sentiuntur,
1532 381 1583 414 vel
1611 382 1695 415 certe
1721 379 1939 423 repraesentari
1966 382 2095 423 poffunt
2122 392 2179 424 per

1298 430 1398 467 »duos
1423 441 1603 472 conceptus
1631 431 1757 477 realiter
1783 429 1970 472 distinctos5
1995 435 2042 463 uu
2054 432 2187 466 evidens-

1297 468 1351 519 {5st
1364 505 1374 519 ‚
1395 481 1430 516 ὠ*
1451 480 1618 515 ὶηάιιθιοηε
1627 481 1825 522 “templorum
1844 479 1942 522 facile
1958 478 2067 518 fiendi
2074 480 2178 522 potest.

1295 526 1406 587 {lssrgo
1432 530 1539 573 quivis
1563 541 1745 574 conceptus
1770 529 2007 576 cujuscumque
2031 531 2179 573 predica-

1311 591 1336 614 ιι
1366 579 1525 615 inferioris
1537 578 1735 623 repraefentat
1761 578 1852 624 eque
1878 581 1982 613 multa
2000 603 2012 620 ,
2036 591 2074 613 ac
2090 582 2181 625 atquo

1308 630 1477 670 distincte,
1503 640 1601 675 quam
1631 630 1853 673 repraesentent
1880 631 1993 673 plures
2017 628 2074 663 alii
2099 640 2181 669 con-

1307 691 1423 724 ceptus
1450 681 1575 714 realiter
1600 678 1760 714 distincti.
1786 679 1934 714 Probatur
1947 682 2042 721 mojor
2066 693 2075 714 z
2100 683 2179 726 quia

1306 741 1483 774 conceptus
1510 730 1678 774 praedicati
1706 729 1874 764 inferioris
1899 732 2102 774 representat
2126 731 2178 765 di·

1305 781 1416 815 stincte
1438 781 1553 817 omnia
1580 779 1636 814 illa
1652 804 1664 820 ,
1691 790 1763 824 quat
1789 780 1863 813 sunt
1884 779 1926 814 de
1951 780 2087 814 essentia
2113 780 2178 818 ifli-

1304 843 1341 865 us
1368 831 1525 875 praedicati
1551 843 1566 874 ,-
1591 831 1682 874 atqui
1708 829 1751 864 de
1776 828 1911 867 eflentia
1931 830 2095 874 praedicati
2122 831 2180 865 in-

1304 882 1430 918 ferioris
1454 882 1499 916 est
1515 879 1722 925 praedicatum
1747 879 1915 923 superius,
1938 891 1977 914 ac
2002 880 2179 917 fimuldif-

1302 932 1443 967 ferentia
1469 932 1532 965 slve
1559 929 1675 964 modus
1701 928 1901 965 contrahens
1939 939 1978 963 ac
2013 929 2179 967 constitu·-

1301 993 1359 1016 ens
1382 995 1390 1015 ε
1427 992 1506 1027 ergo
1531 990 1709 1026 conpeptus
1736 980 1898 1024 pra-,dicati
1927 978 2091 1014 inferioris
2128 992 2177 1014 re·

1302 1033 1466 1076 praesentat
1493 1030 1641 1066 distincte
1668 1031 1702 1065 δι
1728 1026 1942 1073 ptae'dicarum
1971 1028 2115 1074 superius
2135 1029 2173 1068 a:

1300 1082 1394 1116 fimul
1420 1081 1637 1117 differentiam
1664 1103 1676 1121 ,
1716 1080 1779 1113 five
1803 1080 1941 1117 modum
1979 1081 2177 1116 contrahen-

1301 1143 1390 1166 tem.

1353 1192 1404 1228 13.
1431 1182 1493 1214 scio
1516 1178 1867 1223 mibirespondendume
1891 1188 2092 1222 conceptum
2101 1190 2176 1224 pra·

1299 1231 1400 1265 dicati
1435 1230 1598 1266 inferioris
1623 1231 1686 1265 effe
1721 1239 1921 1271 conceptum
1961 1229 2175 1271 praedicatum

1299 1281 1468 1324 superioris
1492 1281 1651 1316 contracti
1673 1305 1684 1322 ,
1712 1291 1750 1313 ac
1777 1279 1871 1315 simul
1897 1279 2067 1322 praedicati
2093 1291 2175 1314 con·

1299 1331 1478 1375 trahentis3
1505 1331 1557 1366 sed
1586 1330 1820 1367 tantummodo
1844 1328 2043 1371 confusum,
2069 1331 2175 1364 nulla·

1297 1393 1393 1417 tenus
1420 1381 1497 1416 vero
1521 1381 1712 1417 distinaum
1736 1404 1747 1421 ‚
1773 1391 1802 1416 v,
1829 1390 1862 1423 g.
1888 1389 2087 1421 conceptum
2112 1378 2174 1414 ho·

1297 1431 1396 1466 minis
1421 1431 1484 1465 effe
1508 1432 1642 1479 quidem
1667 1439 1864 1474 conceptum
1888 1428 2107 1463 animalitatis
2131 1440 2172 1464 ac

1297 1481 1388 1515 simul
1414 1480 1666 1521 rationalitatis3
1693 1481 1747 1518 sed
1775 1480 1949 1516 confusum
1977 1501 1989 1519 ,
2013 1489 2083 1514 non
2110 1478 2173 1515 dis·

1296 1533 1435 1568 tinstum
1457 1555 1465 1564 .
1502 1532 1552 1566 lta
1578 1532 1701 1566 etenim
1728 1530 1839 1574 paffim
1866 1527 1935 1562 haec
1961 1529 1997 1561 in
2034 1526 2168 1564 Scholis

1296 1581 1463 1618 modernis
1489 1581 1691 1616 ventilantur
1707 1605 1719 1620 ,
1748 1590 1783 1615 ut
1809 1578 2001 1615 ostendatur
2025 1590 2168 1622 quomo-

1295 1632 1339 1665 do
1365 1631 1541 1666 definitum
1579 1643 1617 1665 ac
1642 1630 1795 1665 definitio
1824 1640 1892 1663 non
1921 1628 1984 1663 fint
2026 1630 2170 1670 synoni-

1295 1693 1346 1715 ma
1360 1706 1367 1714 .
1394 1682 1454 1715 sed
1477 1681 1641 1715 audomas
1663 1680 1773 1714 schola·
1791 1678 1856 1721 five
1888 1683 2000 1713 veteris
2019 1676 2084 1720 five
2112 1689 2172 1712 mo·

1293 1733 1509 1774 dernaeparum
1519 1743 1565 1765 me
1586 1738 1704 1767 movet:
1727 1741 1791 1773 ego
1818 1728 1940 1773 quippe
1967 1728 2072 1762 homo
2083 1728 2168 1771 sum,

1294 1782 1348 1819 cui
1373 1782 1395 1815 fi
1421 1782 1516 1816 verba
1543 1781 1577 1816 ἅ
1604 1783 1699 1815 fucos
1722 1780 1895 1814 obtrudere
1920 1778 2046 1819 caeperis
2068 1789 2078 1821 ;
2102 1780 2168 1820 ple·

1293 1842 1349 1866 nus
1373 1836 1518 1866 rimarum
1532 1829 1601 1874 sum
1611 1829 1692 1871 ,boe
1711 1838 1800 1873 atque
1819 1829 1887 1861 illac
1902 1825 2012 1869 perfluo
2039 1840 2054 1867 a
2082 1827 2169 1863 nihil

1294 1881 1360 1916 tale
1384 1892 1496 1926 capere
1521 1891 1578 1915 aut
1603 1880 1776 1916 continere
1803 1878 1895 1912 valeo
1915 1889 1924 1911 z
1951 1877 2047 1921 proin
2074 1878 2168 1922 quip-

1294 1931 1380 1973 piam
1406 1932 1425 1969 ἡ
1451 1941 1504 1965 me
1529 1930 1601 1972 capi
1626 1940 1683 1964 aut
1695 1928 1861 1963 contineri
1890 1927 1912 1960 fi
1939 1926 2048 1967 velis,
2072 1926 2167 1962 firma

1293 1981 1327 2018 δε
1351 1979 1454 2017 solida
1480 1979 1604 2014 dicito.
1631 1977 1756 2019 ostendo
1767 1980 1858 2021 trgi·⁸
1880 1986 2077 2019 conceptum
2093 1987 2169 2019 prat·

1295 2031 1395 2067 dicati
1407 2029 1572 2064 inferioris
1581 2029 1643 2063 effe
1654 2040 1723 2063 non
1752 2026 1959 2063 solummodo
1981 2025 2167 2070 confusum5

1296 2080 1349 2113 sed
1367 2078 1441 2114 vere
1463 2078 1650 2113 distinctum
1668 2088 1864 2120 conceptum
1887 2076 2048 2119 praedicati
2071 2078 2167 2122 supe·-

1293 2127 1387 2162 rioris
1407 2127 1566 2164 contracti
1581 2151 1593 2168 ,
1607 2139 1645 2160 ac
1663 2127 1762 2161 etiam
1786 2125 1947 2170 praedicati
1968 2123 2166 2163 contrahen-

1293 2178 1355 2212 tis:
1376 2177 1478 2221 quia,
1497 2175 1582 2220 apud
1607 2175 1802 2217 Thomistas
1825 2199 1837 2215 ‚
1861 2185 2042 2218 conceptus
2066 2175 2167 2209 alicu·

1293 2228 1344 2271 jus
1370 2225 1529 2271 predicanti
1556 2225 1710 2263 confusus
1736 2224 1783 2259 est
1810 2226 1859 2267 is,
1883 2225 1941 2269 qui
1967 2223 2102 2268 quidem
2113 2234 2162 2260 at·

1294 2277 1407 2322 tingit
1424 2275 1585 2319 praetlicati
1612 2274 1792 2309 realitatem
1815 2298 1827 2315 ,
1855 2285 1924 2310 non
1951 2284 2061 2308 tamen
2081 2297 2094 2314 ,
2122 2282 2162 2309 nt

1295 2327 1339 2361 ita
1365 2327 1480 2369 loquar
1502 2349 1515 2369 ‚
1551 2325 1723 2360 virtualem
1758 2323 1990 2359 formalitatern
2012 2345 2024 2362 ,
2060 2327 2161 2368 quatu

1295 2375 1516 2420 principaliter
1543 2376 1699 2419 importat
1714 2399 1722 2408 .
1748 2373 1850 2417 Apud
1873 2373 2057 2419 seminas,-
2075 2384 2162 2409 con-

1293 2437 1408 2471 ceptus
1432 2425 1587 2462 confusus
1612 2425 1658 2461 est
1684 2434 1863 2467 conceptus
1888 2423 2052 2469 attingens
2077 2434 2161 2467 prae-

1294 2476 1395 2513 dicati
1415 2476 1595 2511 realitatem
1612 2499 1624 2516 ,
1651 2486 1718 2509 non
1747 2484 1859 2508 tamen
1885 2473 1974 2507 illius
1999 2472 2160 2510 actualem

1293 2526 1523 2561 formalitatem
1550 2524 1768 2569 principaliter
1781 2523 2010 2567 importatam.
2037 2523 2161 2557 Secun-

1291 2577 1371 2611 dum
1396 2586 1456 2611 nos
1468 2574 1545 2609 vero
1565 2573 1782 2614 Nominales,
1803 2582 1982 2615 conceptus
2001 2573 2159 2608 confusus

1294 2636 1429 2662 vocatur
1452 2635 1631 2668 conceptus
1665 2625 1834 2668 attingens
1871 2621 2034 2665 praedicati
2069 2622 2160 2656 reali-

1291 2686 1391 2710 tatem
1418 2687 1457 2709 ae
1493 2675 1704 2710 intrinsecam
1727 2673 1912 2712 entitatem,
1938 2683 2007 2706 non
2045 2682 2158 2709 tamen

1292 2726 1380 2760 illius
1406 2724 1583 2768 principale
1608 2733 1839 2759 commatum:
1868 2734 1897 2759 v,
1922 2732 1955 2767 g.
1980 2732 2159 2766 conceptus

1292 2775 1462 2812 distinctus
1487 2774 1698 2810 animalitatis
1723 2774 1767 2808 est
1795 2782 1976 2816 conceptus
2000 2772 2155 2811 confusus

1292 2825 1549 2861 rationalitatis:
1581 2826 1615 2860 &
1641 2822 1836 2869 generaliter
1863 2822 1948 2860 inter
1990 2822 2160 2867 praedicata

1292 2875 1351 2911 fibi
1381 2886 1498 2910 mutuo
1520 2875 1647 2910 realiter
1671 2873 1874 2909 identificata
1895 2898 1906 2914 ‚
1945 2872 1977 2907 δε
2004 2873 2068 2910 sese
2088 2882 2160 2907 mu-

1293 2925 1351 2965 ειιὸ
1377 2925 1436 2961 sub
1460 2934 1620 2969 conceptu
1641 2923 1871 2962 excludentia.
1897 2924 2018 2966 semper
2037 2933 2159 2958 conce-

1294 2987 1366 3020 ptus
1397 2976 1566 3012 distinctus
1594 2974 1691 3010 unius
1717 2973 1763 3007 est
1784 2982 1961 3015 conceptus
1998 2972 2158 3007 confusus

1273 3027 1445 3074 alterium
1472 3026 1548 3068 quia
1571 3025 1726 3058 nimirum
1753 3026 1765 3065 (
1788 3023 1935 3056 manendo
1962 3027 1995 3054 1η
2023 3022 2158 3066 exempto

1288 3078 1480 3123 praeallegato
1501 3077 1707 3118 >conceptus
1726 3072 1940 3107 animalitatis
1963 3072 2097 3116 quidem
2109 3082 2157 3106 at-

1292 3127 1393 3172 tingit
1428 3126 1636 3162 intrinsecam
1672 3124 1851 3157 realitatem
1884 3121 2115 3156 rationalitatis
2145 3132 2157 3154 t

1293 3176 1358 3212 haec
1378 3177 1503 3212 etenim
1520 3174 1631 3210 eadem
1655 3171 1751 3218 plane
1770 3172 1814 3206 est
1838 3183 1913 3208 cum
1939 3171 2157 3208 animalitate:

1294 3239 1360 3261 nou
1382 3236 1494 3264 tamen
1515 3224 1649 3269 attingit
1679 3224 1747 3265 ejus
1772 3230 1993 3264 connotatum
2014 3246 2026 3262 ,
2065 3217 2157 3265 quod

1291 3278 1365 3311 sunt
1391 3278 1597 3321 operationes
1623 3273 1829 3309 intellectiva
1852 3298 1859 3305 .
1898 3273 1987 3307 Nam
2021 3270 2158 3316 quando

1292 3329 1447 3372 concipio
1468 3325 1708 3360 animalitatem
1734 3350 1744 3364 ‚
1777 3325 1886 3357 formo
1917 3322 2007 3355 hunc
2040 3331 2159 3355 conce·

1294 3388 1384 3421 ptum
1406 3393 1417 3412 :
1452 3381 1631 3420 principium
1664 3375 1799 3407 eliciendi
1831 3376 2012 3415 operationes
2042 3369 2158 3414 senfin-

1291 3438 1367 3462 vas.
1397 3429 1435 3463 ln
1458 3439 1524 3471 quo
1543 3436 1611 3460 non
1637 3424 1725 3458 facio
1751 3424 1975 3461 mentionem,
1995 3431 2103 3462 neque
2113 3428 2160 3454 at·

1291 3477 1388 3525 tingo
1399 3478 1601 3524 operationes
1619 3473 1832 3511 inteueeiivas
1843 3480 2037 3511 connotatas
2047 3470 2066 3505 a
2078 3481 2158 3512 prz-

2023 3554 2027 3557 .
2066 3518 2118 3559 di·
