2384 3770
581 127 713 192 QAE
754 124 831 171 Er
870 120 1051 195 Quini
1091 123 1185 169 Sir
1224 120 1392 168 PRAEF
1436 106 1549 169 Sm'ss
1589 126 1738 173 Du1.'
1955 144 2048 183 109

279 217 335 245 tua
359 208 529 244 communi
556 210 715 245 sententia
740 235 751 251 ‚
782 209 868 243 linea
889 232 899 247 ,
941 205 1140 251 superficies,
1208 205 1247 239 lis
1272 216 1319 238 res
1341 205 1426 239 vel
1413 217 1431 240 a
1456 206 1551 246 Deo,
1578 208 1629 239 vel
1654 209 1695 241 ab
1718 210 1870 255 Angel0‚
1893 210 1945 245 vel
1966 210 2008 245 ab
2019 210 2074 245 ho.

278 260 311 293 &
335 271 451 304 corpus
479 261 554 294 sunt
582 263 700 304 species
725 258 983 295 contradictoriae
1007 257 1141 301 quanti-
1205 256 1294 290 mine
1316 254 1508 300 deputetur,
1535 267 1571 289 ac
1590 257 1758 291 ordinetur
1780 260 1819 293 ad
1843 262 1944 296 aliam
1968 273 2035 296 rem
2058 262 2078 295 ὲ

276 310 373 350 tatis,
402 321 513 344 nonne
539 321 649 344 tamen
678 312 711 344 in
738 309 854 344 eodem
883 307 1026 350 subjecto
1054 308 1142 341 sunt?
1206 307 1237 339 se
1260 305 1443 342 distinctam
1477 306 1752 353 fignificandam·
1746 333 1755 349 ,
1793 321 1889 351 quam
1922 312 1986 345 fine
2017 311 2078 345 tali

273 359 404 393 infinita
424 363 545 403 poffem
572 361 632 395 tibi
659 359 816 393 adducere
841 359 1017 402 exempla,
1044 358 1065 390 fi
1096 368 1143 391 ra·
1188 348 1419 405 depotatione
1440 382 1452 399 ,
1485 368 1523 391 ac
1555 357 1764 389 ordinatione
1809 359 1985 402 fignificare
2007 372 2079 395 non

274 410 323 443 tio
347 421 401 444 me
428 421 553 455 urgeret
579 409 740 450 fimiliter3
767 419 846 453 ergo
860 407 914 441 hic
942 409 975 441 in
990 409 1065 442 casu
1087 418 1142 441 no·
1188 406 1339 461 posset
1379 406 1473 439 Hinc
1494 416 1572 451 ergo
1595 407 1720 440 clarum
1742 407 1777 439 fit
1802 431 1812 445 ,
1843 419 1898 441 cur
1925 410 2075 455 quaedam

273 460 338 493 stro
365 469 515 504 poterunt
541 460 668 504 iignum
696 458 898 492 arbitrarium
927 458 960 491 &
999 458 1144 491 naturale
1188 441 1291 515 {signa
1315 455 1376 489 fint
1401 457 1594 495 naturalia,
1615 457 1647 490 δε
1670 468 1737 490 non
1763 455 1926 491 arbitraria
1953 473 1964 495 ε
1999 461 2078 518 quia

272 510 336 543 effe
370 510 489 554 species
527 520 581 552 per
608 508 766 542 terminos
792 507 1069 543 contradictorios
1095 507 1143 542 di·
1188 489 1327 540 ·scilicet
1350 507 1422 539 sunt
1442 507 1587 551 quaedam
1610 517 1679 546 res,
1704 517 1773 549 quae
1796 517 1850 549 per
1873 507 1972 541 solam
1996 511 2081 544 enti-

274 559 421 595 videntes
433 560 559 604 lignum
588 559 621 591 in
649 559 840 599 communi,
869 559 1082 601 quantumvis
1107 557 1141 591 in
1206 565 1307 589 tatem
1331 555 1349 589 a
1370 556 1447 591 Deo
1480 567 1646 599 acceptam
1674 554 1823 600 proxime
1857 556 2078 601 fignificativae

272 609 385 643 eadem
414 621 446 643 re
474 608 535 642 sese
561 618 679 642 mutuo
707 609 950 652 compatiantur
977 608 1113 643 existere
1131 630 1143 647 ‚
1205 606 1302 645 sunt,
1326 618 1433 651 neque
1455 618 1537 650 opus
1561 604 1680 641 habent
1704 606 1758 639 illa
1774 605 2006 650 cujuscumque
2029 609 2080 642 de-

271 670 346 692 cum
374 656 434 691 hac
461 669 602 702 namque
628 658 903 702 compatibilitate
930 657 1039 704 quoad
1066 659 1141 692 ine·
1207 656 1376 698 putatione
1398 658 1432 693 δε
1452 657 1686 697 ordinatione,
1705 656 1738 690 ὅ(
1754 655 1868 690 fimilia
1890 657 1979 701 ligna
2002 655 2082 690 dici-

272 708 462 742 xistentiam
490 710 612 752 semper
638 707 757 743 habent
782 709 1142 753 incompatibilitatem,
1205 716 1277 738 mus
1298 706 1361 740 effe
1376 708 1534 741 naturalia
1559 718 1627 740 non
1652 704 1840 746 arbitraria,
1864 717 1899 740 ut
1923 707 2011 739 enim
2032 718 2079 740 ar-

272 758 562 803 &repugnantiam
577 760 683 802 quoad
703 759 891 801 effentiam3
919 758 1141 803 semper-enim
1205 754 1335 792 bitraria
1358 756 1466 791 forent
1485 782 1496 797 ,
1529 757 1683 791 deberent
1712 758 1779 791 esse
1809 767 1855 791 res
1875 756 1916 790 nd
1953 757 2081 802 fignifi-

270 807 466 853 fignificatio
492 810 658 843 arbitraria
685 809 730 844 est
770 809 928 854 disparata
955 810 990 843 &
1014 807 1143 842 realiter
1204 805 1347 840 candum
1372 807 1562 851 indigentes
1583 818 1650 840 non
1685 807 1752 841 sola
1776 809 1828 841 sua
1843 808 2004 849 entitate;
2026 806 2080 842 sed

273 857 429 892 diversaa
451 859 691 904 significatione
703 860 863 899 naturali,
890 860 965 903 quia
986 883 997 899 ‚
1033 864 1079 891 un
1099 858 1143 890 dt·
1205 856 1305 889 etiam
1340 858 1470 903 insuper
1503 855 1565 891 hac
1592 857 1774 892 extrinseca
1797 857 2014 901 deputatione
2042 868 2079 890 ac

271 913 306 941 xl
325 933 335 949 ‚
374 908 569 954 significatio
596 908 752 942 naturalis
788 909 944 953 importat
971 908 1141 942 entitatem
1205 906 1437 941 ordinatione.

271 958 315 990 rei
353 970 428 992 cum
467 961 520 993 sua
547 959 721 993 intrinseca
749 970 786 992 ac
813 957 952 992 naturali
979 956 1020 991 ad
1048 958 1141 991 suurn
1260 966 1310 1002 13-
1337 957 1416 990 Non
1442 957 1567 1000 poffum
1592 956 1647 991 hic
1669 969 1737 991 non
1763 958 1946 992 meminisse
1976 956 2079 992 brevi-

270 1008 487 1052 significatum
517 1009 751 1053 proportione3
779 1008 975 1052 fignificatio
1001 1007 1080 1041 vero
1092 1019 1144 1040 ar·-
1206 1016 1255 1038 ter
1271 1004 1622 1052 cujusdamTheologi
1644 1008 1810 1050 discipulis
1826 1010 1887 1041 suis
1906 1007 2082 1042 obtruden-

271 1057 401 1091 bitraria
428 1059 584 1103 importat
613 1058 658 1093 rei
685 1060 857 1092 entitatem
886 1070 962 1093 cum
991 1059 1141 1092 extrinse-
1207 1054 1248 1088 tis
1269 1079 1282 1095 ‚
1313 1066 1448 1090 omnem
1472 1060 1613 1090 omnino
1637 1057 1816 1102 imaginem
1838 1069 1904 1091 tam
1940 1060 2082 1099 pictam,

272 1119 310 1142 ca
338 1108 424 1143 illius
460 1109 500 1142 ad
549 1109 768 1153 fignificatum
796 1109 1039 1152 deputatione3
1078 1120 1146 1150 quae
1207 1115 1303 1148 quam
1327 1107 1484 1151 sculpam
1500 1107 1562 1140 esse
1587 1108 1713 1151 fignum
1738 1109 1882 1141 naturale
1906 1109 1951 1140 sui
1976 1120 2082 1151 περΐδ-

254 1156 340 1192 ¹dut>
367 1159 547 1202 disparata,
575 1171 612 1192 ac
637 1159 766 1192 realiter
788 1184 798 1199 ,
826 1159 940 1192 saltem
966 1159 1143 1202 inadaequa-
1209 1154 1324 1188 sentati
1342 1181 1352 1197 ‚
1388 1169 1415 1188 v.
1442 1168 1479 1202 gr
1514 1157 1673 1201 imagines
1697 1159 1794 1190 saneti
1829 1157 1914 1191 Petri
1936 1182 1946 1196 ,
1984 1157 2083 1192 sancti

272 1207 326 1248 te,
352 1207 501 1243 distincta
529 1209 625 1249 sunt,
653 1211 732 1242 unde
760 1210 806 1241 ad
824 1209 1028 1253 probationem
1054 1215 1140 1240 mino·
1210 1205 1327 1245 Pauli,
1350 1206 1665 1252 sanstiAugustini‚
1681 1208 1885 1248 aliorumque
1898 1208 2084 1241 sanctorum

271 1262 315 1289 ris
327 1259 409 1296 dicu
436 1258 591 1301 perillam
606 1258 815 1292 solummodo
841 1259 993 1302 proban,
1018 1259 1144 1303 iignum
1209 1256 1270 1287 effe
1295 1262 1382 1300 ligna
1405 1269 1520 1291 eorum
1545 1257 1701 1291 naturalia
1724 1270 1733 1299 3
1755 1256 1815 1299 sed
1830 1257 1880 1290 boc
1904 1257 1983 1289 duva
2006 1256 2087 1290 nibil

270 1306 475 1341 arbitrarium
502 1308 534 1341 δε
563 1309 706 1342 naturale
734 1320 801 1341 non
831 1320 1010 1353 repugnare
1037 1308 1165 1353 quoad⁴
1205 1304 1292 1348 posset
1314 1308 1372 1339 dici
1395 1305 1552 1350 absurdius
1574 1320 1581 1339 z
1611 1318 1687 1340 nam
1712 1308 1789 1341 licet
1813 1308 1974 1352 imagines
2002 1333 2011 1348 ,
2047 1317 2085 1340 ut

271 1357 547 1401 inexistentiam3
577 1369 652 1391 nam
681 1357 836 1392 definitio
865 1359 922 1392 illa
950 1358 1145 1403 post-praedi.
1210 1357 1315 1389 dicere
1340 1357 1480 1391 solemus
1502 1383 1513 1398 ‚
1535 1357 1575 1391 ad
1601 1358 1710 1390 vivum
1735 1358 1995 1400 repraesentantes
2023 1357 2083 1391 fint

273 1407 466 1441 carmentalis
502 1408 655 1442 fimil'mm
695 1407 904 1442 solummodo
936 1409 1145 1454 repugnanti·
1209 1406 1296 1449 ligna
1321 1407 1499 1450 naturalia;
1523 1408 1621 1441 talem
1644 1408 1806 1451 imagines
1817 1408 1886 1441 aliae
1907 1418 1965 1450 pro
1986 1407 2082 1441 libitu

270 1467 327 1491 um
355 1458 507 1497 definitio
534 1459 602 1495 est;
629 1458 716 1492 unde
741 1467 848 1493 totum
876 1458 941 1492 hoc
968 1454 1053 1492 nihil
1067 1468 1143 1492 con·
1209 1467 1245 1489 ac
1278 1455 1442 1499 phantafia
1469 1458 1629 1501 pistorum
1647 1482 1658 1498 ‚
1691 1457 1782 1504 nulla
1807 1456 1919 1491 habita
1954 1458 2082 1491 ratione

271 1517 320 1541 tra
349 1519 406 1540 nos
435 1509 571 1541 militat.
1209 1508 1404 1550 prototypi,
1424 1507 1582 1552 depistae3
1606 1508 1717 1551 quales
1730 1509 1802 1542 sunt
1815 1509 2083 1551 pleraeque,quae

323 1567 374 1592 11.
402 1558 527 1591 obiectes
551 1556 680 1600 secunda
703 1570 711 1590 :
739 1569 840 1592 omne
860 1558 988 1603 lignum
1016 1558 1061 1592 est
1090 1570 1144 1592 ar·
1207 1554 1272 1589 hoc
1294 1567 1439 1601 tempore
1462 1558 1754 1597 circumferuntur,
1784 1570 1852 1591 non
1876 1557 2006 1601 possunt
2020 1559 2084 1591 effe

270 1606 461 1647 bitrarium,
491 1608 681 1652 nullumque
707 1609 751 1641 est
781 1609 925 1643 naturale
945 1634 956 1650 ‚
982 1620 1063 1655 ergo
1090 1609 1145 1642 di·
1208 1607 1388 1646 naturalia,
1415 1607 1466 1639 sed
1490 1606 1672 1640 necessario
1691 1608 1765 1641 sunt
1792 1609 1880 1652 ligna
1904 1606 2081 1640 arbitraria:

270 1656 352 1689 vilio
381 1657 437 1691 ista
453 1670 519 1690 non
549 1660 651 1693 valet.
681 1658 832 1692 Probatur
845 1660 1039 1692 antecedens:
1067 1659 1143 1703 quia
1206 1656 1284 1687 ratio
1309 1662 1341 1688 in
1365 1665 1508 1698 promptu
1529 1656 1584 1697 est:
1613 1658 1688 1700 quia
1710 1658 1839 1702 lignum
1866 1656 1970 1698 illud,
1995 1658 2085 1700 quod

271 1707 397 1751 fignum
426 1707 628 1742 arbitrarium
665 1708 710 1742 est
751 1708 840 1752 quod
867 1706 964 1743 habet
994 1711 1081 1742 suam
1109 1710 1143 1742 fi·
1206 1717 1283 1739 cum
1309 1708 1558 1751 suofignificato
1574 1708 1697 1741 nullam
1729 1708 1885 1751 majorem
1908 1707 2087 1740 connexio·

269 1756 519 1801 gnificationem
548 1759 588 1792 ab
615 1760 728 1800 aliquo
754 1758 916 1798 arbitrio
909 1771 923 1801 ;
946 1759 1048 1820 atqui
1075 1769 1143 1793 om·
1208 1767 1306 1796 nem,
1329 1769 1366 1790 ac
1388 1759 1633 1801 proportionem
1657 1757 1774 1798 habet,
1805 1769 1903 1802 quam
1929 1768 2004 1789 cum
2020 1757 2085 1791 alia

271 1806 325 1840 nia
337 1808 425 1853 ligna
452 1808 572 1842 habent
601 1810 689 1843 suam
717 1802 1010 1853 significationem,
1027 1811 1145 1843 entita·
1206 1807 1318 1850 quavis
1340 1818 1396 1847 re,
1417 1808 1468 1841 sed
1490 1808 1534 1842 est
1559 1809 1747 1841 indifferens
1764 1809 1804 1841 ad
1826 1805 2084 1852 significandum

269 1866 358 1897 tem,
386 1859 564 1901 omniaque
591 1859 644 1893 sua
673 1858 713 1893 ab
741 1860 875 1893 arbitrio
902 1859 1048 1896 divino;
1089 1871 1133 1891 om
1206 1857 1370 1899 quidlibet
1395 1881 1405 1895 ,
1437 1858 1481 1892 est
1514 1857 1720 1892 arbitrarium
1754 1859 1785 1890 ἀ·
1813 1869 1880 1890 non
1916 1858 2083 1900 naturale;

270 1913 323 1938 ma
333 1912 475 1948 enimper
496 1908 690 1951 ipsiamfadla
712 1907 808 1951 fiant;
834 1921 913 1953 ergo
941 1911 1054 1943 omnia
1076 1921 1143 1942 om·
1206 1908 1296 1948 atqui
1320 1908 1478 1950 imagines
1501 1909 1663 1940 modernae
1689 1908 1864 1941 (austorum
1888 1907 1962 1940 sun¹t
1983 1908 2081 1940 tales:

270 1955 354 1988 nino
380 1958 468 1999 signa
496 1959 568 1990 sunt
596 1958 778 1992 arbitraria.
806 1960 843 1991 In
873 1956 1144 2002 hocargumenro
1205 1956 1317 1999 imago
1350 1959 1438 1988 enim
1475 1956 1578 1989 Sancti
1601 1955 1778 1999 Zephyrini
1815 1969 1883 1991 non
1907 1955 1952 1989 est
1977 1958 2084 2002 magis

272 2003 435 2039 solvendo
461 2005 594 2050 quidam
624 2008 717 2042 valde
746 2008 915 2049 laborant;
944 2019 1005 2052 rgo
1034 2019 1141 2042 tamen
1206 2004 1316 2037 similis
1328 2006 1447 2038 Sancto
1460 2005 1676 2049 Zephyrin0,
1698 2018 1796 2049 quam
1821 2008 1858 2041 [it
1883 2008 2001 2040 Sancto
2016 2008 2086 2042 Cu·

272 2054 398 2088 nullam
427 2056 522 2089 video
559 2056 785 2091 difficultatem
811 2083 817 2090 .
857 2055 945 2098 Resp.
980 2070 1046 2100 ergo
1076 2070 1140 2101 neg.
1205 2054 1356 2094 niberto‚
1383 2055 1500 2088 Sancto
1524 2056 1672 2089 Martino
1694 2080 1705 2095 ‚
1736 2057 1855 2090 San-sto
1881 2056 2082 2098 Ambrolio‚

271 2113 368 2136 antec.
393 2105 427 2137 ό·
449 2108 522 2146 maj.
542 2104 745 2145 probationis:
777 2118 875 2146 narn,
900 2117 933 2138 ut
957 2106 1027 2138 dixi
1050 2118 1140 2139 num.
1202 2112 1255 2135 aut
1278 2103 1334 2135 alii
1360 2104 1463 2136 cuivis
1488 2104 1604 2137 Sansto
1646 2104 1809 2148 Episcopo
1830 2118 1837 2136 ε
1866 2106 1899 2140 &
1935 2107 2045 2152 imago

266 2162 296 2188 1.
320 2152 447 2196 signum
472 2153 674 2187 arbitrarium
701 2165 766 2187 110„
796 2155 839 2188 est
871 2156 903 2189 jd
936 2178 947 2195 ‚
984 2156 1071 2196 quod
1099 2156 1139 2189 ab
1200 2162 1269 2194 quae
1290 2152 1391 2185 modo
1416 2152 1575 2196 supposita
1592 2152 1638 2186 est
1660 2153 1701 2187 ad
1725 2153 1979 2198 significandum
2007 2132 2083 2190 Sant

263 2201 375 2246 aliquo
402 2203 536 2237 arbitrio
564 2202 658 2238 habet
685 2205 938 2248 aptitudinalem
980 2206 1137 2249 fignifica-
1200 2204 1287 2235 ctum
1304 2201 1563 2243 ‚Cunibertum,
1587 2204 1763 2246 potuisset,
1786 2204 1820 2238 ὅ(
1842 2203 1953 2238 adhuc
1976 2208 2084 2249 posset

261 2251 389 2285 tionem
417 2265 423 2271 -
417 2252 502 2295 ,sed
529 2255 617 2297 quod
645 2255 687 2288 ab
715 2256 851 2288 arbitrio
878 2254 988 2297 recipit
1016 2256 1139 2300 fignifi-
1199 2252 1336 2295 supponi
1366 2252 1406 2284 ad
1447 2253 1699 2296 fignificandum
1732 2253 1902 2288 Sanctum
1920 2254 2084 2299 Zephyri-

261 2302 402 2335 cationis
428 2302 652 2345 aptitudinalis
680 2304 735 2337 fibi
763 2306 945 2348 congenitae
973 2316 1010 2337 ac
1050 2306 1136 2337 iden·
1180 2300 1298 2361 fnum,
1325 2301 1532 2342 Martinum,
1559 2313 1614 2335 aut
1640 2303 1853 2336 Ambrofium
1881 2306 1945 2338 ὅτε.
1969 2306 2004 2338 in
2028 2305 2080 2342 his

261 2351 410 2392 tificatae‚
439 2352 472 2385 &
500 2353 539 2386 ad
568 2353 731 2396 quidlibet
760 2354 1009 2399 lignificandum
1033 2353 1136 2387 indif—
1179 2325 1283 2390 ienim
1309 2362 1419 2384 verum
1443 2351 1489 2384 est
1513 2352 1621 2393 illud,
1643 2353 1733 2394 quod
1756 2353 1813 2386 ille
1835 2354 1966 2390 dicebat
1989 2356 2076 2399 apud

261 2399 395 2435 ferentis
417 2423 428 2439 ,
453 2400 492 2435 ad
519 2413 642 2436 certum
666 2403 878 2446 quoddami
858 2404 1078 2449 significatum
1102 2405 1124 2437 fi
1196 2401 1334 2436 Poetam
1362 2400 1556 2447 Pelagium.

260 2450 491 2495 gnificandum
513 2453 769 2495 applicationem
797 2466 834 2487 ac
868 2456 1135 2496 deputationem·.

259 2510 292 2533 at
317 2498 391 2533 vero
411 2500 487 2534 licet
502 2502 614 2536 omnia
637 2502 727 2547 figna
751 2505 767 2537 a
794 2504 871 2537 Deo
895 2505 1068 2547 receperint
1079 2517 1131 2538 en

259 2549 388 2584 titatem
401 2574 412 2590 ‚
432 2552 732 2595 acaptitudinalem
743 2554 1040 2598 fignificationem3
1062 2566 1130 2588 non

259 2610 372 2634 tamen
393 2602 506 2634 omnia
531 2613 721 2646 receperunt
744 2604 991 2647 significationis
1011 2605 1129 2638 suaein·

259 2649 439 2684 differentis
459 2650 789 2693 determinationem,
813 2666 850 2688 ac
873 2650 1130 2698 deputationemz

260 2701 475 2743 quantumvis
500 2702 590 2734 enim
617 2704 729 2736 omnia
758 2715 812 2746 per
832 2704 936 2747 ipsum
957 2705 1034 2739 facta
1056 2706 1132 2744 sint,

259 2760 452 2783 nontamen
480 2751 592 2785 omnia
607 2764 662 2796 per
688 2753 790 2796 ipsum
817 2754 856 2787 ad
880 2755 1128 2798 fignificandum

259 2799 416 2843 deputata
454 2801 526 2834 sunt
565 2801 606 2835 ab
627 2803 695 2847 ipso
719 2827 730 2843 ,
767 2802 874 2847 aliqua
905 2804 946 2837 ab
970 2804 1130 2848 Angelis,

259 2850 370 2893 aliqua
394 2849 434 2883 ab
456 2849 649 2887 hominibus
670 2877 681 2893 ‚
714 2853 826 2897 aliqua
848 2853 889 2886 ab
912 2854 976 2896 ipsa
1001 2856 1054 2888 sua
1077 2867 1117 2888 en

260 2900 357 2934 titate
380 2901 411 2934 &
448 2911 560 2934 natura
584 2925 595 2941 ‚
630 2902 663 2936 ἀ
695 2903 735 2937 fic
762 2902 906 2946 quaedam
938 2905 1097 2940 naturalia
1119 2929 1131 2945 ‚

259 2949 405 2994 quaedam
427 2949 592 2985 arbitraria
614 2953 702 2997 ligna
725 2955 799 2987 sunt
813 2979 820 2987 .

313 3010 365 3036 12.
388 3002 529 3044 Oportet
566 3003 686 3046 quippe
727 3003 811 3037 bene
835 3003 1002 3038 advertere
1029 3003 1130 3048 praeci-

258 3052 327 3084 sam
353 3050 641 3087 distinctionem&
664 3053 882 3087 differentiam
905 3055 987 3098 signi
1005 3066 1131 3090 natura

259 3100 300 3134 lis
319 3099 361 3134 ab
381 3100 551 3136 arbitrario
575 3114 586 3136 ε
623 3104 769 3137 consistit
793 3115 873 3149 ergo
905 3103 961 3139 illa
996 3105 1030 3139 in
1063 3117 1104 3139 eo
1121 3130 1131 3146 ,

258 3149 349 3194 quod
375 3150 503 3196 signum
526 3154 674 3187 naturale
696 3154 734 3187 fit
757 3166 805 3188 res
823 3154 931 3197 aliqua
955 3178 966 3195 ,
989 3166 1059 3198 quae
1079 3167 1133 3198 per

258 3200 361 3233 solam
387 3202 474 3235 suam
497 3203 667 3237 entitatem
694 3215 736 3237 ex
761 3216 873 3238 natura
898 3203 941 3238 rei
963 3215 1037 3239 cum
1074 3206 1131 3240 suo

256 3249 442 3294 fignificato
476 3263 563 3286 certo
598 3254 701 3287 modo
735 3254 921 3288 connexam
944 3266 981 3287 ac
1002 3266 1130 3299 propor-

257 3300 423 3334 tionatam
444 3302 547 3344 potest
572 3301 769 3346 fignificare;
797 3316 829 3338 at
854 3305 930 3337 vero
949 3303 1076 3349 lignum
1088 3317 1130 3339 ar-

1292 2502 1378 2535 Sume
1397 2501 1490 2543 sidem
1512 2504 1546 2537 &⁵
1560 2502 1740 2545 pharetram
1761 2527 1772 2544 ‚
1803 2502 1862 2545 fies
1894 2503 2071 2546 manifestus

1349 2553 1447 2594 Apollo
1459 2578 1466 2584 .

1294 2605 1441 2635 Accedant
1463 2609 1558 2645 capiti
1575 2614 1704 2644 cornua,
1729 2603 1867 2637 Bacchus
1889 2611 1967 2638 eris.

1194 2652 1283 2697 Ergo
1305 2653 1475 2686 manifeste
1496 2653 1554 2687 illae
1565 2654 1738 2688 arbitrariae
1754 2654 2068 2700 sanssorumimagi-

1193 2714 1248 2736 nes
1268 2702 1390 2737 debent
1424 2704 1490 2737 csse
1513 2705 1600 2748 figna
1627 2704 1794 2738 arbitraria
1830 2705 1863 2737 δε
1902 2717 1972 2741 non
2009 2717 2063 2739 na·

1192 2753 1323 2788 ruralia.

1302 2853 1958 2889 DUBIUM111.

1417 2956 1508 2999 ,Quid
1529 2953 1568 2996 fit
1601 2953 1743 2993 institutio
1767 2953 1842 2998 fignl

1542 3008 1698 3037 arbitrarii
1711 3005 1724 3037 ?

1198 3115 1249 3152 14.
1394 3103 1466 3147 Efp.
1495 3107 1530 3139 ό·
1554 3107 1621 3138 dtco
1644 3117 1651 3136 :
1690 3104 1855 3139 institutio
1893 3106 1944 3139 seu
1971 3106 2071 3149 depu-

1410 3157 1491 3189 tatio
1506 3157 1589 3199 signi
1613 3154 1770 3189 arbitrarii
1787 3158 1870 3190 nihil
1885 3156 1927 3188 est
1949 3157 2036 3191 aliud
2053 3181 2066 3198 ‚

1192 3215 1290 3247 quam
1316 3206 1431 3239 volitio
1453 3228 1463 3243 ‚
1502 3217 1563 3247 qua
1605 3205 1721 3249 aliquis
1745 3231 1755 3247 ‚
1791 3205 1839 3239 vel
1876 3209 1977 3250 aliqui
2006 3207 2071 3242 'ha-

1193 3254 1307 3289 bentes
1329 3256 1369 3289 ad
1398 3256 1462 3288 hoc
1487 3256 1702 3291 sufficientem
1729 3259 1952 3290 audloiitatem
1973 3282 1983 3298 ,
2009 3269 2068 3292 vo-

1192 3303 1320 3338 luerunt
1343 3330 1354 3344 ‚
1384 3305 1418 3338 &
1444 3304 1641 3346 deputarunt
1668 3331 1679 3347 ,
1716 3308 1798 3341 utin
1830 3318 1897 3340 tota
1919 3318 2066 3342 commu-

259 3350 428 3384 bitrarium
452 3352 496 3384 est
525 3363 572 3385 res
595 3354 739 3396 quaedam
759 3379 770 3395 ,
810 3354 864 3388 cui
887 3355 926 3387 ad
951 3355 1131 3399 significan·
1194 3355 1297 3388 nitate
1319 3354 1377 3388 fibi
1403 3355 1538 3397 subjecta
1572 3368 1636 3389 una
1666 3367 1712 3390 res
1741 3356 1931 3401 fignificaret
1958 3358 2071 3398 aliam;

258 3398 339 3432 dum
361 3412 427 3434 non
452 3402 527 3434 satis
551 3402 595 3435 est
620 3403 674 3436 sua
687 3404 831 3444 entitas,
853 3405 905 3437 sed
928 3404 1134 3447 praeterhanc
1194 3415 1248 3447 per
1278 3415 1375 3448 quarn
1415 3406 1610 3438 volitionem
1652 3417 1699 3439 res
1737 3418 1830 3441 antea
1878 3406 2065 3441 indifferens

258 3450 434 3493 requiritur
456 3449 627 3493 deputatio
641 3455 786 3496 quaedam
813 3454 988 3499 legitima,
1007 3466 1071 3500 qua
1092 3467 1134 3491 ta·
1193 3455 1226 3487 &
1255 3456 1507 3491 indeterminata
1533 3456 1574 3490 ad
1609 3457 1856 3501 fignificandam
1881 3467 2070 3501 quamcum-

360 3499 465 3540 christ.
480 3504 671 3545 Luplopera
685 3507 852 3538 Tom.X11.
1564 3506 1595 3540 K
1647 3517 1667 3554 3
1966 3518 2029 3549 ‘lue

2010 3649 2022 3684 l
