2384 3770
606 122 731 189 Quo
768 120 832 166 Er
869 122 1022 188 ἀξιοῖ,
1061 120 1132 168 Sir
1169 116 1314 170 Tuam
1352 121 1484 166 PROP.
1525 127 1636 170 Car.

1936 139 2033 189 259

257 197 405 235 definitio
428 200 570 246 intelligi
594 212 662 237 non
686 202 728 236 de
745 200 951 243 extremitqte
963 197 1071 244 quoad
1087 199 1133 233 lo·
1171 212 1173 214 ·
1198 199 1302 244 Qud
1313 208 1421 233 tamen
1444 199 1596 245 relinquo
1605 204 1792 244 examini&
1807 205 1937 250 Judicio
1952 207 2068 246 Lesto-

256 260 332 284 cum
347 274 359 292 ,
387 251 644 295 propositionem
665 275 677 293 ,
698 252 749 287 vel
767 249 989 295 prolationem
1009 274 1020 292 ,
1046 251 1131 294 quasi

256 301 333 334 v'erd
347 303 511 339 terminus
530 302 652 346 semper
671 302 708 337 sit
728 310 873 337 extrema
896 298 1131 342 propositionis

254 361 341 385 vox:
367 352 422 386 sed
433 351 474 386 de
496 351 702 389 extremitate
711 348 819 394 quoad
843 350 971 384 sensum
990 349 1127 394 &figni-

253 399 444 436 ficationem.
457 427 464 435 .
491 403 579 439 Nam
604 402 637 435 in
650 398 711 434 hac
722 399 940 442 propositione
948 424 960 440 ,v
979 402 1012 444 J
1015 411 1126 433 oannes

253 450 290 491 (st
309 450 391 493 filius
409 451 574 492 Zabida,
598 462 660 485 vox
682 449 850 492 Zebedaei,
875 461 943 483 non
967 449 1014 487 est,
1039 450 1130 485 istius

253 502 482 545 propositionis
504 502 678 537 terminus:
706 500 783 544 quia
794 500 1017 545 quamtumvis
1028 500 1066 533 sit
1077 511 1126 534 ex·

252 559 354 587 trema
365 550 678 598 quoadpositionem
690 561 703 595 ς,
725 562 793 585 non
803 550 846 586 est
859 560 968 588 tamen
981 560 1127 588 extrema

251 598 360 646 quoad
370 602 494 635 sensum
505 623 517 636 ⁸.

300 660 332 697 5.
357 654 434 685 mco„
446 648 574 692 seeum&
595 661 604 681 ε
642 650 827 686 Terminus
843 648 948 686 dividi
969 650 1067 684 debet
1091 650 1126 685 in

250 700 429 736 terminum
451 701 596 734 vocalem
622 724 634 741 ,
670 702 705 737 ἀ
726 702 879 746 scriptum
902 725 910 735 .
943 700 1126 736 Terminus

250 749 371 786 vocalis
390 749 435 784 est
460 761 522 785 vox
532 762 546 794 ;Γ
571 749 731 786 terminus.
753 751 830 786 vero
850 750 1041 795 scriptus.est
1055 751 1124 784 scri-

250 810 361 844 ptura.
386 799 567 836 Terminus
588 801 712 836 vocalis
725 800 771 834 est
792 811 974 838 extremum
985 801 1127 844 proposi-

249 850 352 885 tionis.
372 851 492 885 vocalis
502 863 515 894 ;-
540 851 700 885 terminus,
721 861 798 885 vero
819 851 953 895 scriptus
964 850 1010 884 est
1022 860 1122 884 extro

247 909 341 934 mum
372 900 604 944 propositionis
617 901 739 943 scriptae
759 925 767 933 .
806 898 980 938 Ordinarie,
1000 897 1124 934 addunt

246 950 380 985 tertium
389 951 557 988 divisionis
565 948 748 984 membrum
761 963 772 985 ε,
788 949 937 985 videlicet
948 949 1123 991 terminum

246 997 425 1037 mentalem
441 1025 453 1035 .
489 1000 551 1036 Sed
586 999 682 1035 istum
703 1011 767 1046 ego
790 999 924 1044 repudio
945 1011 955 1042 3
990 999 1024 1034 &
1047 1000 1124 1034 dico

246 1056 379 1085 omnem
404 1049 550 1086 omnino
577 1051 758 1087 terminum
786 1052 849 1085 esse
871 1049 921 1088 vel
941 1051 1093 1093 scriptum
1112 1074 1123 1091 ‚
1145 1091 1147 1093 ¹

246 1101 299 1134 vel
310 1101 476 1142 vocalem,
503 1102 698 1145 nullumque
717 1101 787 1137 dari
800 1102 976 1138 terminum
1003 1111 1122 1135 menta·

246 1150 329 1185 lem.
358 1153 448 1186 Ratio
460 1150 513 1192 est:
541 1151 643 1199 Qia
657 1152 815 1189 terminus
840 1151 885 1186 est
897 1161 1040 1187 extrema
1053 1161 1125 1193 pars.

244 1202 493 1244 propositionis:
518 1201 666 1247 adeoque
689 1202 849 1237 terminus
875 1201 1025 1236 mentalis
1036 1202 1120 1237 foret

242 1260 386 1284 extrema
407 1260 478 1294 pars
500 1253 732 1294 propositionis
751 1252 906 1287 mentalis,
924 1276 932 1283 -
958 1251 1062 1294 Atqui
1087 1252 1118 1283 in

242 1300 464 1343 propositione
476 1301 611 1336 mentali
623 1302 714 1336 nulla
724 1302 767 1336 est
779 1312 924 1337 extrema
937 1310 1007 1343 pars
1016 1324 1028 1342 ‚
1051 1301 1120 1335 nul·

242 1348 342 1391 laque
361 1360 433 1393 pars,
455 1351 649 1396 nullumque
670 1351 846 1395 subjeetum
855 1351 1043 1387 distinctum
1054 1361 1118 1386 rea-

244 1397 318 1433 liter
334 1399 357 1435 ὸ.
376 1402 569 1445 praedicatoj
597 1403 773 1446 propositio
784 1404 903 1447 quippe
914 1399 1064 1436 mentalis
1073 1400 1117 1435 est

241 1449 379 1492 qualitas
388 1451 422 1484 &
434 1460 611 1496 conceptus
621 1452 752 1496 quidam
765 1453 898 1495 simplex
913 1475 925 1492 ,
939 1451 1043 1484 nullas
1050 1462 1116 1486 om-

241 1499 326 1532 niuo
349 1498 471 1534 habens
491 1495 615 1544 partes:
643 1512 678 1536 ut
697 1502 864 1545 eleganter
885 1501 983 1534 tradit
998 1500 1117 1534 Arimi-

239 1549 345 1583 nensis,
360 1551 537 1595 inprologo‚
562 1550 694 1593 quaest.1.
716 1559 776 1584 art.
783 1560 812 1598 3.
836 1550 924 1594 Ergo
939 1549 1045 1585 nullus
1065 1550 1116 1584 da-

238 1607 291 1632 tur
307 1601 467 1635 terminus
488 1601 641 1636 mentalis
664 1613 676 1646 ἦ
703 1602 757 1637 sed
775 1601 887 1636 omnis
906 1602 1049 1635 omnino
1070 1602 1114 1636 est

238 1649 289 1683 vel
300 1649 437 1693 scriptus
446 1675 456 1691 ‚
485 1651 536 1686 vel
549 1651 669 1687 vocalis
680 1675 688 1685 .

287 1698 320 1735 6.
349 1702 455 1734 Peres:
484 1700 538 1736 An
560 1701 736 1747 scripturae,
765 1702 800 1737 δε
817 1712 912 1736 voces
933 1709 1025 1736 extra
1048 1712 1116 1746 pro·

235 1749 432 1793 positionem
455 1752 598 1787 formatae
616 1776 627 1792 ,
664 1752 695 1785 ἃ
720 1752 852 1795 prolatae
875 1752 938 1786 sint
960 1751 1115 1786 termini?

234 1798 354 1844 Aliqui
375 1800 560 1844 affirmant3
589 1801 641 1836 sed
663 1800 707 1835 est
730 1801 873 1836 omnino
901 1802 1088 1846 negandum
1108 1824 1114 1831 .

233 1852 327 1883 Ratio
343 1849 402 1890 est:
432 1851 521 1899 Quia
544 1861 673 1894 oportet
686 1850 909 1895 philosophari
920 1852 960 1886 de
972 1852 1115 1889 termino

232 1900 463 1942 propositionis
483 1925 493 1940 ,
519 1902 597 1935 ficut
621 1899 890 1944 philosophamur
911 1902 952 1936 de
971 1903 1114 1939 termino

233 1949 329 1992 agri,
355 1950 488 1994 Regni,
515 1951 697 1989 Diocoefis,
722 1952 783 1984 &c-
805 1951 910 1993 Atqui
939 1950 1019 1992 lapis
1044 1959 1112 1987 non

233 2007 394 2038 vocatur,
418 2009 523 2042 neque
533 1998 577 2033 est
585 1999 652 2043 agri
663 2000 823 2034 terminus
837 2023 847 2039 ,
874 1999 930 2032 nisi
943 2000 1059 2033 sitactu
1076 1999 1110 2032 ἀ

231 2046 275 2081 de
285 2048 417 2082 &stein
438 2060 519 2094 agro
530 2050 676 2092 positus:
703 2048 851 2093 alioquin
866 2050 945 2092 lapis
955 2049 1065 2092 jacens.
1076 2048 1111 2088 in

231 2107 313 2140 agro
335 2097 451 2139 iprensi
474 2098 582 2132 vocari
603 2098 732 2139 posset,
754 2100 860 2132 &esse
873 2099 1109 2139 terminusagri

230 2145 437 2179 Coloniensis
456 2169 465 2178 .
492 2145 583 2190 Ergo
603 2144 751 2179 similiter
773 2146 926 2188 scriptura
946 2169 958 2185 ,
986 2146 1020 2179 &
1044 2157 1110 2189 vox

228 2205 396 2237 nequeunt
419 2197 501 2236 elie,
529 2196 562 2230 δε
580 2195 689 2229 vocari
714 2196 942 2238 propositionis
953 2195 1109 2235 termini,

229 2245 289 2277 nifi
299 2245 369 2277 astu
381 2253 551 2286 ponantur
572 2244 657 2277 intra
670 2245 926 2286 propositionem
940 2267 947 2274 .
976 2248 1020 2275 Et
1031 2251 1110 2276 ratio

229 2292 418 2334 ἂρνὶονὶσβτ
445 2292 535 2339 Qia
548 2290 704 2325 terminus
716 2303 782 2324 non
795 2292 885 2324 estid
897 2315 907 2329 ,
938 2291 1026 2334 quod
1041 2303 1107 2325 ter-

229 2345 354 2376 minare
365 2342 465 2385 potest
477 2354 491 2384 -3
515 2341 567 2375 sed
581 2341 669 2384 quod
681 2341 934 2375 acio-terminat:
962 2339 1107 2384 adeoque

227 2402 310 2427 tunc
319 2391 443 2436 aliquid
455 2402 588 2425 vocatur
598 2391 736 2434 alicujus
747 2391 792 2425 rei
805 2391 964 2425 terminus
977 2414 988 2431 ‚
1007 2401 1107 2434 quan·

227 2441 273 2476 do
290 2442 379 2476 illam
403 2443 477 2475 astu.
493 2441 666 2477 terminat.
693 2441 784 2486 Ergo
806 2451 884 2477 tunc
907 2451 1002 2476 voces
1032 2465 1043 2480 ,
1068 2453 1106 2475 ac

224 2492 387 2535 scriptura:
407 2501 588 2532 vocantur,
614 2491 648 2525 &
670 2491 742 2526 sunt
768 2492 1025 2535 propositionum
1038 2501 1104 2527 ter-

221 2542 331 2582 mini,
357 2541 493 2585 quando
509 2540 588 2576 illas
599 2543 670 2575 astu
683 2542 879 2576 terminant.
908 2540 1012 2584 Atqui
1033 2541 1104 2574 illas

223 2593 294 2626 astu
308 2603 377 2625 non
389 2591 567 2626 terminant
578 2615 588 2631 ,
615 2591 675 2625 nisi
689 2591 823 2633 quando
833 2593 906 2626 astu
919 2592 953 2625 in
967 2591 1033 2625 illis
1047 2602 1102 2634 po-

223 2651 367 2676 nuntur:
391 2652 471 2684 ergo
484 2652 580 2674 voces
592 2664 604 2680 ,
630 2641 664 2674 δε
689 2642 848 2683 scriptutae
859 2651 950 2677 extra
964 2642 1101 2684 proposi-

221 2691 349 2725 tionem
363 2690 493 2734 prolatae
505 2690 556 2723 vel
569 2689 676 2732 positae.
688 2692 794 2724 vocari
806 2702 874 2725 non
884 2692 1017 2734 ,possunt
1029 2703 1101 2734 pro-

222 2741 392 2784 positionis
407 2740 556 2774 termini.
572 2738 659 2773 Vide
670 2739 808 2774 dubium
821 2742 976 2784 sequens:
991 2743 1102 2783 omnia

221 2791 343 2834 quippe
357 2814 368 2830 ,
395 2801 466 2834 quae
487 2790 595 2824 dicam
615 2788 656 2824 de
677 2790 851 2833 praedicato
864 2815 874 2830 ,
901 2791 935 2824 &
957 2789 1100 2832 subjecto

222 2840 375 2880 formali,
401 2840 632 2883 &objectivm
658 2841 760 2876 etiam
771 2839 929 2883 applicari
952 2840 1100 2883 possunt,

220 2901 259 2925 ac
283 2890 402 2925 debent
429 2892 469 2926 ad
491 2891 669 2925 terminum
692 2891 864 2926 formalem
877 2914 890 2931 ‚
915 2901 953 2925 ac
963 2888 1101 2932 objecti-

220 2951 297 2975 vum
308 2942 342 2975 in
355 2942 524 2976 communi
543 2941 707 2985 sumptum
718 2965 727 2973 .

433 3041 468 3076 D
494 3040 534 3077 U
561 3040 590 3075 B
615 3042 632 3078 l
661 3040 700 3077 U
727 3041 769 3077 Μ
830 3039 874 3076 Π.

341 3142 432 3186 ,Quid
442 3141 480 3184 fir
498 3141 667 3184 Subjeaum
681 3143 723 3177 ’θ
747 3141 956 3175 Prodit-atum
971 3142 985 3174 ἓ

218 3254 252 3292 7.
281 3239 420 3326 Slcut
431 3243 585 3278 terminus
608 3243 756 3278 formalis
765 3239 921 3275 dividitur
932 3240 966 3275 in
979 3252 1110 3280 vocem!

365 3292 397 3327 δι
415 3292 623 3336 scripturam,
651 3295 694 3328 ita
715 3304 846 3336 quoque
867 3290 973 3325 dividi
997 3292 1111 3327 debete

220 3342 254 3376 in
279 3341 486 3384 praedicatum
510 3343 544 3377 ὃ(
570 3343 763 3387 subjectum.
791 3343 879 3376 Cum
901 3341 962 3375 hac
985 3328 1111 3402 tamen}

1130 3088 1135 3122 ἕ
1159 3105 1225 3127 non
1250 3093 1386 3128 vocibus
1411 3094 1665 3139 significantibus
1689 3121 1695 3128 .

1195 251 1256 285 ris.
1283 248 1359 299 Ubi
1371 249 1534 285 advertere
1545 250 1661 291 debes,
1688 255 1778 297 qnod
1797 256 2005 300 praedicatum
2031 258 2069 297 ὅ(

1193 298 1369 341 subjectum
1391 298 1498 335 dividi
1520 300 1682 342 debeant,
1707 304 1782 338 ficut
1805 307 1926 341 divisus
1949 308 1993 343 est
2007 318 2066 346 tet·

1193 350 1303 384 minus
1317 373 1327 389 ,
1354 350 1387 384 in
1408 351 1546 388 formale
1566 350 1805 394 &objestivum
1818 381 1827 389 ,
1853 356 2067 397 Praedicatum

1193 399 1224 438 δι
1234 399 1409 442 subjestum
1425 401 1562 439 formale
1575 402 1645 438 sunt
1659 412 1752 435 voces
1763 402 1795 436 &
1807 404 2065 451 scripturae'com-

1193 460 1348 495 ponentes
1371 475 1382 491 ,
1407 451 1440 484 &
1462 451 1697 488 concludentes
1715 448 1970 495 propositionem
1994 459 2065 493 scri·

1192 508 1280 543 ptam
1294 524 1304 540 ‚
1330 501 1364 535 &
1385 500 1532 535 vocalem
1545 526 1555 538 ,Α
1580 500 1791 539 Praedicatum
1814 503 1887 537 vero
1909 508 1942 540 &
1963 507 2065 552 subje-

1189 551 1277 584 ctum
1301 550 1499 593 objectivum,
1519 553 1592 586 sunt
1612 562 1660 587 res
1671 563 1726 595 per
1740 564 1857 593 voceS,
1884 554 1917 590 &
1933 547 2066 599 seriptul

1190 611 1237 634 ras
1249 601 1325 634 istas
1336 599 1521 647 sigvnificatae
1530 627 1539 638 .
1568 602 1642 637 Nos
1664 601 1719 640 hic
1729 602 1857 646 agimus
1868 603 1909 637 de
1920 603 2065 640 formali-

1190 650 1246 683 bus
1259 663 1266 683 :
1280 650 1436 686 Dicemus
1448 662 1557 686 tamen
1569 652 1668 687 etiam
1682 652 1862 696 aliquidde
1874 648 2042 696 objectivis
2054 680 2062 688 .

1244 698 1273 737 8.
1304 701 1346 737 Et
1367 703 1511 744 profesto
1531 701 1597 736 haec
1616 702 1784 749 distinctio
1795 702 1840 737 est
1854 701 1937 748 bene
1948 715 2067 739 notan-

1187 751 1227 786 da
1243 774 1253 790 ,
1278 751 1311 785 &
1332 750 1551 787 observanda.
1579 752 1669 788 Nam
1689 752 1725 788 in
1738 750 1798 798 «ῥίς
1820 752 1957 799 vocibus
1966 760 2067 788 termi-

1189 813 1260 841 nus,
1282 800 1446 847 subjedum
1465 826 1477 842 ,
1499 803 1699 844 praedtcasum
1710 827 1726 844 ,1
1739 802 1978 847 infcommuni
2001 804 2068 839 col-

1188 851 1303 894 loquio
1315 875 1328 891 2
1352 862 1389 886 ac
1402 851 1564 888 exercitio
1576 850 1976 898 scholastico-terribiliter
1988 879 1999 895 ‚
2026 866 2065 889 ac

1186 902 1368 945 frequenter
1379 901 1634 946 aequivocamus.
1665 903 1746 951 Qiae
1759 903 1908 948 frequens
1921 904 2063 948 aequivo-

1186 952 1273 986 catio
1284 975 1294 991 ‚
1323 951 1380 985 nisi
1394 951 1475 986 bene
1487 953 1640 989 calleatur
1650 978 1661 994 ,
1683 953 1850 988 hominem
1863 953 2014 988 detrudet
2029 956 2065 990 in

1187 1002 1368 1042 frequentes
1378 1026 1388 1042 ‚
1399 1013 1436 1035 ac
1449 1002 1587 1037 infames
1596 1015 1715 1037 errores
1727 1029 1734 1036 .
1764 1003 1936 1047 Saepissime
1949 1006 2037 1038 enim
2048 1030 2063 1046 ,

1185 1064 1220 1086 ac
1234 1051 1299 1085 fere
1309 1050 1469 1085 continuo
1481 1053 1558 1086 dum
1574 1053 1641 1086 istis
1654 1053 1787 1088 vocibus
1801 1056 1924 1091 utimur
1937 1079 1947 1094 ,
1976 1048 2062 1089 trauss

1184 1102 1281 1135 simus.
1295 1101 1336 1136 ab
1359 1112 1423 1136 una
1453 1101 1691 1146 significatione
1703 1104 1734 1137 in
1749 1104 1846 1138 aliam
1857 1117 1878 1150 ,χ
1896 1105 1999 1140 modo
2011 1116 2063 1141 ac-

1184 1150 1322 1194 cipimus
1346 1163 1407 1195 pro
1425 1152 1566 1192 termino
1588 1176 1599 1192 ‚
1626 1153 1769 1195 subjetlo
1790 1178 1804 1194 2
1828 1147 2060 1201 &lpraedicato

1184 1201 1405 1245 formalibu53
1444 1201 1545 1236 modo
1573 1213 1631 1246 pro
1661 1203 1826 1245 objestivis
1857 1227 1867 1239 .,
1907 1201 2060 1244 Dicimus

1185 1251 1270 1286 enim
1282 1265 1293 1284 .·
1321 1256 1359 1286 In
1374 1252 1586 1294 praedz'carione
1600 1254 1784 1299 affirmativa
1803 1255 2002 1298 praedtcatum
2025 1255 2063 1288 (θ’

1178 1300 1343 1344 subjec‘lum
1354 1302 1460 1340 debent
1471 1303 1522 1345 effe
1545 1304 1666 1337 realiter
1695 1303 1894 1346 identificata.
1923 1305 1970 1338 lbi
1978 1312 2062 1346 prae·

1183 1354 1313 1385 dicatum
1338 1352 1369 1387 ἂ
1390 1350 1554 1398 fiabjec‘rum,
1578 1355 1783 1395 accipiuntur
1798 1367 1855 1398 pro
1873 1353 2060 1396 objedtivis.

1184 1402 1305 1438 Rursus
1325 1402 1481 1438 dicimus:
1511 1405 1712 1453 Praeqicatum
1734 1402 2060 1449 &siebjefiumidemi-

1179 1451 1264 1492 ficari
1286 1451 1392 1486 debent
1414 1459 1445 1485 in
1466 1451 1686 1496 suofigntficato
1699 1454 1791 1488 redo.
1812 1455 1870 1494 ‚Ibi
1893 1457 2061 1498 accipiun-

1182 1513 1234 1537 tur
1260 1514 1318 1546 pro
1340 1503 1553 1538 formalibus.
1578 1503 1659 1538 Item
1673 1506 1831 1540 dici-mus.-
1857 1505 2064 1549 significatum

1173 1552 1303 1593 fhrmale
1318 1555 1478 1593 pradicatt
1500 1553 1586 1585 debet
1607 1556 1757 1595 quadrare
1777 1557 1811 1587 (π
1834 1553 2064 1597 inem'steresub-

1174 1603 1273 1646 jec‘lo.
1298 1601 1347 1635 lbi
1359 1604 1563 1646 practicatum
1575 1604 1731 1646 accipitur
1748 1613 1805 1644 pro
1819 1603 1968 1645 formali3
1987 1602 2061 1646 sub.-

1172 1653 1290 1695 jeaum
1304 1654 1380 1687 vero
1396 1653 1553 1696 accipitur
1568 1663 1624 1696 pro
1648 1651 1823 1695 objectiva.
1850 1652 1893 1685 Et
1906 1653 1950 1686 ita
1962 1653 1999 1686 fit
2012 1655 2066 1692 [ε-

1181 1701 1325 1746 pissime:
1354 1704 1467 1749 Qam
1492 1703 1788 1745 aequivocationem
1814 1702 1870 1735 nisi
1883 1703 1957 1745 quis
1970 1703 2062 1739 caute

1165 1752 1326 1787 'advertat
1345 1776 1355 1791 ,
1382 1753 1480 1787 facile
1498 1754 1578 1791 fiet2
1603 1762 1639 1788 ut
1666 1751 1797 1790 incaute
1809 1751 1844 1787 in
1859 1763 1999 1787 errorem
2010 1754 2067 1789 de-

1178 1802 1285 1837 cidat.
1313 1802 1395 1848 Qo
1422 1803 1529 1844 posito

1231 1863 1260 1900 9.
1290 1850 1515 1895 &sp-&diem
1547 1852 1769 1887 Praedicatum
1794 1851 1990 1895 objeffivum
2014 1853 2062 1887 est

1179 1903 1317 1941 resilla,
1345 1913 1415 1944 quae
1427 1903 1468 1935 de
1488 1903 1550 1935 alia
1566 1914 1598 1934 re
1610 1902 1806 1942 affirmatur,
1834 1903 1884 1939 vel
1899 1914 2056 1947 negatur;

1179 1948 1356 1992 subjectum
1379 1948 1456 1983 vero
1476 1949 1672 1994 objectivum
1691 1952 1736 1986 est
1765 1951 1904 1993 resina,
1930 1952 1971 1988 de
1995 1965 2061 1997 qua

1177 1998 1288 2042 aliqua
1298 2000 1363 2033 alia
1375 2010 1421 2033 res
1433 2001 1613 2035 affirmatur
1627 2024 1638 2041 ,
1661 2003 1710 2038 vel
1726 2013 1880 2047 negatur·²
1909 2002 1994 2046 verb.
2006 2015 2061 2049 gr.

1176 2060 1251 2083 cum
1265 2049 1366 2090 dico,
1394 2053 1483 2083 Homo
1504 2050 1542 2090 est
1564 2053 1698 2091 animal,
1726 2053 1925 2096 suppositum
1939 2053 2063 2098 huma--⁴

1176 2097 1283 2130 nitatis
1294 2099 1338 2130 est
1351 2098 1549 2139 objectivum
1565 2099 1737 2140 subjectum
1755 2103 1818 2143 ;de
1830 2100 1893 2135 hoc
1904 2104 1992 2136 enim
2007 2104 2060 2138 af-

1174 2146 1321 2181 firmatur
1333 2147 1532 2189 suppositum
1554 2148 1769 2183 animalitatis
1779 2173 1788 2188 ‚
1818 2152 1907 2193 quod
1920 2153 1996 2187 ideo
2010 2153 2058 2188 ibi

1172 2196 1215 2229 est
1238 2195 1436 2238 objestivum
1457 2195 1666 2240 praedicatum
1686 2224 1694 2232 .
1735 2198 1950 2236 Praedicatum
1978 2203 2057 2237 vero

1171 2246 1310 2278 formale
1333 2245 1377 2278 est
1400 2256 1465 2278 vox
1490 2269 1502 2285 ,
1528 2247 1578 2279 vel
1599 2247 1754 2289 scriptura
1779 2251 1961 2293 fignificans
1988 2264 2056 2287 rem

1172 2294 1259 2326 illam
1273 2318 1283 2333 ‚
1309 2304 1378 2334 quae
1389 2293 1430 2327 de
1443 2294 1505 2327 alia
1517 2294 1694 2328 affirmatur
1706 2320 1716 2336 ,
1729 2297 1780 2329 vel
1795 2309 1931 2343 negatur
1943 2324 1951 2332 .
1975 2303 2056 2336 Sub-

1169 2343 1288 2385 jectum
1307 2345 1383 2376 verti
1394 2343 1532 2377 formale
1553 2344 1596 2378 est
1611 2354 1674 2378 vox
1687 2369 1698 2384 ,
1726 2346 1774 2379 vel
1788 2347 1942 2390 scriptura
1954 2351 2052 2395 signi-

1169 2393 1269 2426 ficans
1287 2404 1354 2426 rem
1368 2393 1459 2427 illam
1472 2416 1483 2433 ‚
1508 2393 1549 2427 de
1561 2405 1624 2438 qua
1636 2394 1698 2428 alia
1712 2406 1761 2428 res
1771 2396 1969 2438 affirmatur,
1997 2402 2048 2435 vel

1168 2453 1306 2485 negatur
1330 2455 1340 2485 ;
1378 2443 1462 2476 verb.
1485 2452 1565 2488 grat.
1603 2444 1638 2477 in
1663 2446 1786 2487 praefata
1811 2448 2050 2491 propositione,

1166 2499 1259 2528 Homo
1277 2492 1315 2531 est
1337 2494 1453 2526 animal
1473 2517 1484 2534 ‚
1521 2505 1584 2528 vox
1613 2493 1694 2526 bomo
1713 2495 1767 2528 est·
1781 2496 1917 2532 formale
1944 2500 2048 2543 subje-

1166 2544 1282 2586 tium3
1319 2554 1384 2577 vox
1415 2543 1493 2578 vero
1528 2544 1645 2577 animal
1673 2545 1718 2579 est
1742 2546 1879 2582 formale
1902 2549 2046 2593 praedica-

1166 2603 1238 2627 tum
1251 2618 1259 2626 .

1218 2653 1268 2679 10.
1297 2646 1404 2677 Dices:
1434 2643 1616 2691 Qomodo
1632 2655 1726 2679 voces
1739 2648 1969 2693 ,&scripturae
1981 2653 2046 2687 effe

1165 2695 1295 2736 possunt
1316 2694 1545 2736 propositionis
1567 2694 1741 2737 subjectum
1763 2721 1773 2736 ,
1818 2699 1869 2732 vel
1891 2701 2043 2742 praedica·

1163 2745 1253 2776 tum?
1285 2744 1418 2777 Etenim
1444 2744 1650 2787 praedicatum
1673 2745 1718 2779 est
1744 2747 1826 2781 illud
1853 2772 1864 2787 ,
1890 2751 1979 2792 quod
2002 2752 2045 2785 de

1162 2793 1228 2827 alio
1255 2794 1430 2827 affirmatur
1449 2818 1460 2834 ,
1487 2794 1535 2828 vel
1557 2805 1693 2839 negatur
1709 2807 1724 2837 ;
1750 2797 1920 2840 subjerstum
1946 2799 2043 2834 estil-

1163 2843 1240 2883 lud,
1270 2843 1311 2878 de
1335 2854 1401 2887 quo
1413 2843 1497 2878 aliud
1522 2844 1719 2885 affirmatur,
1747 2849 1795 2881 vel
1810 2859 1964 2893 negatur:
1991 2861 2040 2884 at-

1161 2895 1215 2937 qui
1242 2894 1403 2937 scripturae
1423 2919 1433 2934 ,
1457 2894 1492 2929 ὅ(
1515 2905 1612 2931 voces
1641 2906 1745 2939 neque
1767 2898 1841 2932 sunt
1869 2897 1970 2940 illud,
1994 2900 2039 2939 de

1162 2956 1228 2987 quo
1239 2943 1327 2977 aliud
1341 2944 1539 2984 affirmatur,
1570 2943 1619 2978 vel
1632 2956 1787 2992 negatur;
1815 2959 1919 2993 neque
1937 2949 2046 2988 etiam,

1161 2993 1240 3027 illud
1267 3018 1277 3033 ‚
1306 2995 1395 3037 quod
1419 2993 1461 3029 de
1485 2994 1550 3028 alio
1569 2995 1745 3031 affirmatur
1764 3022 1775 3038 ‚
1804 2999 1853 3033 vel
1877 3010 2036 3043 negatur:

1161 3042 1225 3078 baec
1257 3046 1369 3077 omnia
1401 3045 1490 3078 enim
1515 3046 1673 3088 quadrant
1704 3047 1797 3083 rebus
1821 3049 2036 3094 significatis,

1738 3098 1824 3143 Ergo
1846 3111 1940 3134 voces
1962 3125 1973 3142 ,
1999 3101 2036 3135 δε

1159 3145 1319 3187 scripturae
1341 3145 1404 3177 esse
1428 3156 1493 3177 non
1508 3146 1636 3187 possunt
1658 3147 1833 3189 subjectum
1847 3174 1856 3189 ‚
1886 3152 1935 3184 vel
1958 3161 2035 3194 prz-

1156 3193 1321 3227 dicatum.
1349 3193 1435 3235 Resp.
1458 3194 1679 3229 Definitiones
1702 3197 1775 3234 istas
1792 3212 1846 3241 pro
1861 3201 2033 3242 majorias-

1156 3244 1296 3286 sumptas
1321 3245 1383 3277 esse
1404 3241 1613 3279 definitiones
1635 3245 1793 3289 praedicati
1810 3274 1820 3290 ‚
1841 3251 1873 3283 ὃ(
1903 3250 2034 3294 subjecti

1154 3292 1331 3335 obieritivh=
1356 3304 1424 3327 non
1452 3294 1526 3328 vero
1547 3296 1706 3338 praedicwti
1722 3323 1732 3339 ‚
1758 3300 1790 3333 δε
1818 3300 1947 3343 sabiosti
1963 3302 2030 3340 ‚for-

1155 3344 1273 3376 malis.-
1295 3342 1365 3377 dixi
1386 3350 1496 3379 autem
1509 3356 1602 3380 voces
1616 3371 1626 3387 ,
1653 3348 1685 3381 δε
1710 3350 1875 3392 scripturas
1885 3351 1947 3385 esse
1962 3350 2035 3385 sub-

219 3391 423 3427 differentia:
449 3393 552 3442 Qod
573 3391 638 3427 haec
660 3395 776 3429 divisio
802 3391 947 3426 videatur
967 3394 1110 3437 elfego·
1154 3393 1294 3436 jectum,
1320 3404 1359 3427 ac
1384 3394 1609 3437 praedicatum,
1638 3408 1706 3431 non
1729 3399 1948 3443 objestivum3
1977 3400 2029 3434 sed

223 3441 353 3477 nerisin
364 3443 504 3489 species3
531 3443 590 3479 ista
605 3444 678 3479 vero
697 3443 872 3481 accidentis
885 3442 919 3476 in
936 3436 1122 3493 subjeetass
1155 3443 1307 3479 formale.
1332 3443 1423 3479 Nam
1455 3445 1686 3489 praedicatum,
1714 3460 1751 3485 ac
1773 3449 1946 3494 subjectum
1968 3451 2032 3484 for·³

1898 3498 1985 3532 male
