2384 3770
705 98 1004 166 Qulnfsrr
1041 97 1189 141 Sum.
1225 95 1300 140 Er
1336 97 1517 143 Pam.

325 194 378 229 ¹7·
405 181 520 214 Genus
539 178 665 214 definiti
687 181 733 214 est
756 179 971 223 Categorema
988 203 996 210 .
1025 177 1137 211 Omne

273 232 360 266 enim
373 241 494 264 nomen
506 230 549 264 est
563 240 787 275 categorema3
799 241 866 263 non
877 238 986 261 tamen
997 226 1015 260 ὲ
1024 237 1137 260 contra

270 292 370 316 omne
381 291 586 325 categorema
597 281 642 315 est
653 290 775 314 nornen
790 302 798 311 .
824 277 912 311 Nam
926 276 1059 310 verbum
1072 299 1083 316 ‚
1105 277 1138 310 δι

262 331 475 374 *participium
487 331 560 368 sunt
581 338 834 375 categoremata;
864 338 931 361 non
945 327 1017 361 sunt
1028 337 1137 360 tamen

270 380 424 415 nomina.
453 379 639 422 Ratiabujus
651 378 706 418 est:
720 377 810 424 Qia
827 387 948 410 nomen
962 375 1059 411 debet
1071 377 1138 410 esse

268 431 448 472 terminus,
474 430 508 464 δε
529 439 711 465 extremum
734 426 964 470 propositionis
992 427 1137 460 vocalis.-

270 490 347 514 narn
358 505 370 521 ,
391 490 428 515 ut
438 478 600 514 ordinarie
610 488 686 512 cum
699 475 902 520 Philosopho
912 477 1050 510 dicimus
1062 501 1072 517 ,
1084 480 1137 509 Ex

271 534 408 570 nomine,
435 531 470 564 θ
489 528 579 562 verbo
597 532 776 569 componitur
788 529 900 561 vocalis
907 525 1073 569 propositio:
1092 537 1136 561 ex

269 579 371 613 verbo
380 578 513 622 quidem
534 587 703 619 tamquam
716 589 758 610 ex
783 577 922 621 copula3
949 588 989 611 ex
1001 577 1136 612 nomine

266 629 345 663 vero
365 638 530 670 tamquam
551 638 593 661 ex
617 627 758 661 termino
778 629 810 661 δε
831 637 993 661 extremo.
1026 625 1134 668 Atqui

264 687 409 712 extrema
421 676 649 720 propositionis
661 676 779 712 debent
800 678 862 711 effe
873 685 1110 721 categoremata
1128 688 1135 708 :

266 737 304 762 ut
320 726 452 770 clarum,
465 727 526 760 est.
550 727 641 772 Ergo
660 728 761 763 etiam
785 727 919 762 nomina
941 726 1061 761 debent
1075 726 1136 759 effe

264 786 502 822 categoremata
515 801 523 809 .
549 778 644 812 Hinc
667 779 804 812 nomina
824 777 958 820 obliqua
980 788 1047 810 non
1060 777 1133 809 sunt

265 837 340 861 vera
362 828 498 862 nomina
521 827 671 871 Logica:
697 838 772 861 cum
786 838 889 868 neque
899 836 1135 870 categoremata

265 876 327 910 sint
343 899 355 916 ,
391 888 498 921 neque
517 888 660 911 extrema
685 876 848 910 vocalium
877 876 1135 919 propositionum

256 926 326 960 offe
345 926 485 969 poffint;
515 937 552 960 ut
572 926 640 960 dixi
664 926 756 969 supra
779 926 838 960 suo
860 925 954 960 loco.
977 925 1137 967 Adeoque

264 985 332 1009 vox
343 975 460 1019 obliqua
471 985 584 1010 vocem
596 980 715 1008 nomina
727 987 794 1009 non
809 974 971 1020 restringit
982 1000 993 1015 ,
1019 984 1074 1009 aut
1084 986 1134 1009 ex-

263 1025 375 1070 planat
385 1038 400 1067 ;
428 1025 481 1060 sed
492 1026 634 1061 omniuo
645 1027 796 1069 pervertit
809 1050 819 1067 ,
846 1038 883 1059 ac
895 1026 1016 1059 alienat
1030 1049 1037 1057 .

317 1072 372 1112 18.
399 1075 594 1111 Differentia
611 1076 737 1110 definiti
764 1076 809 1110 est
824 1074 989 1120 fignificare
993 1074 1055 1117 fine
1067 1083 1137 1108 tem-

265 1133 337 1168 pore
346 1149 354 1157 .
382 1125 444 1159 Per
454 1124 520 1160 hoc
531 1127 621 1160 enim
631 1126 842 1172 distinguitur
855 1136 976 1160 nornen
988 1125 1006 1159 a
1018 1124 1117 1158 verbo
1128 1149 1137 1164 ,

264 1175 504 1220 &participio.
535 1176 725 1220 Utrumque
745 1177 866 1220 quippe
886 1175 952 1211 hoc
979 1174 1137 1220 fignificat

265 1235 344 1259 cum
356 1235 515 1269 tempore.
544 1226 653 1261 Potest
676 1225 808 1271 quidem
822 1238 944 1260 nomen
957 1225 1138 1271 significare

264 1282 396 1316 tempus
404 1287 420 1316 ;
445 1276 525 1309 item
543 1277 645 1318 potest
658 1276 905 1320 consignificare
916 1286 1063 1318 tempus:
1088 1275 1136 1307 sed

267 1322 453 1358 nullatenus
474 1325 578 1369 potest
599 1325 778 1370 fignificare
799 1337 873 1360 cum
887 1335 1053 1368 tempore·
1082 1326 1140 1356 Pro

269 1383 328 1416 quo
347 1375 486 1408 adverte:
512 1376 696 1422 Qiomodo
717 1374 785 1409 haec
807 1377 868 1410 tria
880 1375 1138 1419 distinguantur.

269 1422 461 1467 Significare
486 1433 613 1469 tempus
633 1426 678 1460 est
700 1437 759 1470 pro
770 1428 828 1461 suo
840 1423 1141 1470 principalifignifi-

265 1482 344 1506 cato
364 1473 479 1508 habere
499 1476 633 1519 aliquod
646 1485 773 1518 tempus
784 1500 796 1515 ‚
821 1477 1006 1518 aliquamve
1019 1484 1138 1516 tempo-

261 1521 310 1557 ·ris
321 1521 537 1559 differentiam
554 1537 565 1566 ;
592 1524 675 1559 verb.
685 1535 766 1569 grat.
780 1534 875 1559 voces
888 1547 899 1563 ,
927 1528 1008 1557 Hora
1018 1545 1029 1563 ,
1054 1524 1116 1557 dies
1131 1547 1141 1564 ,

268 1583 393 1612 annus,
412 1586 503 1614 cras,
529 1574 611 1616 beri,
637 1578 743 1615 modo,
771 1576 828 1608 &a
856 1573 1039 1618 significant
1062 1584 1140 1608 tem·

266 1632 330 1666 pus
352 1637 364 1657 .-
398 1623 488 1669 Qia
507 1636 617 1658 earum
650 1623 825 1668 principale
849 1624 1068 1668 significatum
1093 1622 1138 1658 est

268 1682 414 1715 tempus.
444 1673 704 1718 Confignificare
723 1684 851 1717 tempus
873 1673 917 1708 esi
928 1683 1054 1717 tempus
1065 1684 1139 1707 con-

268 1732 403 1763 notare,
427 1724 489 1757 five
508 1724 555 1758 est
575 1724 692 1759 babere
702 1735 830 1768 tempus
841 1735 899 1768 pro
911 1725 969 1759 suo
982 1734 1139 1759 connota-

269 1780 329 1811 ιο,
356 1773 477 1816 suoque
496 1773 678 1817 significato
701 1775 911 1809 secundario.
938 1775 989 1808 Ita
1017 1784 1114 1808 voces
1131 1798 1141 1812 ,

266 1824 366 1854 Coena
377 1846 389 1862 ‚
405 1824 574 1864 prandium
586 1847 596 1864 ,
611 1826 820 1865 jentaculum,
842 1823 996 1867 vesperae,
1022 1823 1139 1865 comple·

265 1876 376 1904 tarium
387 1896 398 1912 ‚
417 1873 471 1906 (ac.
482 1874 731 1919 consignificant
741 1885 886 1918 tempus:
903 1873 1039 1909 Habent
1050 1875 1139 1908 enim

267 1930 395 1963 tempus
407 1933 465 1964 pro
476 1924 534 1956 suo
555 1934 759 1964 connotato‚
784 1925 818 1958 ἀ
834 1924 1016 1967 significato
1030 1925 1140 1956 secun-

266 1968 379 2002 dario:
406 1971 587 2015 significant
609 1974 727 2016 quippe
750 1972 814 2005 istm
837 1983 933 2005 voces
955 1970 1139 2016 atilionem,

265 2018 324 2052 feu
343 2019 547 2054 functionem
558 2021 701 2065 aliquam
712 2046 723 2063 ,
749 2021 966 2056 connotando
978 2045 990 2061 ,
1014 2033 1052 2056 ac
1064 2033 1139 2055 con-

265 2068 484 2112 significando
496 2080 645 2114 tempus,
670 2072 706 2105 in
731 2082 798 2114 quo
809 2071 1013 2109 fierisolent,
1039 2082 1076 2104 ac
1086 2070 1136 2104 de-

265 2115 345 2151 bent
355 2141 362 2149 .
390 2118 581 2161 significare
592 2118 668 2152 vero
679 2130 754 2152 cum
778 2129 943 2160 ternpore,
962 2118 1007 2151 est
1019 2119 1137 2161 signifi-

264 2177 339 2200 care
348 2166 492 2210 aliquam
512 2167 672 2202 astionem
686 2192 698 2208 ,
724 2168 776 2201 seu
786 2168 989 2201 functionem
1002 2166 1073 2201 aci'u
1085 2167 1137 2201 fie-

263 2216 315 2256 ti,
340 2216 374 2250 ὅ(
394 2218 534 2251 exerceri
558 2220 592 2250 in
616 2228 706 2251 certo
730 2217 841 2259 aquuo
854 2227 1020 2259 tempore;
1047 2229 1134 2260 v.gr.

266 2274 343 2298 cum
355 2263 430 2297 dico
441 2288 452 2304 ‚
480 2268 588 2298 Petrus
599 2270 657 2298 ivit
670 2266 831 2306 Neapolim
843 2288 854 2304 ,
882 2276 948 2297 vox
970 2264 1029 2296 [vit
1037 2266 1136 2308 figni-

266 2314 346 2346 ficat
356 2324 606 2356 cumtempore:
636 2314 793 2358 significat
817 2313 906 2346 enim
916 2313 1052 2347 itionem
1065 2315 1133 2347 astu

265 2363 377 2398 fieri&
389 2365 528 2398 exerceri
552 2364 742 2407 intempore
754 2363 913 2406 praeterito
928 2385 936 2395 .
965 2362 1008 2395 Et
1023 2361 1086 2396 hoc
1099 2363 1133 2396 si-

265 2412 426 2457 gnificare
450 2423 607 2458 repugnat
627 2413 774 2447 nomini:
803 2424 925 2447 nomen
947 2413 1066 2445 etenim
1080 2424 1133 2455 po·

266 2462 326 2495 test
337 2473 395 2506 pro
405 2463 463 2496 s‘uo
474 2463 658 2508 significato
669 2463 824 2507 primario
846 2488 857 2504 ,
881 2462 931 2496 vel
943 2463 1133 2496 secundario

266 2510 386 2546 habere
397 2521 543 2555 tempus;
570 2513 716 2557 adeoque
725 2512 826 2557 potest
838 2523 964 2555 tempus
977 2512 1027 2545 vel
1041 2512 1136 2556 signi·

291 2571 383 2601 care,
409 2563 459 2595 vel
471 2562 730 2607 consignificare:
759 2574 827 2596 non
850 2562 953 2606 potest
967 2571 1075 2595 tamen
1091 2562 1132 2595 sr-

265 2611 446 2656 gnificare,
471 2612 558 2654 quod
580 2613 688 2655 aliqua
711 2612 818 2651 astio,
843 2613 895 2646 vel
924 2611 1051 2646 funstio
1061 2614 1130 2645 astu

265 2662 302 2694 in
318 2669 466 2703 tempore
486 2662 542 2694 fiat
561 2683 572 2700 ‚
598 2662 834 2696 &exerceatur
856 2674 867 2705 ς
893 2662 1040 2704 adeoque
1064 2673 1130 2695 non

266 2709 370 2754 potest
383 2710 565 2754 significare
575 2720 649 2743 cum
658 2719 804 2754 tempore
815 2735 823 2743 .

318 2770 374 2806 19.
400 2763 453 2792 Ex
465 2760 568 2802 quibus
578 2759 714 2793 omnibus
732 2758 882 2803 sequitur:
909 2760 1012 2808 Qod
1026 2762 1127 2795 nomi-

264 2820 308 2845 na
318 2808 458 2843 debeant
469 2811 531 2843 esse
541 2821 637 2844 voces
648 2812 756 2853 restae3
785 2821 852 2843 non
864 2819 971 2843 tamen
987 2821 1083 2844 voces
1096 2811 1128 2844 fi-

262 2859 360 2900 nitae,
387 2859 518 2903 possunt
542 2860 631 2894 enim
659 2860 759 2894 etiam
779 2862 838 2893 esse
861 2871 955 2893 voces
975 2859 1130 2894 infinitae:

261 2908 409 2951 adeoque
428 2907 647 2953 Philosophus
660 2911 694 2943 in
714 2911 768 2944 sua
789 2909 980 2943 definitione
992 2909 1074 2943 bene
1085 2910 1128 2943 di·

265 2958 316 2993 xit
328 2983 339 2999 ‚
351 2964 469 2994 Nomen
479 2959 516 2999 est
527 2971 588 2994 vox
599 2960 697 3002 re8a3
724 2959 811 2993 male
823 2969 932 2994 tamen
944 2960 1028 2993 dixit
1037 2983 1047 3000 ,
1076 2960 1147 2996 Est.

263 3021 324 3044 vox
333 3008 440 3051 finita.
466 3009 569 3058 Qod
589 3008 704 3045 debeat
722 3010 786 3044 esse
795 3011 910 3044 redium
923 3033 934 3049 ,
957 3009 1022 3052 jam
1037 3010 1105 3042 dixi
1122 3021 1128 3041 :

261 3059 351 3102 Qia
371 3058 467 3094 debet
487 3061 549 3094 effe
572 3070 774 3105 categorema
788 3084 799 3100 ‚
825 3058 913 3103 quod
935 3070 1002 3093 non
1026 3059 1128 3102 potest

263 3109 327 3143 esse
344 3107 536 3153 obliquum.
562 3110 664 3158 Qod
685 3109 777 3153 poffit
793 3111 855 3144 esse
879 3109 1066 3149 infinitum,
1090 3108 1129 3149 sic

262 3157 373 3202 probo:
397 3160 489 3205 Qia
499 3171 600 3195 omne
621 3170 823 3204 categorema
834 3158 1080 3203 significativum
1094 3160 1126 3192 si·

263 3218 307 3242 ne
325 3217 470 3251 tempore
494 3210 539 3244 est
558 3221 679 3245 nomen
700 3222 708 3242 :
736 3211 825 3253 atqui
847 3220 942 3242 voces
972 3208 1127 3249 infinitae,

265 3269 294 3290 v.
305 3268 336 3301 g.
350 3262 420 3289 Non
430 3256 534 3299 bomo,
559 3270 616 3293 non
627 3261 762 3298 brutum,
788 3271 844 3292 non
857 3260 961 3300 lapis,
985 3260 1039 3293 δι’.
1054 3260 1126 3293 sunt

262 3318 502 3351 categoremata
524 3308 735 3352 significantia
756 3310 823 3343 fine
845 3320 991 3351 tempore
1015 3321 1022 3341 ι
1048 3320 1126 3353 ergo

263 3359 339 3392 sunt
352 3357 486 3391 nomina
499 3382 506 3389 .
533 3358 626 3405 Qid
635 3361 725 3395 enim
751 3360 817 3394 illis
840 3358 949 3394 deest?
976 3359 1105 3392 Deinde
1118 3383 1127 3398 ,

265 3407 345 3442 tales
382 3417 477 3441 voces
498 3408 626 3450 possunt
645 3412 707 3444 esse
732 3420 873 3445 extrema
895 3433 908 3452 ,
942 3409 978 3444 δι’.
999 3408 1129 3445 termini

360 3456 466 3498 Christ.
477 3461 556 3500 Lupi
566 3463 662 3501 Opera
671 3462 827 3494 Tam-XII.

1936 111 2029 148 261

1199 174 1457 220 propositionum
1470 174 1631 211 vocalium
1645 189 1655 220 3
1676 179 1710 215 dt
1725 190 1792 215 non
1804 173 1985 226 significant
1996 193 2072 217 cum

1199 224 1363 267 tempore:
1390 225 1488 259 debes
1499 235 1576 268 ergo
1589 225 1659 261 illas
1672 230 1756 265 intra
1769 232 1880 266 seriem
1894 231 2071 268 nominum

1171 278 1174 283 “
1198 275 1369 310 admittere
1381 299 1388 308 .

1248 335 1301 362 20·
1329 324 1362 358 A
1383 323 1519 358 nomine
1542 335 1609 359 ⁰01¹
1635 324 1733 370 long&
1745 330 1830 365 abest
1843 331 2068 375 participium.

1200 373 1301 421 Quod
1315 373 1449 417 quidam
1461 375 1570 418 inepte
1582 374 1754 409 definiebat
1763 381 1821 413 esse
1833 379 2072 425 Categoremalr}

1194 424 1403 468 gnificativum
1428 436 1491 459 cum
1513 433 1658 466 tempore.
1687 426 1774 460 Nam
1796 431 1928 464 verbum
1940 442 2007 464 non
2022 431 2069 464 est

1199 474 1401 518 participium
1416 487 1426 516 ;
1453 475 1498 508 est
1515 483 1622 508 tamen
1635 486 1836 520 categorema
1858 490 1930 513 cum
1946 490 2070 523 tempo-

1198 536 1231 558 re
1253 523 1502 569 fignificativum
1515 549 1522 557 .
1550 525 1662 559 Defini
1687 537 1767 569 ergo
1791 526 1854 560 hoc
1868 528 1967 562 modo
1980 554 1987 561 .
2014 528 2068 569 Est

1196 582 1375 618 categorema
1385 586 1451 608 cum
1475 583 1601 616 tempore
1618 573 1851 619 significativum
1862 600 1873 615 ,
1898 578 1930 610 (Ὗ
1942 579 2067 611 declina-

1196 624 1252 657 bile
1261 634 1313 666 per
1322 623 1405 668 casus
1416 648 1424 658 .
1453 625 1516 658 Per
1531 626 1667 666 primam
1681 637 1801 668 partem
1816 621 1921 659 differt
1932 627 1950 659 a
1965 629 2070 661 nomi—

1198 686 1258 716 ne;
1280 685 1333 718 per
1345 676 1477 709 alteram
1489 674 1596 708 differt
1607 677 1625 708 a
1640 676 1738 709 verbo
1750 700 1760 716 ,
1772 676 1861 719 quod
1876 687 1941 710 non
1955 676 1999 709 est
2014 687 2068 719 per

1197 726 1286 758 casus
1296 724 1514 766 declinabile·‚
1542 725 1593 757 sed
1609 736 1662 767 per
1684 735 1851 768 tempora,
1878 725 2016 768 modos,
2037 726 2071 759 δε

1199 776 1346 817 personas
1357 773 1565 817 conjugabile
1577 798 1584 806 .
1611 775 1699 809 Scire
1711 787 1819 809 tamen
1832 774 1928 809 debes
1941 800 1951 815 ,
1978 776 2072 818 parti-

1198 826 1281 867 cipia
1293 824 1405 858 omnia
1419 835 1486 858 tam
1500 823 1635 867 passiva,
1650 836 1746 868 quam
1760 826 1873 865 activa,
1887 825 1968 858 sumi
1983 825 2070 868 poffe

1199 873 1327 909 duobus
1352 874 1458 908 modis
1470 899 1477 906 .
1505 872 1699 918 Aliquando
1723 876 1892 909 sumuntur
1904 876 1938 908 in
1954 875 2070 919 vigore

1200 923 1381 968 participii,
1407 933 1563 966 quatenus
1586 925 1751 968 participia
1765 927 1838 959 sunt
1850 950 1860 965 ,
1886 935 1981 969 prout
1995 926 2071 959 sunt

1200 974 1279 1017 quid
1291 973 1434 1007 medium
1460 974 1543 1008 inter
1555 986 1674 1009 nomen
1684 976 1717 1009 ὅ(
1730 976 1882 1009 verbum.
1913 974 2074 1017 Aliquan-

1200 1026 1244 1058 do
1255 1025 1426 1057 sumuntur
1439 1024 1471 1055 in
1491 1025 1602 1067 vigore
1615 1025 1825 1069 participialia
1838 1038 1849 1058 .-
1866 1025 1900 1058 &
1913 1034 1991 1058 tunc
2003 1035 2072 1058 non

1200 1085 1357 1108 vocantur
1368 1073 1599 1116 participi23sed
1616 1077 1749 1109 nomina
1764 1074 1997 1118 participialia:
2016 1074 2073 1107 im·

1201 1122 1256 1159 mo
1267 1135 1345 1158 tunc
1358 1135 1424 1157 non
1437 1124 1510 1156 sunt
1521 1124 1706 1168 participia;
1734 1125 1785 1159 sed
1795 1135 1866 1159 vcra
1882 1149 1892 1166 ,
1918 1137 1956 1159 ac
1967 1125 2073 1168 perfe-

1199 1175 1246 1208 eta
1261 1175 1394 1208 nomina
1408 1198 1414 1206 .
2066 1212 2068 1214 ¹

1247 1235 1302 1261 21.
1325 1224 1413 1258 Inter
1439 1221 1495 1255 has
1521 1224 1638 1268 quippe
1649 1223 1728 1258 duas
1740 1224 1898 1268 participii
1912 1223 2074 1266 acceptio·

1201 1286 1256 1308 nes
1269 1297 1280 1311 ,
1290 1276 1341 1308 seu
1355 1273 1606 1318 significationes
1618 1275 1726 1309 multae
1738 1285 1775 1308 ac
1786 1285 1911 1318 magnae
1922 1275 1996 1306 sunt
2011 1273 2075 1305 dif-

1201 1326 1351 1358 ferentiae.
1364 1322 1575 1358 Primoenim
1590 1325 1798 1368 participium
1813 1326 1895 1369 regit
1905 1325 2011 1357 casum
2026 1322 2074 1355 sui

1203 1374 1304 1415 verbi,
1316 1374 1347 1408 &
1360 1375 1522 1418 significat
1533 1386 1607 1408 cum
1619 1385 1844 1417 tempore‚non
1858 1374 1966 1408 minus
1977 1373 2074 1416 quam

1203 1425 1335 1459 verbum
1358 1425 1481 1466 ipsum,
1507 1424 1596 1466 cujus
1618 1425 1662 1459 est
1678 1425 1885 1468 participium
1901 1449 1909 1457 .
1938 1425 1984 1457 At
2000 1420 2076 1455 vero

1204 1474 1405 1518 participiale
1418 1485 1484 1507 non
1498 1476 1581 1518 regit
1594 1476 1703 1509 casum
1717 1475 1802 1508 verbi
1817 1499 1827 1515 ,
1840 1486 1945 1518 neque
1957 1471 2076 1517 signifi·

1202 1535 1253 1559 cat
1268 1536 1342 1558 cum
1366 1534 1535 1566 tempore;
1555 1525 1608 1559 sed
1632 1524 1827 1558 construitur
1849 1536 1923 1558 cum
1938 1522 2075 1556 nomine

1204 1574 1406 1608 substantivo
1419 1573 1613 1606 intransitive
1625 1596 1635 1611 ,
1647 1574 1726 1605 sicut
1736 1575 1799 1606 alia
1812 1572 2074 1615 adjeekivassegit-

1202 1635 1264 1668 que
1276 1625 1386 1657 casum
1401 1623 1574 1656 nominum
1588 1622 1819 1665 adjectivorum
1832 1635 1843 1655 :
1857 1633 1890 1655 ut
1907 1622 1998 1655 novit
2011 1631 2079 1653 om-

1203 1675 1253 1707 nis
1277 1674 1383 1707 bonus
1394 1671 1632 1706 Grammaticus
1644 1696 1651 1703 .
1677 1672 1829 1706 Secundo
1843 1695 1853 1710 ‚
1880 1672 1909 1706 &
1924 1681 2026 1715 magis
2039 1669 2081 1703 ad

1203 1735 1269 1758 rem
1294 1723 1435 1757 nostram
1450 1746 1461 1762 ,
1489 1723 1693 1766 participium
1707 1721 1803 1756 babet
1818 1720 1900 1755 idem
1916 1721 2082 1765 fignifica-

1204 1784 1271 1808 tum
1287 1773 1425 1807 formale
1437 1783 1512 1806 cum
1527 1774 1583 1806 suo
1598 1772 1695 1806 verbo
1708 1784 1717 1815 3
1747 1773 1790 1807 ita
1803 1783 1861 1812 ut,
1886 1772 1906 1803 si
1920 1771 2079 1814 significa·

1203 1833 1271 1858 tum
1286 1823 1420 1857 formale
1431 1822 1517 1856 verbi
1529 1823 1625 1857 fuerit
1637 1825 1720 1857 astro
1732 1848 1742 1863 ,
1766 1822 1862 1864 passio
1873 1846 1882 1861 ,
1905 1822 2052 1864 operatio
2067 1844 2078 1861 ‚

1204 1873 1359 1908 habentia
1375 1898 1385 1914 ,
1396 1873 1576 1912 tendentia,
1587 1874 1647 1906 ἃς.
1664 1873 1694 1906 id
1709 1873 1810 1914 ipsum
1824 1872 1920 1905 etiam
1935 1872 1968 1904 fit
1982 1871 2079 1915 figni-

1202 1924 1334 1956 ficatum
1346 1923 1485 1955 formale
1509 1922 1689 1964 participii.
1718 1922 1764 1955 At
1789 1923 1864 1955 vero
1877 1921 2080 1965 participiale

1204 1983 1269 2005 non
1282 1970 1378 2005 habet
1389 1971 1474 2004 idem
1487 1966 1700 2016 significatum
1710 1971 1846 2006 formale
1857 1982 1932 2006 cum
1947 1971 2046 2006 verbo
2060 1984 2070 2013 ς

1204 2033 1262 2055 nec
1280 2022 1368 2054 enim
1383 2021 1423 2054 de
1434 2022 1563 2056 formali
1580 2021 1909 2067 fignificatastionem
1920 2046 1931 2062 ‚
1944 2032 1998 2056 aut
2011 2021 2078 2065 pas-

1200 2072 1322 2104 sionem
1337 2083 1347 2112 ·,
1360 2070 1411 2103 sed
1424 2070 1591 2110 habitum,
1603 2072 1853 2107 inclinationem
1865 2097 1876 2112 ‚
1903 2073 2082 2106 consuetu·

1199 2119 1310 2151 dinem
1323 2142 1334 2157 ,
1356 2129 1410 2150 aut
1431 2119 1521 2151 aliud
1544 2119 1623 2162 quid
1648 2122 1749 2155 simile
1764 2133 1820 2165 pro
1834 2121 2079 2155 occurrentia&

1199 2167 1323 2201 diversa
1348 2167 1501 2208 qualitate
1526 2168 1738 2213 participialis
1751 2194 1763 2210 ,
1788 2171 1823 2204 &
1848 2170 1957 2212 verbi,
1984 2171 2001 2205 a
2012 2181 2079 2215 quo

1199 2218 1361 2251 derivatur
1373 2241 1381 2248 .
1411 2217 1500 2250 Vide
1513 2219 1627 2263 disp.9.
1647 2220 1757 2266 dub.3.

1411 2289 1730 2325 DUBIUM
1789 2293 1862 2328 lv.

1258 2366 1348 2408 ,Quid
1357 2389 1368 2406 ‚
1394 2366 1428 2398 Θ
1449 2369 1607 2408 quotuplex
1626 2365 1663 2407 fit
1688 2368 1814 2402 Verbum
1840 2371 2004 2412 Logicum?

1401 2414 1469 2448 AEc
1481 2428 1545 2450 vox
1562 2418 1685 2450 verbum
1698 2420 1850 2461 plurimas
1865 2443 1874 2458 ,
1892 2421 2008 2462 easque
2025 2419 2075 2455 di·

1410 2466 1592 2500 versiffimas
1604 2465 1699 2501 habet
1713 2469 1967 2513 significationes
1978 2493 1985 2501 .
1998 2471 2071 2503 lllas

1194 2525 1308 2549 omnes
1320 2526 1508 2549 enumerare
1520 2528 1588 2551 non
1610 2517 1653 2549 est
1667 2530 1742 2552 meae
1754 2518 1970 2552 intentionis:
1997 2532 2070 2563 prae-

1195 2563 1285 2598 stabo
1299 2563 1330 2598 id
1345 2566 1490 2600 accurate
1504 2566 1536 2599 in
1552 2566 1658 2600 Libris
1680 2568 1719 2602 de
1733 2567 1857 2602 Anima
1868 2594 1876 2601 .
1899 2570 2000 2604 Sumo
2013 2569 2069 2604 hic

1192 2625 1272 2658 ergo
1286 2614 1432 2648 Verbum
1455 2626 1547 2658 prout
1572 2617 1617 2650 est
1631 2618 1749 2660 species
1771 2619 1919 2662 quaedam
1934 2621 2022 2654 vocis
2033 2621 2068 2653 si·

1193 2664 1404 2708 gnificativae,
1431 2666 1462 2698 δε
1480 2676 1573 2707 prout
1597 2669 1775 2709 opponitur
1786 2669 1927 2702 Nomini
1939 2670 2003 2713 jam
2015 2669 2069 2703 de-

1194 2713 1306 2747 finito.
1340 2714 1588 2758 APhilosopho
1609 2717 1765 2751 definitur
1789 2717 1852 2750 hoc
1863 2718 1982 2752 modo:
2011 2719 2066 2760 Est

1193 2775 1252 2797 vox
1259 2762 1456 2807 fignificativa
1467 2776 1504 2798 ex
1517 2766 1647 2804 instituto
1662 2767 1817 2809 ‚fimplex,
1825 2769 1959 2809 finitas&
1972 2769 2064 2809 rebla,

1192 2825 1258 2856 quae
1271 2812 1391 2856 insuper
1402 2823 1515 2856 tempus
1522 2815 1668 2859 fignififat
1681 2840 1690 2856 ,
1704 2820 1737 2850 <5
1746 2815 1858 2859 semper
1867 2827 1962 2850 eorum
1973 2841 1984 2857 ,
1995 2829 2064 2859 quae

1192 2866 1228 2896 de
1240 2864 1329 2896 altero
1340 2865 1478 2898 dicuntur
1488 2890 1499 2906 ,
1514 2866 1683 2909 estfignum.
1715 2868 1849 2901 Definio
1859 2878 1923 2912 ego
1936 2867 2064 2902 brevius

1192 2914 1255 2947 hoc
1268 2914 1369 2947 modo
1381 2927 1391 2947 .-
1419 2918 1445 2946 Ε
1444 2915 1472 2955 st
1482 2917 1895 2961 categoremafignificativum
1907 2929 1972 2950 cum
1984 2929 2064 2950 tem-

1186 2972 1268 3005 pore,
1283 2965 1315 2997 Cr
1326 2965 1508 3009 conjugabile
1514 2975 1570 3007 per
1583 2975 1726 3008 tempora,
1738 2970 1846 3007 modos,
1859 2967 2041 3010 &personas
2053 2991 2063 3000 .

1191 3014 1252 3047 Per
1266 3013 1398 3056 primam
1426 3016 1615 3058 particulam
1627 3018 1844 3051 excluduntur
1857 3020 1969 3051 omnia
1987 3019 2062 3060 syn-

1188 3073 1423 3108 categoremata
1437 3077 1445 3106 ;
1476 3077 1530 3108 per
1553 3066 1723 3101 secundam
1750 3069 1883 3101 nomina
1900 3081 1906 3100 ι
1934 3077 1988 3110 per
2001 3077 2060 3101 ter-

1187 3115 1267 3148 tiam
1280 3114 1499 3148 excluduntur
1509 3117 1673 3158 participia
1693 3130 1700 3149 ε
1724 3116 1789 3151 haec
1800 3122 1888 3151 enim
1903 3129 1970 3152 nou
1981 3127 2061 3152 con-

1188 3165 1358 3208 jugantur,
1385 3163 1436 3197 sed
1450 3165 1601 3206 percasus
1611 3167 1831 3201 declinantur.

1237 3223 1294 3259 44.
1322 3216 1426 3245 Dices:
1455 3213 1600 3249 Verbum
1623 3220 1819 3261 quandoque
1840 3217 2016 3252 absolvitur
2040 3215 2060 3250 a

1190 3274 1336 3306 tempore
1361 3274 1367 3293 :
1394 3274 1474 3307 ergo
1502 3266 1635 3300 verbum
1662 3279 1729 3302 non
1754 3268 1875 3306 semper
1899 3268 2061 3313 fignificat

1189 3323 1262 3345 cum
1275 3323 1440 3354 tempore:
1467 3325 1546 3358 ergo
1568 3316 1599 3349 id
1622 3317 1654 3350 in
1667 3317 1862 3351 definitione
1876 3318 1960 3353 verbi
1972 3316 2057 3351 male

1190 3362 1235 3395 est
1262 3362 1401 3404 positum
1425 3387 1432 3394 .
1460 3363 1606 3407 Respond.
1634 3368 1768 3411 negando
1792 3378 1945 3411 utramque
1967 3366 2063 3409 conse-

1191 3412 1383 3460 quent.Qia
1395 3411 1526 3449 verbum
1538 3417 1555 3450 a
1570 3424 1714 3461 tempore
1721 3417 1844 3453 absolvi
1855 3429 1921 3454 non
1935 3418 1980 3452 est
1995 3426 2060 3451 ver·

1753 3466 1783 3500 Z
1933 3467 2010 3501 bum

1197 2425 1251 2451 22-
