2384 3770
447 160 539 198 192

377 230 506 264 ficativa
532 227 595 264 mei
609 239 624 271 ,⁴
652 239 713 274 ,pet
738 227 836 264 aliam
864 229 945 264 fasta
970 228 1016 263 est
1040 227 1255 273 significativa

375 279 484 313 Patris
511 281 575 313 mei
593 304 600 313 .
632 280 676 315 Et
700 280 742 315 fic
767 280 808 315 de
834 280 907 314 aliis
932 304 939 312 .
970 279 1060 322 Ergo
1084 277 1256 315 ordinarie

375 338 474 363 voces
488 329 663 374 aequivocae
674 331 757 366 fiunt
780 329 1000 375 significativae
1021 330 1150 363 suorum
1159 330 1255 374 xqui-

375 388 571 415 vocatorum
596 392 651 424 per
670 379 807 416 diversas
830 379 1075 422 impositiones.

425 440 484 478 79.
512 432 600 472 Dico
610 455 622 471 ,
646 432 728 476 fiunt
742 430 893 465 ordinarii
906 453 917 469 ,
941 430 1001 462 (arc.
1015 429 1092 472 quia
1104 427 1170 464 hoc
1183 442 1251 465 non

372 477 420 512 est
444 483 680 525 perpetuum&
695 482 924 521 necesiarium;
953 489 1016 513 nee
1027 479 1114 514 enim
1139 481 1252 521 video,

371 540 473 573 quare
506 543 574 566 vox
608 533 716 576 aliqua
740 541 808 566 non
832 530 934 574 posset
958 529 1028 563 fieri
1065 531 1250 574 aequivoca,

373 578 440 615 five
476 581 696 627 significativa
730 580 870 624 plurium
890 578 1168 623 aequivocatorum
1195 593 1250 625 per

371 632 510 666 eandem
538 632 803 675 impositionem:
831 629 899 664 Cur
917 629 1039 664 etenim
1067 642 1132 664 vox
1145 633 1251 677 gallus

372 692 442 715 non
466 683 570 725 posset
592 682 688 716 unica
718 680 930 724 impositione
952 679 1081 723 imponi
1105 691 1143 715 ac
1154 682 1250 725 depu—

370 731 432 766 tari
455 732 497 766 ad
519 731 791 776 significationem
816 730 850 766 δι
882 730 1056 765 hominem
1079 730 1114 765 in
1140 730 1247 766 Gallia

370 790 486 817 natum
500 806 510 823 ,
532 783 566 816 ἀ
584 782 712 827 gallum
725 780 965 825 gallinaceum:
988 792 1046 814 cur
1062 772 1180 825 aliquis
1191 780 1246 817 Pa.

369 831 493 867 rochus
515 831 598 865 duos
618 842 734 874 pueros
757 829 850 865 ssmul
872 828 1040 874 baptizans
1052 841 1119 864 non
1145 833 1248 875 posset

367 892 542 925 utrumque
562 881 660 916 unica
673 880 906 915 nominatione
919 881 1090 915 nominare
1101 881 1245 916 Petrum?

367 930 434 966 hoc
456 931 526 965 fieri
547 931 635 974 posse
658 931 768 968 nullus
792 929 949 975 negabit.
979 929 1087 976 Atqui
1113 931 1197 967 duos
1212 933 1248 966 fi—

367 980 439 1023 mul
459 979 613 1015 homines
637 982 779 1015 univoca
811 979 1042 1016 nominatione
1076 982 1247 1017 nominare

364 1029 501 1065 Petrum
525 1054 538 1072 ,
567 1031 613 1065 est
637 1042 753 1065 vocem
777 1029 887 1065 Petrus
907 1030 1007 1066 unica
1031 1031 1243 1076 impositione

365 1079 472 1115 facere
487 1081 699 1125 aequivocam,
714 1093 752 1116 ac
764 1082 860 1115 unica
873 1081 1082 1124 impositione
1093 1081 1246 1126 deputare

364 1130 407 1167 ad
430 1131 645 1176 significanda
657 1132 748 1175 plura
758 1133 980 1176 aequivocata:
1005 1143 1084 1177 ergo
1097 1133 1244 1174 quando-

365 1192 429 1225 que
445 1192 542 1217 voces
555 1193 610 1227 per
622 1183 755 1218 unicam
765 1182 1006 1227 impositionem
1019 1183 1151 1226 possunt
1172 1184 1240 1217 fieri

365 1242 561 1276 aequwocae.

493 1319 555 1368 θ’
581 1333 623 1369 U
675 1333 703 1367 Β
753 1331 770 1366 1
820 1331 862 1368 U
913 1330 954 1365 M
1068 1334 1110 1366 x.

569 1459 660 1503 ,Quid
676 1459 737 1503 fine
761 1468 846 1493 voces
866 1455 1044 1500 sinonlmae.

592 1583 686 1618 Ouui
706 1581 843 1626 suprain
868 1580 1030 1625 principio
1053 1581 1244 1627 disputatio-

605 1633 733 1673 tionis,
759 1631 849 1677 quod
863 1631 1077 1673 univocatio,
1100 1633 1244 1678 aequivo·

363 1683 475 1726 catio,
492 1685 527 1718 δε
553 1684 706 1728 analogia
728 1682 892 1726 requirant
914 1692 1015 1716 uuam
1039 1693 1154 1717 vocem
1175 1707 1187 1724 ,
1210 1684 1243 1717 δε

363 1733 468 1769 multa
481 1734 664 1779 significata
676 1746 686 1776 ·,
713 1731 902 1776 synonimia
915 1730 993 1764 vero
1012 1731 1150 1774 requirat
1161 1733 1244 1767 mul-

363 1793 412 1819 tas
435 1794 534 1819 voces
554 1784 589 1818 δε
609 1784 748 1818 unicum
774 1782 1013 1827 significatum:
1035 1782 1123 1817 unde
1134 1781 1241 1817 hacin

364 1843 454 1878 parte
465 1833 655 1876 synonimia
666 1834 713 1866 est
738 1830 967 1867 univocationi
987 1856 998 1873 ,
1015 1832 1244 1876 aequivocatio·

364 1885 399 1919 ni
409 1909 420 1925 ‚
452 1885 486 1919 ἀ
497 1882 655 1926 analogias
666 1892 721 1924 per
732 1881 931 1917 diametrum
960 1882 1110 1925 opposita
1125 1906 1132 1914 .
1161 1883 1241 1916 Sunt

363 1944 444 1979 ergo
458 1944 555 1968 voces
567 1931 751 1976 synonimz
761 1953 772 1969 ,
799 1928 905 1973 plures
917 1942 1012 1965 voces
1025 1932 1242 1976 significantes

363 1984 504 2019 eandem
518 1994 584 2017 rem
599 1982 715 2016 eodem
727 1979 830 2015 modo
841 2004 848 2011 .
862 1980 916 2014 Ut
919 1980 1055 2023 faemina
1068 1982 1102 2013 (tt
1114 1983 1219 2014 mulier
1231 2004 1242 2020 ,

363 2032 436 2076 enfis
449 2034 615 2078 &gladius
628 2057 639 2075 ,
665 2042 770 2066 amare
783 2031 976 2073 &diligere‚
996 2031 1051 2063 &a
1081 2029 1164 2064 Non
1188 2042 1239 2063 er-

363 2085 409 2130 go
423 2086 496 2118 satis
506 2083 552 2117 est
564 2083 604 2116 ad
619 2092 715 2115 voces
742 2079 954 2121 synonimas,
981 2077 1068 2120 quod
1092 2078 1153 2112 sint
1176 2079 1240 2122 plu·

365 2146 413 2168 res
427 2144 523 2167 voces
539 2130 761 2176 significantes
781 2126 920 2160 eandem
943 2137 1011 2160 rem
1024 2149 1036 2166 ,
1062 2127 1122 2159 nisi
1147 2127 1238 2161 illam

364 2184 549 2228 significent
572 2179 691 2214 eodem
715 2176 842 2211 modo.-
869 2176 980 2210 multae
1000 2176 1122 2219 quippe
1143 2186 1240 2210 voces

365 2233 553 2278 significant
574 2230 713 2264 eandem
740 2237 808 2273 rem
831 2249 844 2266 ‚
878 2236 957 2268 quas
976 2235 1086 2258 tamen
1110 2226 1239 2260 constat

365 2295 436 2318 non
448 2282 510 2316 esse
522 2279 697 2322 synonima
711 2298 722 2315 ‚
741 2275 831 2317 qui'a‘i
839 2275 896 2308 illa
918 2274 1057 2308 eandem
1077 2286 1145 2308 rem
1171 2286 1238 2308 non

365 2332 551 2377 significant
575 2325 691 2362 eodem
716 2324 841 2366 mode,
859 2335 889 2357 v.
900 2335 932 2369 g.
945 2335 1043 2357 voces
1053 2323 1158 2364 bomo,
1178 2322 1240 2365 rifi-

364 2383 423 2417 bile
434 2407 445 2423 ‚
463 2380 562 2422 flebile
573 2403 582 2419 ,
596 2388 664 2411 non
676 2378 748 2410 sunt
760 2374 923 2409 ullatenus
934 2385 1030 2409 voces
1044 2374 1240 2419 synonimae;

364 2434 399 2468 δε
410 2442 519 2467 tamen
532 2426 701 2463 manifeste
709 2425 848 2460 eandem
859 2424 954 2467 plane
968 2435 1034 2458 rem
1043 2424 1240 2469 significant,

364 2487 381 2528 (
405 2492 441 2517 ut
467 2480 555 2515 videt
577 2476 718 2523 quilibet
731 2474 836 2509 bonus
851 2470 1020 2518 Log'icus;
1044 2475 1056 2517 )
1076 2486 1156 2519 ergo
1170 2477 1239 2519 pos-

363 2536 441 2569 sunt
464 2530 578 2572 aliquae
591 2538 685 2562 voces
707 2525 887 2570 fignificare
902 2523 1040 2558 eandem
1063 2524 1159 2567 plane
1173 2536 1237 2559 rem

363 2594 434 2619 non
458 2591 568 2616 tamen
592 2578 655 2614 esse
677 2575 878 2620 synonimae,
903 2575 980 2619 quia
1005 2573 1098 2609 illam
1118 2574 1237 2620 signifi-

363 2643 441 2670 cant
463 2631 591 2671 diverso
614 2628 734 2662 modo.
1031 2631 1033 2633 ’

418 2680 474 2720 81.
502 2684 561 2715 Pro
574 2677 712 2723 quoscire
725 2675 833 2710 debes:
861 2674 940 2717 quid
952 2675 990 2708 sit
1004 2674 1143 2709 eandem
1170 2687 1237 2709 rem

366 2732 539 2779 significari
566 2729 684 2764 eodem
712 2727 763 2761 vel
788 2725 913 2760 diverso
940 2725 1062 2759 modo.
1090 2725 1119 2759 S.
1143 2725 1236 2760 Tho-

365 2795 435 2820 mas
470 2781 613 2816 diceret:
650 2776 826 2822 significari
853 2775 1003 2810 eamdem
1028 2787 1094 2810 rem
1121 2776 1236 2809 eodem

367 2833 491 2872 modo,
516 2831 562 2866 est
587 2828 725 2863 eandem
752 2837 820 2860 rem
856 2825 1030 2871 significari
1060 2826 1236 2860 secundum

365 2884 508 2919 eandem
533 2880 696 2915 rationem
722 2875 894 2911 virtualem
912 2899 920 2908 .
948 2876 1063 2909 scotus
1089 2887 1166 2909 vero
1192 2876 1237 2909 di-

368 2945 457 2969 ceret
470 2947 481 2967 .·
498 2931 543 2967 est
556 2929 695 2964 eandem
709 2937 775 2962 rem
792 2926 964 2971 significari
976 2924 1153 2959 secundum
1165 2936 1237 2959 ean-

367 2985 446 3020 dem
468 2980 718 3018 formalitatem.
747 2976 806 3011 Ast
825 2975 902 3010 vero
917 2975 1096 3019 Gregorius
1120 2975 1238 3009 Arimi·

368 3036 476 3070 nensis
496 3042 572 3067 cum
591 3030 657 3064 suis
668 3026 906 3062 Nominalibus
930 3025 1032 3059 dicit:
1053 3025 1099 3058 est
1122 3026 1238 3069 fignifi-

367 3086 435 3120 cari
460 3082 596 3118 eandem
607 3091 675 3114 rem
694 3074 869 3124 secundum
895 3076 983 3110 idem
1010 3086 1237 3116 connotatum;

370 3146 524 3180 ing-vox
546 3134 760 3169 rationalitas,
782 3128 817 3162 ὅ(
837 3137 900 3160 vox
923 3123 1139 3169 discurfibilttas
1163 3126 1235 3160 sunt

373 3196 467 3219 voces
490 3182 695 3225 synonimae:
720 3178 797 3221 quia
822 3176 960 3211 eandem
988 3175 1133 3210 hominis
1159 3177 1236 3210 enti-

373 3243 473 3269 tatem
503 3244 557 3278 per
581 3231 732 3264 ordinem
767 3228 807 3262 ad
836 3227 923 3261 idem
958 3236 1175 3260 connotatum
1203 3227 1236 3258 si-

376 3285 534 3326 gnificant
555 3307 563 3315 .
590 3282 819 3315 Connotatum
846 3279 966 3321 quippe
993 3277 1201 3321 importatum
1220 3275 1240 3308 a

377 3342 459 3365 voce
484 3333 675 3367 rationalitas
698 3354 709 3370 ‚
736 3329 811 3362 sunt
837 3328 1045 3371 operationes
1071 3327 1238 3361 ratiocina-

377 3381 470 3414 tivae:
497 3381 699 3415 rationalitas
724 3380 843 3423 quippe
868 3378 911 3412 est
928 3378 1074 3421 potentia
1099 3376 1237 3411 elicitiva

379 3430 607 3474 operationum
620 3430 918 3464 ratiocinativarum
932 3440 940 3460 ε
961 3428 1239 3471 quaeoperationes

381 3481 481 3518 etiam
503 3488 749 3520 connotantur,
771 3491 808 3514 ac
831 3479 1048 3523 importantur
1058 3489 1114 3522 per
1126 3487 1240 3513 vocem

366 1582 420 1622 80.

959 143 1546 192 D1spunr..x.sDun.
1583 144 1661 191 IX.

1316 230 1534 276 dij'curfibilnas
1547 258 1555 267 .
1583 231 1631 268 At
1656 228 1732 266 vero
1753 240 1848 267 voces
1869 228 2070 268 rationalitas
2094 227 2126 262 δε
2146 232 2186 261 νὴ

1309 282 1441 324 fibilttas
1466 295 1536 318 non
1561 285 1634 327 sunt
1656 280 1841 326 synonima
1860 304 1872 322 ‚
1905 282 1982 324 quia
2016 280 2094 314 licet
2113 288 2187 312 ean-

1314 333 1389 367 dem
1403 346 1470 368 rem
1483 334 1688 379 fignificent3
1713 342 1780 367 non
1792 340 1904 366 tamen
1916 329 2102 376 significant
2113 338 2185 362 eam

1314 394 1369 426 per
1380 384 1533 418 ordinem
1544 384 1584 418 ad
1598 383 1688 418 idem
1700 390 1941 417 connotatum:
1964 392 2038 416 nam
2051 404 2062 421 ‚
2074 379 2125 414 uti
2138 378 2187 412 di-

1315 433 1348 466 xi
1363 456 1374 472 ,
1399 444 1618 469 connotatum
1634 433 1725 468 vocis
1753 431 1948 466 rationalitas
1971 430 2018 464 est
2037 429 2186 475 operatio

1313 482 1541 518 ratiocinativa
1555 497 1570 527 ,·
1594 494 1813 519 connotatum
1826 480 1902 516 vero
1927 480 2017 515 vocis
2039 477 2186 519 rifibllt'tas

1312 533 1357 567 est
1383 533 1457 567 risio
1471 558 1481 575 ,
1507 535 1562 568 seu
1588 534 1739 577 operatio
1764 531 1912 567 ridendi.

1361 579 1422 619 82·
1447 583 1529 618 Haec
1542 593 1653 621 tamen
1677 595 1746 619 non
1759 584 1802 618 sic
1815 581 2006 626 intelligas,
2033 577 2122 622 quasi
2143 578 2186 613 ad

1312 643 1431 667 vocum
1443 634 1666 676 synonimiam
1679 657 1690 673 ‚
1707 632 1805 676 plane
1817 655 1828 672 ‚
1849 643 1887 667 ac
1898 631 2115 673 undequaque
2123 627 2188 661 suf-

1313 682 1403 717 ficiat
1415 683 1569 717 identitas
1581 683 1626 717 rei
1636 683 1908 727 significatae‘cum
1919 680 2095 716 identitate
2108 688 2188 711 con-

1313 732 1419 767 notati
1443 746 1454 767 .-
1496 732 1562 768 hoc
1578 733 1701 777 quippe
1738 742 1942 774 nequaquam
1974 739 2086 764 verum
2117 727 2182 761 est.

1314 783 1549 831 Quamtumvis
1560 784 1650 818 enim
1663 781 1729 817 istae
1739 782 1809 817 duae
1820 781 2006 817 identitates
2020 779 2061 813 ad
2082 778 2187 820 syno-

1314 833 1452 868 nimiam
1465 834 1694 877 requirantur3
1722 841 1908 868 nontamen
1920 828 2101 866 sufficiunt.
2126 829 2188 859 Ra-

1312 882 1398 923 t10⁶ss
1410 895 1417 916 τ
1446 884 1523 927 quia
1537 884 1669 928 possunt
1679 883 1795 925 aliquae
1806 880 2090 926 vocesfiguificare
2111 888 2186 911 ean·

1310 932 1385 968 dem
1397 945 1463 968 rem
1477 946 1552 969 cum
1566 933 1730 969 ordinead
1746 932 1834 968 idem
1847 940 2064 967 connotatum
2074 927 2128 972 3&
2141 937 2186 961 ta·

1312 995 1386 1019 men
1400 995 1468 1019 non
1487 985 1552 1020 effe
1564 986 1765 1027 synonimae:
1792 993 1872 1028 ergo
1883 982 1924 1017 ad
1947 990 2065 1015 vocum
2087 980 2186 1020 syno-

1313 1033 1447 1068 nimiam
1462 1045 1530 1069 non
1543 1034 1661 1068 sufficit
1672 1033 1825 1068 identitas
1835 1034 1880 1068 rei
1901 1031 2086 1076 significata:
2103 1037 2184 1061 cum

1312 1083 1482 1118 identitate
1493 1083 1668 1121 connotati
1679 1106 1687 1115 .
1714 1083 1863 1117 Probatur
1872 1080 2016 1126 anr.quia
2026 1079 2075 1114 hae
2086 1087 2184 1112 voces

1310 1145 1416 1167 creans
1428 1158 1438 1175 ,
1450 1141 1563 1168 creator
1576 1159 1586 1175 ,
1599 1137 1682 1167 Deus
1692 1157 1703 1174 ,
1714 1135 1811 1167 deitas
1821 1157 1832 1174 ‚
1843 1144 1898 1167 ens
1908 1157 1918 1173 ‚
1928 1137 2058 1170 cnutus,
2069 1129 2104 1163 ὅ(
2114 1125 2184 1160 aliz

1310 1184 1432 1218 similes
1442 1207 1453 1224 ,
1463 1184 1650 1228 significant
1659 1183 1800 1218 eandem
1815 1193 1883 1217 rem
1894 1191 1972 1217 cum
1992 1179 2111 1215 eodem
2124 1177 2183 1210 suo

1310 1242 1516 1268 connotato:
1545 1235 1593 1268 uti
1615 1235 1660 1269 est
1683 1233 1895 1268 manifestum
1909 1255 1918 1264 .
1944 1230 2050 1274 Atqui
2068 1236 2181 1263 tamen

1310 1294 1378 1318 non
1390 1284 1464 1317 sunt
1477 1294 1574 1319 voces
1585 1283 1766 1327 synonimae
1778 1296 1790 1318 .·
1807 1282 1889 1328 ergo
1898 1280 1967 1316 dari
1977 1282 2111 1323 possunt
2121 1276 2182 1312 ali·

1309 1344 1377 1378 quae
1395 1344 1490 1368 voces
1514 1345 1585 1369 non
1610 1333 1808 1378 synonimae‚
1829 1340 2016 1376 quaetamen
2038 1327 2181 1364 habeant

1312 1383 1517 1419 identitatem
1529 1384 1702 1430 significati
1715 1395 1792 1419 cum
1803 1382 1976 1417 identitate
1986 1376 2180 1414 connotati.

1313 1434 1400 1467 Proh.
1416 1440 1488 1467 min.
1500 1435 1576 1479 quia
1589 1445 1687 1469 voces
1698 1432 1878 1477 synonima
1900 1429 2023 1467 debent
2043 1429 2108 1463 effe
2126 1435 2181 1460 voe

1310 1494 1362 1518 ces
1373 1483 1514 1526 ejusdem
1526 1484 1620 1527 plane
1631 1494 1703 1524 ‚nec
1727 1484 1868 1517 omnino
1881 1479 2064 1525 pariformis
2085 1474 2182 1520 figni-

1312 1533 1475 1568 ficationis
1486 1546 1498 1567 .-
1524 1534 1615 1577 atqui
1628 1533 1692 1567 istae
1700 1543 1796 1567 voces
1807 1536 1889 1565 Deus
1904 1535 2011 1564 Deitas
2024 1552 2036 1569 ,
2054 1539 2109 1562 ens
2127 1536 2175 1558 en-

1309 1588 1386 1617 titas
1401 1607 1412 1623 ,
1438 1593 1508 1617 non
1521 1584 1596 1618 sunt
1609 1583 1752 1626 ejusdem
1774 1594 1812 1616 ac
1835 1580 2017 1625 pariformis
2035 1574 2180 1613 omnino

1315 1632 1585 1677 significationis,
1612 1643 1717 1674 neque
1730 1633 1818 1666 idem
1828 1631 1947 1666 eodem
1964 1627 2056 1671 plane
2077 1627 2180 1661 modo

1312 1681 1508 1727 significant:
1520 1684 1618 1717 unius
1628 1684 1748 1727 quippe
1759 1680 1953 1726 significatio
1962 1678 2008 1713 est
2016 1686 2179 1712 concreta:

1313 1733 1447 1767 alterius
1457 1733 1500 1766 est
1510 1732 1681 1767 abstrasta:
1708 1743 1774 1766 una
1788 1732 1947 1776 significat
1959 1752 1971 1769 ,
1995 1729 2095 1763 altera
2110 1737 2180 1760 non

1310 1782 1471 1826 significat
1481 1794 1536 1826 per
1546 1782 1682 1816 modum
1705 1781 1855 1816 habentis
1876 1782 1912 1815 ἀ
1933 1776 2058 1812 habiti.
2088 1776 2180 1822 Ergo

1308 1831 1367 1874 iste
1377 1842 1473 1866 voces
1484 1843 1552 1867 non
1565 1833 1696 1876 possunt
1709 1832 1775 1866 ulla
1785 1832 1912 1871 ratione
1920 1830 1983 1864 effe
1994 1828 2179 1870 synonime.

1357 1879 1411 1928 83.
1438 1881 1589 1917 Tollitur
1598 1882 1679 1927 ergo
1701 1891 1821 1916 vocum
1845 1878 2034 1924 synonimia
2048 1888 2103 1920 per
2123 1877 2181 1911 di-

1308 1933 1488 1967 versitatem
1511 1932 1710 1976 significati,
1730 1932 1781 1965 vel
1793 1932 1868 1965 teeti
1888 1930 1939 1963 vel
1950 1927 2103 1968 obliqui:
2123 1938 2179 1971 per

1307 1981 1525 2015 diversitatem
1537 1982 1710 2014 connotati
1723 2004 1735 2020 ,
1757 1991 1795 2014 ac
1814 1980 1914 2014 etiam
1938 1989 1992 2021 per
2012 1976 2178 2011 diversum

1307 2029 1445 2064 modum
1463 2029 1669 2075 significandi
1681 2052 1692 2070 ‚
1716 2040 1746 2063 v.
1763 2041 1794 2074 g.
1822 2040 1888 2063 vox
1914 2027 2033 2061 animal
2053 2027 2086 2060 &
2113 2037 2180 2060 vox

1302 2078 1479 2121 senfiuvum
1507 2081 1579 2113 sunt
1592 2090 1689 2113 voces
1703 2078 1861 2113 habentes
1876 2078 1962 2111 idem
1976 2076 2070 2120 plane
2081 2077 2178 2120 figni-

1308 2127 1442 2160 ficatum
1454 2127 1590 2160 formale
1603 2139 1615 2159 .·
1641 2137 1705 2159 vox
1716 2128 1806 2159 enim
1818 2127 1937 2158 animal
1945 2125 1986 2159 de
1998 2126 2127 2159 formali
2145 2137 2177 2160 a·

1307 2175 1547 2217 nimalitatem3
1575 2186 1640 2208 vox
1653 2172 1908 2218 verosenfitivum
1917 2174 1960 2209 de
1980 2174 2113 2208 formali
2140 2175 2178 2208 si-

1306 2226 1445 2270 gnificat
1458 2225 1704 2259 sensibilitatem
1714 2237 1726 2258 :
1744 2236 1825 2268 .quae
1835 2223 1903 2258 duo
1914 2248 1926 2264 ‚
1951 2234 1988 2258 ut
1999 2223 2106 2258 statim
2127 2225 2174 2258 di.

1305 2285 1396 2315 cam,
1423 2275 1497 2307 sunt
1510 2272 1605 2317 plane
1614 2271 1728 2308 eadem
1740 2285 1779 2308 ac
1791 2274 1967 2316 synonima
1980 2297 1989 2306 .
2014 2275 2098 2308 ltem
2120 2276 2176 2308 ha·

1307 2324 1384 2358 bent
1397 2324 1486 2357 idern
1497 2333 1715 2357 connotatum
1729 2336 1740 2356 .-
1768 2325 1935 2367 utriusque
1948 2324 2037 2357 enirn
2048 2326 2175 2358 conno-

1308 2384 1412 2408 tatum
1425 2373 1471 2407 est
1480 2374 1621 2408 sensatio
1632 2397 1644 2414 ‚
1670 2375 1724 2407 seu
1737 2374 1886 2416 operatio
1898 2373 2060 2408 sensitiva.
2090 2373 2173 2407 Non

1304 2435 1414 2458 tamen
1434 2424 1509 2458 sunt
1522 2434 1619 2458 voces
1638 2424 1838 2466 synonimae:
1860 2424 1937 2468 quia
1958 2435 2027 2457 non
2047 2422 2173 2458 habent

1304 2473 1400 2518 plane
1412 2472 1496 2507 idem
1509 2473 1723 2518 significatum
1735 2475 1856 2507 testum
1869 2497 1876 2505 .
1904 2472 1994 2506 Nam
2016 2484 2082 2507 vox
2107 2479 2172 2505 ani-

1305 2526 1370 2556 mal
1380 2525 1414 2557 in
1425 2524 1513 2558 resto
1525 2523 1630 2558 solum
1643 2523 1838 2566 suppositum
1851 2534 1861 2564 ;
1888 2531 1920 2555 at
1933 2522 2009 2556 vero
2022 2533 2086 2556 vox
2102 2521 2172 2565 sen-

1296 2572 1441 2615 fin‘vum,
1468 2584 1543 2606 curn
1557 2584 1624 2606 vox
1636 2571 1792 2614 adjectiva
1804 2573 1860 2612 fit,
1887 2572 1922 2605 in
1946 2572 2032 2606 resto
2050 2573 2172 2616 fignifi-

1302 2632 1353 2658 cat
1364 2634 1464 2657 omne
1477 2622 1529 2662 id,
1556 2622 1644 2666 quod
1659 2620 1757 2656 habet
1769 2623 1862 2655 suurn
1875 2622 2094 2666 significatum
2108 2623 2172 2655 for-

1302 2673 1388 2708 male
1399 2697 1411 2713 ,
1436 2672 1498 2706 five
1511 2673 1571 2712 sit,
1589 2673 1653 2706 sive
1666 2683 1733 2705 non
1746 2672 1781 2704 sit
1793 2672 2016 2715 suppositum:
2040 2672 2081 2705 de
2101 2682 2169 2715 quo

1301 2723 1368 2757 dixi
1381 2724 1473 2765 supra
1483 2720 1562 2764 disp.
1577 2723 1705 2764 praeced.
1721 2721 1791 2755 dub.
1806 2722 1860 2754 ult.
1878 2721 1932 2756 Sic
1952 2721 2052 2755 etiam
2074 2730 2175 2756 voces*

1301 2773 1407 2815 rifibzle
1418 2773 1450 2806 &
1461 2774 1608 2805 rationale
1620 2781 1686 2806 tam
1700 2774 1819 2806 testum
1830 2781 1928 2814 quam
1951 2770 2124 2814 obliquum
2137 2771 2171 2804 si-

1302 2823 1494 2869 gnificatum
1508 2821 1629 2857 habent
1640 2821 1766 2856 realiter
1777 2821 1873 2864 plane
1882 2821 1969 2855 idem
1991 2844 2002 2860 ,
2013 2832 2081 2855 non
2094 2822 2170 2855 sunt

1302 2884 1410 2908 tamen
1424 2873 1602 2917 synonimae
1614 2896 1625 2912 ,
1660 2871 1788 2905 defectu
1802 2871 1981 2906 identitatis
1993 2872 2028 2905 in
2047 2882 2172 2906 conno-

1301 2934 1371 2959 tato
1384 2949 1391 2956 .
1404 2923 1457 2957 Sic
1467 2923 1566 2958 etiam
1588 2932 1684 2956 voces
1696 2924 1777 2954 Deus
1786 2923 1821 2955 (v
1830 2923 1928 2955 deitas
1939 2921 2058 2957 habent
2081 2921 2169 2956 idem

1301 2984 1518 3010 connotatum
1531 2997 1542 3013 ,
1567 2971 1655 3006 idem
1666 2971 1882 3016 significatum
1904 2973 2025 3006 reecum
2038 2995 2049 3012 ,
2072 2970 2169 3004 idem-

1300 3036 1362 3070 que
1373 3024 1544 3066 obliquum
1556 3034 1565 3067 3
1595 3032 1782 3056 nontamen
1797 3022 1870 3055 sunt
1880 3021 2059 3063 synonimae
2072 3033 2079 3052 :
2092 3021 2169 3063 quia

1301 3087 1369 3110 non
1391 3074 1591 3120 significatur
1611 3071 1667 3106 illa
1688 3072 1802 3105 eodem
1825 3071 2029 3115 significandi
2042 3072 2145 3104 modo
2158 3094 2167 3103 .

1302 3126 1386 3161 Una
1399 3126 1518 3169 quippe
1530 3121 1726 3164 concretim;
1751 3121 1851 3155 altera
1873 3121 2033 3165 significat
2053 3119 2169 3154 abstra-

1302 3176 1377 3209 stim
1391 3201 1399 3208 .
1429 3174 1518 3219 Ergo
1531 3174 1660 3208 tollitur
1669 3171 1855 3215 synonimia
1867 3182 1985 3205 vocum
2001 3182 2056 3215 per
2065 3170 2168 3204 diver-

1302 3227 1372 3259 sum
1384 3226 1601 3270 significatum
1614 3223 1734 3257 rectum
1749 3246 1760 3261 ‚
1789 3233 1844 3264 per
1863 3222 2025 3255 diversum
2048 3221 2170 3264 fignifi-

1303 3284 1411 3309 catum
1424 3276 1595 3318 obliquum
1607 3296 1618 3313 ‚
1641 3284 1696 3316 per
1705 3272 1862 3306 diversum
1876 3280 2093 3306 connotatum
2104 3294 2114 3310 ‚
2128 3280 2166 3304 ac

1304 3327 1402 3360 etiarn
1415 3338 1469 3370 per
1481 3325 1636 3360 diversum
1648 3322 1849 3366 significandi
1861 3321 1997 3356 modum
2009 3333 2020 3354 .·
2035 3315 2090 3363 per
2099 3318 2168 3353 haec

1306 3377 1419 3411 omnia
1431 3376 1548 3419 quippe
1558 3373 1681 3412 tollitur
1691 3372 1884 3407 omnimoda
1896 3372 1952 3405 illa
1963 3370 2170 3416 significatio·

1309 3426 1355 3461 nis
1369 3424 1582 3470 pariformitas
1593 3422 1784 3466 synonimiae
1797 3423 1962 3457 necessaria
1972 3445 1980 3454 .

1335 3474 1379 3524 84
1393 3480 1447 3511 Ex
1457 3475 1561 3520 quibus
1573 3471 1922 3518 omnibussequ,1.voces
1932 3479 2101 3556 conci-etas
2113 3468 2168 3506 ha-

2029 3529 2119 3556 entes
