2384 3770
383 147 482 193 254

349 228 403 251 ces
425 215 588 258 secundum
622 219 727 252 dentes
750 242 760 259 ,
773 219 806 252 θ
825 217 989 263 secundnm
1011 220 1134 261 capillor
1155 219 1229 253 sunt

343 277 441 299 voces
464 266 712 307 diminuentes.-
733 270 809 312 quia
838 271 911 304 sunt
932 278 1027 302 voces
1044 268 1229 312 significati-

341 326 442 350 onem
482 318 570 352 vocis
599 319 655 353 fibi
693 318 846 362 adjuncta
879 319 1009 354 tantum
1046 319 1225 355 secundum

341 365 423 409 quid
443 367 548 402 alicui
575 369 809 404 attribuentes.

442 478 951 527 DISPUTATIO
991 482 1114 528 XIX.

338 611 397 653 De
441 608 615 652 Oratione
652 610 711 650 ζῶ
738 606 980 673 Proprfitione
1002 605 1196 657 vocalibus
1209 642 1220 654 .

462 777 555 810 tione
569 800 578 815 ,
593 775 817 818 appellatione
831 800 841 816 ,
852 777 986 820 aliisque
999 776 1222 811 affectionibus

458 837 576 859 vocum
597 825 792 868 simplicium
806 851 816 866 ‚
828 827 981 862 transitus
994 826 1162 861 faciendus
1176 828 1220 862 est

460 875 500 908 ad
526 885 621 908 voces
643 877 854 919 complexas,
882 875 922 911 ad
958 877 1127 912 orationes
1147 901 1158 918 ,
1188 878 1221 912 δε

336 925 576 971 propositiones
588 926 732 960 vocales.
763 927 865 967 Dico,
902 928 953 961 Ad
976 928 1111 960 vocales:
1128 928 1219 975 Qia

335 977 378 1011 de
391 974 590 1009 mentalibus
603 986 670 1009 non
695 976 764 1020 agit
787 976 998 1013 Summulista
1022 977 1220 1013 Grammati—

335 1037 408 1067 cus;
439 1024 490 1058 sed
509 1024 889 1071 Phyficus&Logicus·;
917 1026 970 1064 bic
997 1026 1131 1072 quidem
1153 1039 1218 1073 pra-

334 1074 415 1110 erice
426 1099 438 1116 ,
465 1075 520 1109 ille
533 1086 609 1109 vero
621 1076 836 1119 speculative.

446 724 601 768 Xplicata
624 735 761 765 natura,
786 725 1027 770 significatione
1047 750 1058 766 ,
1085 727 1222 770 supposi-

340 732 444 873 E

565 1178 601 1211 D
629 1176 669 1212 U
695 1176 724 1210 B
751 1179 766 1212 1
794 1177 834 1215 U
863 1177 903 1212 M
965 1177 990 1213 Ι.

473 1277 564 1320 ‚Quld
574 1276 615 1319 fit
633 1284 724 1311 oratio
750 1279 862 1314 vocalis
886 1283 921 1316 in,
936 1279 1068 1322 genere?

335 1386 365 1412 1·
501 1376 601 1411 Ratio
624 1377 743 1421 triplex
766 1379 812 1412 est
827 1402 837 1417 ,
862 1377 1017 1412 videlieet
1043 1379 1217 1421 mentalis,

515 1427 627 1470 scripta
648 1451 658 1466 ,
681 1430 714 1462 ἀ
733 1429 854 1465 vocalis
877 1453 885 1461 .
913 1429 1006 1479 Qid
1026 1430 1064 1462 fit
1088 1432 1217 1464 vocatio

331 1478 486 1511 mentalis
500 1501 509 1516 ,
538 1477 640 1511 modo
654 1489 721 1512 non
734 1490 813 1514 curo
829 1491 838 1514 ε
859 1479 935 1521 quia
952 1479 1005 1511 nic
1022 1490 1087 1513 non
1113 1481 1217 1526 physi-

329 1538 407 1561 cum
419 1552 430 1567 ‚
460 1527 511 1561 sed
534 1528 781 1564 summulistam
794 1552 804 1568 ,
815 1530 848 1563 ἀ
861 1528 1126 1565 Grammaticum
1142 1543 1216 1576 ago.

329 1577 423 1625 Qid
447 1577 484 1609 fit
509 1579 619 1612 oratio
640 1578 754 1620 scripta
765 1591 782 1618 ·,
806 1579 901 1612 facile
925 1580 982 1611 scit
1005 1601 1016 1618 ‚
1058 1580 1115 1623 qui
1138 1582 1216 1621 scit,

328 1627 409 1670 quid
422 1627 458 1659 fit
471 1628 578 1662 oratio
594 1628 715 1660 vocalis
728 1652 736 1660 .
765 1627 867 1663 Hanc
890 1628 1085 1662 Aristoteles
1106 1630 1156 1663 lib<
1185 1643 1215 1666 1.

328 1677 368 1711 de
380 1683 508 1717 interpr.
533 1676 650 1711 desinit
671 1675 738 1710 hoc
764 1677 887 1711 modo:
915 1682 1020 1710 oratio
1042 1678 1082 1717 est
1102 1689 1163 1712 vox
1180 1678 1216 1720 fi-

324 1725 507 1770 gnificatr'va
533 1736 572 1760 ex
594 1725 726 1766 instituta
740 1752 750 1767 ,
772 1729 856 1767 cujus
874 1734 981 1768 partes
1011 1725 1163 1770 separata
1181 1729 1218 1770 fi·

321 1775 477 1821 gnificam
495 1784 529 1811 ut
543 1776 651 1820 didm,
676 1787 732 1810 non
745 1787 779 1811 ut
803 1778 961 1820 affirmatio
973 1801 984 1817 ,
1006 1787 1060 1812 aut
1077 1785 1196 1824 negatio
1208 1804 1215 1811 .

330 1825 575 1861 Definitionem
601 1838 668 1860 non
678 1828 799 1871 culpo;
827 1823 985 1869 interim;
1009 1826 1130 1862 haecest
1149 1829 1216 1863 bre·

330 1875 399 1910 vior
423 1876 458 1911 ἀ
472 1876 608 1911 melior:
636 1878 742 1911 Oratio
762 1879 876 1914 vocalia
898 1876 936 1916 est
960 1876 1063 1911 debita
1082 1880 1217 1920 plurium

329 1936 436 1961 vocum
461 1930 541 1959 Inter
558 1924 592 1972 se
613 1925 803 1965 confirulllo.
830 1930 870 1959 Ut
893 1926 976 1958 bomo
997 1927 1097 1959 dedus
1125 1950 1137 1966 ‚
1152 1933 1217 1959 ani·

328 1979 393 2010 mal
409 1978 559 2010 rationale
574 2001 584 2017 ,
607 1976 691 2009 homo
701 1975 739 2016 est
752 1977 870 2021 animal
885 1999 896 2015 ,
912 1980 1031 2008 utinam
1042 1976 1127 2019 essem
1141 1976 1216 2010 bea-

329 2037 376 2061 tus
391 2051 402 2067 ,
429 2027 486 2061 &aa
521 2027 604 2076 Quae
616 2027 768 2063 definitio
790 2028 915 2069 exponi
938 2023 1033 2059 debet
1058 2037 1113 2069 per
1134 2026 1217 2070 Syn-

330 2079 434 2112 taxim
457 2076 698 2113 intransitivam
711 2077 778 2111 hoc
800 2076 924 2111 modo:
952 2076 1073 2110 Oratio
1095 2077 1217 2109 vocalis

330 2131 404 2162 sunt
417 2128 521 2171 plures
534 2137 628 2160 voces
641 2127 724 2159 inter
737 2126 767 2158 se
779 2124 893 2156 debito
904 2122 1007 2156 modo
1034 2124 1216 2165 conjunctae

331 2190 370 2213 ac
392 2177 602 2213 constructa-1.
625 2174 714 2208 Sicut
727 2184 803 2207 cum
825 2171 991 2210 dicimus,
1013 2172 1157 2207 Ecclesia
1170 2173 1214 2206 est

330 2228 547 2273 congregatio
560 2225 729 2262 fidelium,
755 2224 818 2257 διε.
836 2222 948 2256 sensus
972 2221 1017 2254 est
1043 2223 1216 2256 intransiti-

329 2290 410 2312 vus:
444 2276 584 2311 Ecclesia
598 2276 671 2307 sunt
685 2272 890 2306 fidelesinter
914 2271 944 2304 se
971 2270 1116 2314 legitime
1140 2283 1218 2305 con.

329 2327 454 2374 gregati
469 2324 525 2360 sub
536 2322 725 2359 obedientia
741 2321 889 2357 Romani
904 2319 1079 2356 pontificis
1090 2321 1217 2366 Capitis

329 2379 377 2412 sui
394 2376 550 2413 visibilis,
575 2373 639 2407 &c-

387 2437 420 2462 2.
450 2426 608 2461 Movetur
634 2420 692 2457 hic
714 2421 877 2456 ordinaria
902 2422 1062 2465 quaestio,
1078 2422 1113 2456 δε
1138 2432 1217 2465 quae·

329 2480 430 2513 titur:
458 2478 542 2524 Qa:
555 2476 592 2507 sit
604 2474 712 2508 forma
724 2473 883 2507 orationis
907 2473 1049 2506 vocalis.
1076 2471 1146 2505 Alii
1171 2472 1204 2505 di

329 2538 408 2564 cuut
433 2527 494 2563 esse
518 2535 640 2560 nexum
662 2522 955 2557 Grammaticalem
981 2535 991 2565 ς
1018 2522 1073 2555 alii
1100 2522 1215 2556 dicunt

329 2589 448 2615 vocem
467 2576 679 2622 posteriorem
700 2574 761 2608 effe
783 2574 922 2608 formam
946 2572 1037 2607 vocis
1066 2572 1179 2614 prioris
1204 2585 1211 2604 ι

330 2630 480 2670 adeoque
504 2625 708 2669 praedicatum
728 2624 790 2657 esse
814 2624 953 2659 formam
977 2622 1216 2666 praedicationis

333 2680 479 2714 vocalis.
510 2677 581 2710 Alii
610 2676 725 2708 dicunt
743 2672 851 2708 adhuc
863 2671 990 2717 aliquid
1019 2672 1127 2706 aliud.
1155 2672 1215 2706 Sed

330 2730 416 2764 salva
448 2739 553 2773 pace,
582 2736 750 2768 nunquam
777 2724 889 2757 audivi
916 2723 1126 2765 quaessionem
1155 2721 1216 2756 hac

331 2778 511 2825 quaestione
537 2776 740 2810 stultiorem.
770 2774 807 2807 ln
837 2773 987 2810 oratione
1009 2772 1115 2808 vocali
1128 2773 1215 2806 enim

331 2830 426 2866 nulla
451 2827 496 2863 est
521 2828 632 2862 forma
657 2850 667 2865 ,
695 2824 850 2867 nullaque
877 2824 1037 2858 materia:
1065 2823 1154 2869 Nam
1181 2834 1215 2855 o·

331 2881 418 2916 ratio
455 2877 581 2914 vocalis
615 2886 688 2909 vnon
722 2875 766 2909 est
793 2874 1010 2918 compositum
1049 2870 1215 3012 ςυκιῖιέζη

334 2926 574 2966 substantiale,
599 2925 867 2961 velaccidentale
894 2935 935 2958 ex
962 2925 1110 2966 potentia
1168 2932 1215 2955 ac-

332 2991 395 3022 tu,·
423 2979 477 3014 sed
506 2975 552 3013 est
578 2976 719 3021 qualitas
745 2975 915 3018 quaedam,
943 2973 993 3006 vel
1019 2972 1164 3022 potiusp
1190 2989 1214 3016 ,-

334 3042 390 3065 res
418 3029 595 3073 qualitates
621 3027 662 3060 de
690 3027 784 3060 tertia
812 3024 916 3068 specie
942 3023 1037 3057 fimul
1066 3024 1220 3067 sumptae‘r

334 3081 391 3116 Est
419 3081 511 3115 enim
524 3076 734 3115 nihilaliud‚
761 3086 859 3119 quam
886 3073 992 3117 plures
1019 3084 1135 3112 voces,
1159 3082 1214 3106 aut

336 3132 445 3174 plures
471 3129 544 3164 soni
581 3138 638 3161 ore
678 3125 827 3160 humano
855 3124 972 3167 prolati
998 3124 1214 3157 conformiter

336 3180 378 3214 ad
403 3180 530 3225 regulas
556 3177 857 3212 Grammaticorum
883 3200 891 3207 .
933 3174 1002 3221 Qii
1032 3175 1103 3208 soni
1142 3174 1215 3206 ssmt

338 3240 417 3264 verae
443 3229 614 3272 qualitates
638 3227 679 3260 de
705 3227 799 3262 tertia
826 3224 953 3268 specie,
981 3224 1061 3258 sicut
1088 3224 1161 3257 sunt
1173 3224 1216 3257 al-

339 3279 426 3313 bedo
440 3304 451 3319 ,
476 3278 614 3323 nigredo
628 3304 639 3320 ‚
665 3275 806 3312 dulcedo
821 3300 834 3315 ‚
857 3275 919 3310 &c.
951 3275 1115 3318 Adeoque
1135 3273 1214 3307 ficut

318 3343 324 3350 ’ν
340 3328 474 3362 stultum
488 3330 563 3363 effer
574 3337 713 3372 quaerere
723 3352 735 3369 ,
761 3325 919 3371 quidnam
934 3325 969 3360 fit
980 3325 1141 3359 albedinis
1152 3324 1214 3358 for-

339 3388 416 3421 ma,
441 3377 518 3420 quid
530 3379 599 3419 ejus
612 3380 767 3420 materia3
795 3378 839 3410 ita
851 3375 984 3410 stultum
996 3375 1040 3408 est
1067 3386 1214 3420 quaerere,

341 3426 422 3473 quid
436 3426 471 3461 fit
482 3427 688 3469 orationis‚ac
700 3428 834 3462 istorum
848 3426 1004 3461 sonorum
1018 3422 1215 3470 forma,quid

344 3485 461 3514 eorum
473 3483 607 3516 materia
620 3500 628 3508 .

1043 133 1206 179 Drsr’.
1244 136 1367 184 XIX.
1419 140 1555 185 Due.
1594 142 1629 186 I.

1346 232 1375 269 3.
1406 223 1522 259 Nexus
1533 225 1622 259 enim
1637 223 1900 260 Grammaticalis
1913 225 1998 261 nihil
2009 225 2052 260 est
2065 224 2167 259 diver-

1290 274 1360 309 sum
1374 275 1391 308 a
1404 275 1562 320 vocibus;
1589 274 1673 309 nihil
1685 275 1774 309 enim
1786 276 1830 309 est
1856 276 1944 317 aliud
1957 299 1967 317 ,
1984 287 2082 319 quam
2108 286 2164 309 vo-

1286 335 1362 360 cum
1375 327 1589 361 conformitas
1601 326 1640 360 ad
1654 325 1781 370 regulas
1792 326 2057 362 Grammaticales
2069 351 2081 367 ,
2092 338 2163 371 quae

1285 373 1303 406 ὲ
1316 373 1449 409 vocibus
1464 378 1576 419 nequit
1588 378 1650 412 effe
1664 375 1847 420 separabilis
1860 399 1871 417 ,
1898 385 1953 410 aut
1964 377 2090 411 realiter
2114 378 2163 410 di-

1288 422 1419 458 stinsta:
1451 427 1599 472 adeoque
1613 427 1726 470 nequit
1743 427 1805 460 effe
1818 437 1937 460 vocum
1951 450 1961 465 ,
1975 436 2030 460 aut
2040 427 2165 461 oratio-

1287 473 1336 507 nis
1351 474 1473 508 vocalis
1482 475 1586 511 forma
1606 501 1613 509 .
1642 477 1781 516 Dicere,
1812 476 1903 520 quod
1916 487 1980 509 vox
2006 475 2162 519 posterior

1286 525 1322 557 sit
1336 525 1440 557 forma
1454 526 1571 569 prioris
1581 551 1594 566 ,
1619 526 1786 561 absurdius
1798 528 1842 562 est
1856 551 1867 568 ‚
1881 537 1980 571 quam
1994 526 2161 569 utindige·

1286 581 1319 607 at
1330 575 1530 609 refutatione
1539 601 1546 608 .
1577 576 1698 611 Dicere
1709 578 1781 619 quis
1790 579 1892 621 posset
1903 601 1913 617 ,
1939 575 2030 621 quod
2041 576 2163 620 fignifi-

1285 624 1373 657 catio
1386 624 1422 657 sir
1438 623 1543 660 forma
1561 626 1654 659 vocis
1675 637 1685 668 ;
1717 627 1771 660 fed
1791 627 1990 672 significatio
2019 626 2060 660 ad
2080 626 2165 659 sum·

1288 684 1379 707 mum
1391 676 1454 709 effe
1465 675 1570 718 potest
1581 676 1688 710 forma
1700 677 1844 711 orationi
1855 677 2032 711 adveniens
2054 701 2066 717 ,
2090 687 2163 710 non

1285 734 1392 758 autem
1408 726 1513 759 forma
1525 726 1710 760 orationem
1723 725 1947 760 constituens:
1974 725 2029 760 hic
2049 736 2163 760 autem

1286 785 1438 809 movetur
1450 775 1582 819 quaestio
1595 776 1636 810 de
1652 776 1756 811 forma
1768 775 1988 811 constituente
1998 800 2010 816 ,
2027 787 2095 810 non
2119 776 2163 811 de

1286 825 1480 860 adveniente
1496 838 1506 869 3
1534 826 1685 871 adeoque
1696 827 1895 873 significatio
1907 825 1991 861 nihil
2017 825 2097 860 facit
2118 825 2161 861 ad

1285 875 1370 910 hanc
1381 886 1450 910 rem
1460 900 1467 908 .

1334 938 1372 968 4-
1398 926 1519 961 Oratio
1530 926 1633 961 varias
1644 925 1744 962 habet
1756 928 1875 972 species
1889 923 2161 971 ·‚variisquedivi·

1283 975 1435 1019 dipotest
1447 976 1661 1012 divisionibus
1672 1001 1679 1009 .
1707 978 1822 1012 Primo
1834 1004 1844 1020 ,
1854 978 1903 1012 uti
1915 977 1980 1020 jam
1990 977 2086 1017 dixi,
2106 975 2140 1008 di
2149 993 2163 1001 -

1285 1026 1352 1061 vidi
1366 1026 1470 1071 potest
1480 1028 1515 1062 in
1530 1026 1714 1062 orationem
1725 1028 1872 1063 vocalem
1886 1051 1899 1068 ,
1920 1027 2073 1072 scriptam
2087 1050 2099 1067 ,
2124 1026 2160 1060 &

1283 1077 1459 1111 mentalem
1471 1101 1480 1109 .
1505 1077 1625 1112 Oratio
1637 1077 1758 1112 vocalis
1771 1079 1844 1112 sunt
1855 1078 1962 1122 plures
1989 1088 2084 1113 voces
2094 1100 2105 1116 ,
2125 1087 2162 1109 o-

1282 1128 1367 1161 ratio
1377 1127 1494 1171 scripta
1508 1128 1581 1161 sunt
1594 1127 1700 1171 plures
1711 1129 1870 1172 scriptura
1881 1127 1965 1162 inter
1979 1129 2012 1163 se
2022 1126 2161 1169 conjun-

1282 1177 1337 1210 stae
1350 1201 1360 1215 ,
1387 1177 1421 1211 &
1433 1177 1620 1212 constrnstae
1629 1178 1844 1213 conformiter
1854 1179 1893 1213 ad
1906 1179 2043 1222 regulas.
2054 1186 2162 1222 gram-

1283 1226 1469 1270 maticales;
1493 1229 1603 1262 oratio
1617 1229 1692 1262 vero
1700 1228 1849 1264 mentalis
1862 1228 1907 1263 est
1921 1238 2100 1271 conceptus
2112 1227 2158 1260 lo-

1283 1277 1411 1320 quentis
1426 1277 1492 1311 istis
1504 1277 1640 1312 vocibus
1649 1303 1658 1319 ‚
1671 1280 1705 1313 δε
1718 1278 1880 1322 scripturis
1890 1277 2159 1322 correspondens,

1281 1339 1318 1361 ac
1329 1338 1382 1370 per
1392 1338 1444 1361 eas
1455 1328 1665 1372 significatus.
1695 1329 1777 1362 ltem
1791 1327 1948 1364 dividitur
1971 1329 2006 1362 in
2034 1327 2163 1371 perfee-

1281 1389 1346 1411 tam
1359 1403 1370 1419 ‚
1390 1378 1423 1411 &
1442 1379 1670 1422 imperfessam.
1701 1378 1845 1413 Perfesta
1877 1388 2010 1423 generat
2029 1377 2161 1411 senftim
2207 1413 2216 1421 x

1280 1427 1482 1471 completum
1503 1429 1549 1469 ,δε
1562 1425 1751 1463 absolutum
1767 1440 1774 1461 :
1801 1438 1835 1462 ur
1845 1427 1929 1462 bomo
1940 1427 1979 1469 eft
1990 1426 2093 1461 deam
2104 1450 2116 1467 ,
2127 1436 2162 1459 re-

1280 1485 1376 1511 tinam
1392 1479 1472 1520 essem
1481 1478 1600 1518 beatus,
1615 1481 1674 1513 ἀπ’.
1699 1479 1889 1523 Ιωρει-ῑεὲὶι
1903 1479 2031 1513 sensum
2044 1475 2163 1510 incho-

1282 1539 1313 1562 at
1323 1553 1334 1568 ,
1361 1529 1416 1562 sed
1429 1539 1496 1562 non
1506 1527 1668 1562 absolvit:
1682 1528 1757 1562 talis
1771 1530 1814 1562 est
1830 1528 1937 1562 oratio
1948 1527 2098 1571 Neptuni
2118 1523 2160 1559 ad

1284 1578 1494 1617 Ventosdtb.
1514 1580 1680 1612 1.AEne1d.
1694 1580 1781 1622 ‚Quos
1797 1590 1866 1623 ego:
1885 1577 1942 1621 sed
1962 1587 2056 1612 motos
2068 1601 2080 1618 ,
2103 1577 2163 1610 &e-

1281 1629 1402 1664 Oratio
1415 1627 1554 1670 perfesta
1566 1629 1727 1662 dividitur
1741 1632 1772 1661 in
1783 1630 1968 1662 orationem
1977 1626 2162 1662 enunciati-

1283 1689 1369 1718 vam,
1381 1678 1435 1710 seu
1447 1676 1662 1711 indicativam
1678 1700 1689 1717 ,
1700 1679 1926 1721 imperativam
1941 1703 1951 1718 ,
1963 1675 2159 1721 optativam,

1282 1726 1528 1770 conjunstivam
1541 1752 1551 1768 ,
1564 1727 1599 1761 ἀ
1612 1727 1810 1762 infinitivam
1828 1753 1836 1761 .
1864 1728 2085 1762 Enunciativa
2112 1726 2161 1759 est

1283 1778 1336 1811 illa
1350 1801 1363 1818 ‚
1389 1788 1460 1821 quae
1472 1777 1601 1811 constat
1614 1778 1713 1811 verbo
1727 1777 2023 1812 indicativimodi:
2050 1787 2087 1811 ut
2109 1786 2161 1820 ege

1281 1838 1364 1861 curro
1376 1851 1386 1867 ,
1403 1835 1436 1861 ru
1446 1827 1597 1867 cucurristi
1605 1852 1616 1868 ,
1626 1828 1675 1860 ille
1685 1833 1795 1861 currit.
1822 1826 2018 1871 Imperativa
2030 1826 2076 1860 est
2090 1826 2160 1866 illa,

1281 1889 1350 1919 quae
1361 1879 1492 1913 constat
1505 1878 1603 1912 verbo
1616 1878 1795 1922 imperativi
1811 1879 1902 1912 modi
1922 1891 1934 1911 .-
1956 1886 2011 1918 ut,
2032 1876 2089 1919 fac
2100 1875 2159 1908 ribi

1282 1939 1385 1960 arcam
1398 1950 1410 1966 ,
1431 1929 1516 1961 vade
1537 1934 1572 1960 in
1594 1930 1716 1961 Indiam
1731 1952 1739 1959 .
1768 1929 1811 1961 Et
1823 1929 1865 1961 sie
1879 1927 1920 1961 de
1930 1928 2003 1961 aliis
2014 1951 2023 1959 .

1335 1987 1365 2023 5.
1395 1978 1482 2010 Pete:
1489 1979 1590 2017 primii
1602 1989 1613 2009 .·
1638 1978 1692 2009 An
1706 1976 1821 2010 divisio
1834 1977 1993 2011 orationis
2004 1976 2039 2009 in
2064 1985 2161 2008 voca-

1284 2026 1349 2059 lem
1361 2050 1372 2065 ,
1385 2027 1537 2069 scriptam
1547 2050 1558 2067 ‚
1570 2026 1604 2059 &
1618 2027 1795 2059 mentalem
1808 2049 1818 2065 ,
1829 2027 1865 2059 sit
1878 2026 2018 2060 univoca
2029 2047 2039 2064 ,
2065 2024 2118 2058 vel
2129 2035 2161 2058 a·

1284 2077 1426 2119 naloga?
1453 2075 1541 2118 Resp.
1557 2075 1631 2109 Effe
1648 2077 1823 2120 analogam
1835 2102 1842 2109 .
1873 2076 2042 2110 Probatur:
2067 2075 2161 2122 Qia

1283 2125 1398 2156 divisio
1412 2125 1552 2166 analoga
1563 2125 1609 2155 est
1625 2126 1679 2156 illa
1694 2147 1703 2162 ,
1726 2126 1760 2156 in
1772 2135 1835 2165 qua
1851 2125 1996 2158 membra
2010 2122 2163 2158 dividen-

1282 2172 1326 2206 tia
1341 2173 1414 2206 sunt
1425 2173 1600 2215 analogata
1614 2172 1705 2206 divisi
1719 2185 1731 2205 .-
1750 2173 1839 2214 atqui
1854 2173 1962 2207 oratio
1985 2173 2160 2212 mentalis,

1283 2223 1397 2265 scripta
1410 2223 1464 2262 ‚&
1483 2222 1603 2254 vocalis
1622 2246 1634 2261 ‚
1657 2222 1731 2255 sunt
1742 2222 1917 2266 analogata
1936 2222 2095 2256 orationis
2121 2225 2161 2256 iu

1283 2271 1453 2304 communi
1465 2279 1553 2314 :ergo
1567 2269 1634 2303 haec
1645 2271 1805 2304 orationis
1815 2271 1930 2305 divisio
1945 2271 1990 2305 est
2005 2272 2158 2315 analoga.

1283 2321 1430 2353 Probatur
1440 2326 1554 2353 mmor:
1586 2320 1675 2366 Qia
1687 2319 1825 2365 analoga
1838 2321 2012 2366 analogato
2026 2321 2100 2354 sunt
2125 2318 2163 2354 il-

1284 2372 1313 2405 la
1325 2394 1335 2410 ‚
1361 2371 1478 2415 quaein
1492 2370 1660 2414 principali
1674 2369 1856 2415 significato
1868 2371 1959 2406 vocis
1982 2371 2162 2416 analogan-

1282 2423 1324 2455 tis
1336 2420 1453 2465 partim
1464 2421 1796 2463 conveniunt,partirn
1811 2421 2161 2464 disconveniunt-‚con-

1283 2472 1418 2505 veniunt
1433 2471 1564 2515 quidem
1577 2469 1611 2503 in
1626 2470 1729 2504 forma
1742 2470 1853 2506 habita
1865 2494 1875 2510 ,
1902 2471 2157 2505 disconveniunt

1283 2522 1401 2555 veroin
1414 2522 1516 2555 modo
1530 2520 1671 2554 habendi
1686 2519 1827 2560 illam,ut
1835 2521 1906 2554 dixi
1918 2522 2010 2563 supra
2023 2518 2159 2562 disp.10.

1281 2570 1491 2614 dub.6.Atqui
1503 2572 1611 2604 oratio
1623 2570 1787 2609 mentalis,
1801 2570 1926 2613 scripta,
1936 2571 1970 2605 δε
1983 2570 2104 2603 vocalis
2121 2570 2159 2604 in

1283 2620 1452 2665 principali
1465 2619 1646 2664 significato
1653 2620 1744 2653 vocis
1755 2625 1849 2652 oratio
1860 2620 1975 2662 partim
2000 2621 2156 2653 conveni.

1285 2680 1356 2712 unt,
1370 2670 1486 2713 partim
1501 2669 1772 2711 disconveniunt3
1786 2670 1992 2703 conveniunt
2007 2669 2040 2702 in
2054 2670 2160 2704 forma

1282 2720 1391 2755 habita
1404 2744 1415 2761 ,
1429 2721 1461 2754 ἀ
1473 2719 1726 2754 disconveniunt
1739 2721 1772 2752 in
1785 2717 1886 2752 modo
1898 2717 2039 2753 habendi
2052 2743 2059 2751 .
2069 2718 2161 2764 Ergo

1282 2771 1353 2805 sunt
1366 2770 1540 2815 analogata
1553 2769 1636 2812 ejus.
1666 2769 1754 2802 Proh.
1766 2775 1837 2802 min.
1848 2770 1938 2816 Qia
1949 2770 2032 2804 ratio
2044 2771 2162 2813 princi·

1283 2821 1396 2865 paliter
1420 2820 1599 2865 significata
1618 2831 1670 2862 per
1699 2830 1812 2853 vocem
1835 2826 1927 2853 oratio
1944 2821 1981 2854 in
2006 2819 2159 2854 oratione

1282 2871 1418 2906 mentali
1430 2871 1585 2915 repetitur
1595 2868 1665 2904 vere
1678 2891 1688 2907 ‚
1712 2880 1749 2903 ac
1760 2869 1907 2912 realiter;
1922 2872 1955 2904 in
1968 2871 2085 2915 scripta
2105 2881 2159 2904 ve-

1282 2922 1318 2956 ro
1330 2923 1361 2956 ὅ(
1374 2922 1482 2955 vocali
1498 2918 1708 2954 solummodo
1718 2919 1979 2954 similitudinarie
2002 2933 2040 2954 ac
2062 2931 2159 2963 appa·

1283 2981 1408 3006 tenter:
1424 2972 1502 3005 ficut
1515 2971 1731 3015 significatum
1742 2969 1776 3002 in
1787 2970 1880 3014 signo
1892 2993 1902 3010 ,
1913 2971 1991 3004 sicut
2004 2969 2154 3003 humani·

1283 3033 1330 3057 tas
1340 3021 1498 3066 reperitur
1510 3021 1542 3054 in
1555 3021 1677 3064 pistura
1691 3042 1702 3061 ,
1712 3020 1762 3054 vel
1775 3020 1879 3055 statua
1891 3044 1899 3052 .
1927 3019 2035 3054 Unde
2046 3020 2156 3053 oratio

1283 3074 1399 3116 scripta
1411 3071 1445 3105 δε
1467 3071 1592 3105 vocalis
1603 3072 1756 3105 dicuntur
1766 3070 1930 3103 orationes
1947 3093 1958 3108 ,
1980 3080 2022 3103 eo
2049 3067 2155 3103 modo

1286 3134 1353 3166 quo
1366 3122 1469 3157 homo
1483 3122 1586 3165 pictus
1597 3146 1608 3163 ,
1621 3122 1655 3156 ὅ(
1669 3118 1977 3164 lapideusdicnntur
1989 3118 2156 3152 homines:

1287 3172 1374 3216 Ergo
1385 3173 1462 3206 licet
1474 3172 1537 3206 illae
1548 3183 1611 3206 tres
1623 3171 1783 3205 orationes
1793 3168 2000 3203 conveniunt
2012 3170 2047 3202 in
2059 3181 2092 3202 re
2101 3167 2156 3203 ha-

1284 3223 1350 3257 bita
1363 3244 1374 3261 ,
1399 3222 1652 3256 disconveniunt
1663 3229 1769 3255 tamen
1783 3220 1817 3253 in
1831 3219 1931 3254 modo
1946 3218 2086 3253 habendi
2112 3218 2157 3251 il-

1287 3275 1351 3307 lam
1367 3298 1373 3305 .
1402 3273 1553 3306 Probatur
1563 3272 1739 3305 antecedens
1752 3281 1759 3302 ε
1789 3270 1877 3313 Quia
1890 3269 1997 3304 oratio
2010 3268 2158 3303 essentia-

1286 3325 1356 3356 liter
1368 3323 1411 3356 est
1425 3330 1600 3365 conceptus
1612 3346 1624 3362 ,
1635 3322 1669 3355 ἀ
1678 3320 1764 3354 aetus
1778 3320 1897 3354 mentis
1918 3333 1930 3354 .-
1954 3319 2044 3362 atqui
2068 3318 2157 3352 ratio

1286 3384 1464 3417 conceptus
1476 3396 1486 3411 ,
1497 3374 1531 3407 δε
1542 3374 1629 3407 astus
1640 3370 1767 3404 metans
1777 3371 1811 3404 in
1822 3371 1972 3404 oratione
1984 3368 2097 3402 metali
2111 3380 2158 3402 re-

1287 3424 1405 3466 peritur
1414 3424 1485 3457 vere
1496 3423 1530 3457 ὅ(
1542 3420 1678 3462 realiter,
1689 3421 1766 3454 ficut
1776 3431 1878 3465 genus
1892 3420 1925 3453 in
1937 3420 1990 3452 sua
2004 3419 2157 3460 specie3in

1286 3473 1399 3519 scripta
1410 3474 1524 3508 verb&
1534 3470 1656 3513 vocali,
1677 3471 1739 3507 sive
1752 3473 1787 3508 in
1803 3470 1940 3507 vocibus
1949 3469 1983 3506 &
1993 3468 2160 3512 scripturis

2038 3528 2127 3564 repcf
