2384 3770
374 88 472 133 234

327 161 462 194 activam
486 167 525 190 ac
550 155 701 199 passivam
723 155 969 201 generationem
982 166 1203 198 removentes,

325 221 395 244 non
411 206 537 241 tantum
562 205 603 239 ab
624 217 712 249 uno;
739 207 791 241 sed
814 207 1114 244 abomniomnino
1128 209 1203 241 Dei-

323 260 401 293 tatis
431 256 595 299 suppofito
621 281 629 289 .
659 257 728 290 Alii
753 257 980 303 distinguunt,
1005 270 1042 292 ac
1064 257 1203 291 dicunt.-

323 308 356 342 si
378 306 550 341 indefinita
564 307 699 352 negatio
722 308 819 342 fuerit
847 309 987 342 materiae
1010 308 1202 352 contingen-

324 358 366 391 tis
380 381 391 397 ‚
418 356 523 400 qualis
549 356 593 391 est
616 356 683 391 haec
698 381 709 397 ,
734 357 817 390 homo
830 370 888 390 non
910 359 947 398 est
969 359 1077 398 albus,
1104 358 1203 402 subje-

324 409 411 443 etum
428 419 495 441 non
507 405 709 442 distribuitur
722 420 735 449 ,·
750 409 770 440 si
783 406 858 441 vero
873 410 1011 441 materiae
1022 419 1200 453 repugnan-

321 459 365 491 tis
388 456 483 491 fuerit
496 482 507 498 ,
534 458 642 502 qualis
663 457 708 491 est
733 456 822 498 haec,
848 457 930 492 bomo
945 469 1003 491 non
1014 458 1052 498 est
1062 459 1202 498 brutum,

320 506 524 541 distribuitur
538 507 634 552 plane
649 532 658 546 ‚
683 519 720 542 ac
734 505 874 541 omnino
890 530 898 539 .
931 508 1110 552 Gregorius
1127 511 1200 542 vero

322 558 540 592 Ariminenfis
557 583 567 599 ‚
611 556 733 601 aliique
758 556 957 591 Nominales
978 559 1197 592 communiter

320 613 354 642 in
376 618 402 644 1.
414 608 482 648 dist.
493 620 527 655 4.
545 607 643 650 quaest.
659 620 684 642 t.
711 608 738 649 ᾗ.
754 605 814 650 sed
836 606 924 647 restat
946 607 1045 641 adhuc
1055 608 1177 642 dubium
1191 634 1198 642 .

322 659 457 693 Docent
487 658 608 694 nullius
641 656 782 690 omnino
812 658 991 693 indefinitae
1012 658 1199 702 negationis

321 707 677 751 subjenumdistribu13
705 706 758 740 sed
782 707 992 742 solummodo
1006 708 1199 751 particulari·

320 769 369 792 ter
380 758 498 801 accipi.
530 758 572 792 Et
594 756 680 797 hoc,
707 768 781 791 meo
793 757 946 800 Judicio‚
971 758 1016 793 est
1032 757 1198 800 plausae

321 809 465 844 omnino
491 817 621 841 verum.
651 805 758 843 Unde
779 808 986 844 notandahic
998 808 1043 840 est
1055 808 1198 851 quaedam

320 858 505 894 differentia
515 858 599 904 inter
612 856 788 898 subjectum
801 858 981 892 indefinitae
992 858 1177 901 negationis
1188 883 1199 899 ,

320 909 355 943 &
369 908 544 953 subjeetum
560 906 742 941 indefinitae
753 908 999 945 affirmationis:
1026 908 1115 942 Nam
1131 908 1198 943 sub·

319 959 441 1002 jectum
467 956 654 999 hujusmodi
690 958 880 1002 negationis
903 969 1072 1002 nunquam
1098 958 1198 994 distri-

319 1008 452 1049 buitur3
484 1007 658 1051 subjectum
676 1008 1011 1049 veroaffirmationis,
1039 1009 1195 1044 licetnon

317 1056 532 1093 distribuatur
556 1057 591 1091 in
613 1059 746 1092 materia
770 1058 1010 1104 contingenti;
1037 1058 1196 1093 distribui-

317 1117 370 1143 tur
383 1118 494 1143 tamen
508 1107 540 1141 in
554 1108 688 1143 materia
702 1109 890 1143 necessaria:
923 1119 959 1142 ut
969 1110 1033 1151 jam
1047 1109 1119 1143 dixi
1136 1133 1147 1148 ,
1159 1121 1196 1142 ac

319 1156 417 1193 tradit
429 1158 529 1192 etiam
542 1158 759 1193 Covarruvias
769 1160 902 1201 locojam
911 1165 1001 1192 citato
1014 1183 1021 1193 .

371 1218 424 1255 13.
455 1209 584 1252 Regula
612 1209 723 1252 itaque
746 1209 853 1243 nostra
870 1209 949 1243 duas
963 1208 1059 1245 habet
1073 1217 1193 1252 partes.

318 1261 426 1293 Prema
444 1266 520 1300 pars
544 1258 581 1299 est
602 1258 664 1292 haec
690 1272 697 1292 :
737 1260 921 1302 Subjestum
944 1258 1131 1303 negationis
1151 1259 1198 1292 in-

316 1309 460 1344 definitae
476 1309 510 1342 in
523 1311 657 1344 materia
680 1309 890 1354 contingenti
903 1309 1058 1342 versantis
1073 1319 1140 1343 non
1153 1308 1197 1343 di·

315 1358 502 1393 stribuitur.
533 1360 635 1392 Altera
660 1359 698 1399 est
726 1358 812 1393 baec:
838 1359 1022 1401 Subjectum
1048 1357 1197 1393 indefini-

314 1419 356 1443 εκ
382 1409 570 1453 negationis
600 1408 632 1441 in
658 1410 793 1444 materia
820 1409 1015 1454 repugnanti
1048 1409 1198 1443 versantis

314 1459 415 1493 etiam
430 1470 498 1493 non
511 1458 734 1492 distribuitur.
764 1462 902 1493 Primam
910 1458 1194 1502 partemprobofic:

315 1508 480 1544 Distrihui
506 1509 551 1544 est
568 1520 625 1552 pro
647 1509 804 1544 omnibus
829 1511 894 1543 suis
918 1509 1124 1543 inferioribus
1147 1520 1198 1544 co-

318 1557 465 1603 pulative
488 1559 720 1592 enumerandis
742 1560 847 1603 accipi
871 1571 878 1590 τ
906 1560 996 1602 atqui
1025 1559 1198 1602 subjeetum

314 1607 498 1643 indefinitae
532 1608 715 1653 negationis
747 1607 783 1642 in
818 1609 952 1643 materia
987 1609 1197 1655 contingenti

314 1670 386 1694 non
411 1658 451 1691 sic
469 1657 647 1701 accipitur:
673 1669 753 1702 ergo
777 1670 846 1693 non
870 1658 1096 1693 distribuitur.
1127 1662 1194 1692 Pro-

314 1709 407 1742 batur
420 1712 535 1740 mmor:
562 1708 654 1755 Qia
673 1707 750 1743 sicut
774 1708 951 1752 subjeetum
964 1709 1143 1743 indefinitae
1155 1711 1197 1743 af-

314 1757 513 1794 firmationis
537 1759 694 1802 accipitur
716 1771 773 1802 pro
796 1759 861 1794 illis
885 1759 949 1793 suis
971 1759 1199 1800 inferioribus,

314 1818 422 1852 eoquo
447 1807 546 1840 modo
569 1808 823 1850 enumerandis,
850 1821 918 1853 quo
933 1809 1090 1843 illisinest
1105 1809 1200 1854 signi-

315 1860 452 1894 ficatum
475 1857 635 1900 praedicati
660 1858 796 1892 formale
819 1871 834 1900 ;
863 1860 905 1893 sic
929 1860 1047 1894 eadem
1072 1861 1199 1893 ratione

315 1907 493 1951 subit-stum
506 1907 682 1941 indefinitae
695 1909 879 1951 negationis
892 1910 1050 1951 accipitur
1061 1920 1119 1951 pro
1133 1909 1199 1942 illis

314 1956 546 1999 inferioribus,
574 1968 679 2000 eoque
692 1957 793 1991 modo
805 1958 1057 1997 enumerandis,
1088 1956 1200 2001 quoil-

316 2008 357 2043 lis
382 2008 470 2043 abest
497 2007 716 2052 significatum
742 2005 1083 2051 praedicatiformale:
1109 2008 1198 2050 atqui

314 2059 352 2094 in
378 2059 556 2103 negatione
577 2057 750 2091 indefinita
776 2057 917 2091 materiae
930 2057 1155 2100 contingentis
1166 2057 1200 2089 si·

315 2107 509 2154 gnificatum
523 2107 686 2150 praedicati
714 2107 852 2138 formale
865 2117 931 2138 non
946 2105 1030 2139 abest
1044 2106 1085 2137 ab
1093 2106 1197 2137 omni·

315 2159 377 2194 bus
401 2157 533 2199 subjetsti
556 2154 766 2189 inferioribus
791 2154 1020 2187 enumerandis
1038 2153 1199 2196 copulati·

315 2208 359 2242 ve
383 2220 394 2250 ;
423 2207 476 2240 sed
499 2203 709 2239 solummodo
734 2204 962 2238 enumerandis
983 2203 1198 2237 difiunffive:

315 2269 397 2303 ergo
424 2256 508 2289 istud
521 2255 698 2296 subjeetum
725 2252 883 2295 accipitur
895 2264 954 2296 pro
965 2252 1198 2286 suisinferiori-

316 2308 378 2342 bus
391 2303 646 2342 enumerandis,
674 2313 743 2335 non
768 2302 975 2345 copulative3
1004 2301 1057 2336 sed
1076 2301 1191 2335 disiun·

316 2356 400 2391 {live
411 2381 419 2388 .
455 2353 602 2387 Probatur
617 2357 713 2396 minor
729 2365 736 2384 :
759 2352 851 2398 Qia
865 2363 898 2387 ut
909 2352 1128 2396 significatum
1139 2351 1188 2385 for

316 2406 404 2441 male
417 2403 580 2449 praedicati
599 2401 677 2436 absit
688 2401 729 2436 ab
743 2402 900 2436 omnibus
913 2401 1201 2436 inferioribussub-

317 2454 389 2501 iesti
414 2450 599 2498 copulative
626 2452 858 2486 enumerandis
881 2476 892 2492 ,
918 2451 1013 2492 debet
1032 2451 1136 2486 abesse
1159 2451 1201 2486 ab

318 2504 474 2542 omnibus
500 2504 534 2538 &
555 2502 691 2547 singulis
722 2502 848 2536 seorsim
871 2502 1027 2545 sumptis:
1054 2502 1146 2544 atqui
1167 2501 1199 2535 in

319 2556 500 2602 negatione
523 2552 697 2587 indefinita
710 2553 854 2586 materiae
865 2553 1089 2596 contingentis
1102 2576 1113 2592 ,
1137 2562 1200 2595 v.g.

317 2610 355 2642 in
371 2607 420 2640 his
434 2630 446 2645 ,
473 2604 555 2637 bomo
578 2614 634 2636 non
656 2607 769 2643 currit,
789 2601 870 2635 bomo
889 2614 947 2635 non
969 2601 1116 2642 estdoc‘lus
1129 2627 1140 2642 ‚
1168 2602 1201 2634 si-

318 2656 517 2702 gnificatum
541 2653 675 2687 formale
697 2653 855 2696 praedicati
870 2663 936 2686 non
946 2652 1032 2687 abest
1044 2651 1085 2685 ab
1096 2652 1201 2686 omni-

320 2706 424 2742 bus&
448 2703 580 2748 singulis
608 2703 738 2747 subjessi
764 2701 976 2737 inferioribus
990 2703 1142 2744 seorsim,
1168 2713 1203 2734 ac

320 2756 448 2791 divisim
475 2754 630 2797 sumpt-is:
659 2763 694 2787 ut
722 2752 817 2786 facile
833 2752 953 2796 patebit
966 2753 1202 2787 consideranti.

320 2808 412 2851 Ergo
438 2815 506 2838 non
519 2803 607 2837 abest
621 2803 663 2837 ab
675 2802 829 2837 omnibus
841 2802 969 2846 subjesti
992 2801 1202 2842 inferioribus

320 2854 510 2901 copulative
533 2851 763 2888 enumerandis
775 2878 782 2886 .

376 2917 427 2952 14.
458 2905 502 2939 Et
514 2902 726 2938 confirmatur
737 2902 803 2937 hoc
817 2903 990 2939 efficaciter
1002 2915 1043 2936 ex
1055 2902 1199 2936 doctrina

321 2955 495 2992 Guilielmi
508 2955 632 2989 Occam
647 2959 679 2986 in
695 2964 723 2989 1.
735 2953 845 2995 dist-2.
872 2952 1005 2996 quaest.6.
1028 2953 1072 2985 ad
1084 2964 1113 2988 1·
1125 2957 1201 2994 apin.

321 3010 398 3041 Scott
417 3031 425 3038 .
475 3005 566 3052 Qia
589 3002 637 3036 hae
659 3004 730 3037 duae
752 3002 929 3038 indefinitae
956 3003 1202 3046 contingentes,

324 3062 417 3091 Homo
443 3061 556 3092 currit,
583 3053 665 3086 bomo
684 3065 742 3087 non
761 3058 874 3094 currit,
901 3064 969 3086 non
993 3053 1066 3086 sunt
1079 3063 1200 3086 contra·

324 3108 429 3141 &oriz
442 3131 453 3146 ‚
477 3104 530 3139 sed
554 3103 781 3137 subcontrariae
794 3117 804 3136 .-
831 3113 868 3137 ut
896 3113 993 3136 nemo
1006 3102 1141 3136 audebit
1154 3114 1200 3136 ηε»

326 3168 398 3201 gare
408 3181 415 3188 .
445 3156 536 3200 Ergo
549 3153 725 3197 subjectum
737 3154 895 3198 negativas
907 3164 973 3187 non
985 3152 1185 3186 distribuitur
1196 3164 1205 3194 3

327 3207 382 3239 sed
394 3206 550 3249 accipitur
578 3204 836 3249 particulariter,
862 3203 952 3237 sicuti
965 3203 1122 3246 accipitur
1133 3202 1201 3236 sub-

328 3255 443 3297 jectum
455 3253 654 3290 affirmativae
668 3267 676 3287 ε
703 3254 855 3298 adeoque
867 3253 1043 3296 subjectum
1055 3252 1201 3286 indefini-

329 3314 371 3337 tae
391 3305 577 3348 negationis
602 3305 636 3337 in
648 3304 779 3338 materia
793 3304 1006 3348 contingenti
1025 3314 1093 3337 non
1103 3303 1202 3346 potest

331 3351 497 3386 distribui.
527 3357 614 3387 Patet
638 3353 749 3398 conseq.
778 3354 868 3401 Qia
892 3354 1101 3395 sisubjestum
1113 3363 1207 3397 nega—

334 3403 411 3438 tivae
433 3401 675 3440 distribueretur
693 3430 706 3446 ,
736 3416 816 3440 tunc
837 3403 899 3440 istae
923 3404 996 3439 duae
1019 3403 1207 3449 propositio-

1223 2196 1225 2200 !
1264 2155 1409 2190 infideles
1431 2179 1440 2194 ,
1478 2155 1534 2188 ubi
1557 2155 1647 2198 pravi
1669 2179 1680 2195 ,

892 69 1213 119 DisPuTAT.
1251 74 1371 124 XVI.
1411 75 1550 120 Dun.
1591 76 1652 123 11.
1677 85 1694 99 ‘⁴

1266 170 1322 194 nes
1344 161 1473 201 forent,
1503 171 1571 194 non
1584 159 1832 205 subcontrariae;
1861 161 1913 198 sed
1927 160 2134 198 verecontra«

1263 210 1408 246 distoriae
1433 222 1440 242 ι
1468 209 1577 245 forent
1599 211 1720 253 quippe
1743 212 1934 249 affirmativa
1956 214 2133 258 particula·-

1265 259 1328 299 ris,
1352 261 1387 295 δε
1409 261 1559 305 negativa
1574 261 1766 295 universalis
1784 261 1923 305 ejusdem
1933 265 1973 298 de
1995 264 2131 298 eodem.

1264 310 1368 354 Atqui
1382 320 1451 344 non
1474 312 1548 346 sunt
1570 311 1845 353 contradictoria,
1873 313 1927 348 sed
1946 315 2131 349 subcontra-

1262 362 1336 394 riae:
1363 369 1443 404 ergo
1467 362 1627 406 negativae
1650 361 1822 405 subjeetum
1835 373 1902 396 non
1917 364 2019 406 potest
2031 363 2134 398 distri·

1263 409 1336 451 bui;
1366 410 1419 443 sed
1442 409 1538 446 debet
1561 413 1798 455 particulariter
1810 411 1914 455 accipi
1930 437 1937 444 .
1964 415 2008 444 Et
2020 419 2097 447 ratio
2111 417 2133 447 ιὶ

1258 465 1356 501 priori
1373 458 1430 499 est:
1457 461 1548 508 Qiia
1573 462 1607 495 in
1632 461 1720 496 hisce
1740 461 2017 506 propositionibus
2037 475 2132 508 nega-

1262 509 1311 545 tio
1334 520 1403 543 nou
1423 510 1528 553 potest
1550 511 1740 547 distribuere
1765 512 1966 557 subjeetum,
1994 512 2074 546 sicut
2084 514 2133 547 di-

1262 559 1389 594 stribuit
1413 559 1648 603 praedicatum:
1685 564 1721 596 in
1743 574 1810 606 quo
1842 562 2028 597 Adversarii
2053 561 2136 595 mul-

1261 609 1332 644 tum
1357 609 1532 645 falluntur.
1559 612 1656 651 Cujus
1678 618 1757 645 ratio
1775 613 1813 653 est
1834 615 1918 647 clara
1932 626 1944 646 .·
1970 612 2060 659 Qia
2075 623 2131 645 ne-

1260 661 1352 704 gatio
1361 661 1450 694 suam
1463 661 1643 704 malignam
1655 661 1830 696 efficaciam
1844 675 1913 697 non
1927 663 2030 706 potest
2043 673 2132 696 exer·

1261 721 1331 744 cere
1352 710 1387 744 in
1409 710 1567 744 terminos
1582 712 1612 745 se
1622 711 1854 754 praecedeutes3
1882 712 1936 746 sed
1949 713 2131 747 solummo-

1260 760 1303 793 do
1325 761 1357 794 in
1373 761 1558 805 sequentes:
1586 762 1678 806 atqui
1707 762 1742 795 in
1756 760 1842 796 hisce
1853 761 2136 806 praedicationibus

1263 813 1394 855 negatio
1416 811 1548 854 quidem
1572 812 1721 854 praecedit
1744 810 1966 855 praedicatum,
1997 823 2064 846 non
2087 822 2134 845 ta-

1262 872 1336 895 men
1359 861 1506 904 praecedit
1528 861 1722 903 subjectum:
1749 873 1830 907 ergo
1852 863 1986 906 negatio
1999 874 2066 896 non
2079 873 2137 905 po-

1262 911 1320 945 test
1341 911 1531 947 distribuere
1553 911 1754 956 subjectum,
1779 913 1861 948 sicut
1882 911 2048 947 distribuit
2060 923 2133 957 prae-

1236 970 1239 973 ’
1262 962 1405 997 dicatum
1418 987 1426 996 .

1313 1022 1365 1058 15.
1396 1011 1449 1046 Ex
1484 1023 1553 1056 quo
1587 1011 1753 1055 justificari
1783 1012 1889 1058 potest
1920 1011 2100 1048 differentia
2128 1035 2141 1052 ,

1260 1073 1356 1105 quarn
1378 1062 1549 1097 constituit
1574 1062 1790 1097 Ariminensis
1812 1064 1896 1098 inter
1919 1062 1976 1097 has
1999 1063 2138 1106 proposi-

1263 1112 1369 1146 tiones
1389 1124 1397 1144 :
1440 1115 1525 1146 Deus
1543 1124 1601 1145 non
1621 1121 1730 1157 genuit
1752 1116 1850 1147 Deum
1869 1137 1881 1153 ,
1906 1114 1939 1147 δε
1963 1124 2021 1146 non
2035 1117 2139 1156 genuit

1263 1163 1342 1194 Deus
1365 1164 1483 1196 Deum.
1512 1161 1657 1196 Primam
1680 1162 1764 1197 dicit
1787 1164 1851 1197 esse
1864 1173 1996 1203 veram,
2022 1174 2060 1196 ac
2076 1162 2142 1201 Ca-

1262 1210 1446 1253 tholicam,
1474 1212 1648 1246 secundam
1672 1237 1684 1253 ‚
1710 1213 1846 1253 falsam,
1872 1225 1911 1247 ac
1935 1211 2141 1253 haereucam:

1261 1263 1294 1295 in
1316 1262 1420 1305 prima
1441 1261 1523 1296 dicit
1544 1273 1659 1297 vocem
1682 1266 1765 1296 Deus
1790 1274 1861 1297 non
1886 1262 2059 1305 distribui;
2086 1261 2138 1296 di»

1262 1311 1373 1345 stribui
1398 1322 1508 1346 tamen
1533 1312 1568 1346 in
1590 1311 1750 1348 secunda.
1776 1317 1866 1347 Ratio
1882 1310 2018 1355 ejrtsefl:
2047 1310 2140 1357 Qia.

1261 1362 1395 1406 negatio
1426 1373 1548 1407 negans
1583 1362 1762 1407 malignam
1791 1387 1803 1404 ,
1835 1375 1875 1397 ac
1893 1361 2138 1396 distributivam

1262 1414 1348 1447 suam
1369 1413 1522 1448 virtutem
1544 1413 1720 1447 extendere
1743 1424 1813 1447 non
1827 1412 1977 1456 potestin
1997 1421 2092 1444 voces
2105 1411 2140 1444 se

1261 1462 1494 1506 praecedentes;
1524 1463 1577 1496 sed
1602 1462 1812 1497 solummodo
1837 1463 2068 1506 insequentes:
2100 1470 2140 1494 ut

1262 1511 1382 1547 diuum
1405 1512 1450 1546 est
1467 1510 1546 1555 disp.
1565 1513 1732 1558 15.dub.4.
1761 1513 1868 1555 Atqui
1889 1513 1923 1545 in
1950 1511 2052 1555 prima
2066 1521 2140 1554 pro-

1263 1562 1422 1606 positione
1444 1573 1509 1597 vox
1541 1564 1622 1595 Deus
1651 1562 1864 1607 negationem
1884 1561 2059 1605 praecedit;
2101 1561 2139 1594 iu

1264 1612 1403 1646 secunda
1426 1611 1503 1645 vero
1528 1612 1617 1646 illam
1631 1614 1789 1656 sequitur:
1815 1623 1894 1656 ergo
1908 1614 1941 1647 in
1953 1611 2056 1655 prima
2067 1621 2140 1653 pro-

1265 1663 1424 1705 positione
1445 1672 1513 1696 non
1533 1662 1636 1704 potest
1661 1663 1679 1695 a
1693 1664 1868 1706 negatione
1877 1661 2053 1702 distribui;
2081 1671 2139 1703 po-

1262 1712 1320 1746 test
1344 1721 1455 1746 tamen
1487 1711 1523 1745 in
1536 1710 1693 1746 secunda.
1719 1711 1773 1745 De
1784 1711 1878 1755 hujus
1889 1710 2079 1746 differentias
2090 1711 2141 1744 so·

1266 1762 1396 1797 liditate
1422 1759 1507 1795 nihil
1529 1761 1605 1796 dico
1624 1773 1633 1804 3
1670 1761 1821 1805 relinquo
1840 1761 1967 1804 judicio
1990 1760 2139 1794 leaoris.

1264 1810 1343 1845 Hoc
1365 1811 1574 1846 solummodo
1585 1810 1661 1846 dico
1673 1835 1683 1851 ,
1710 1812 1799 1854 quod
1814 1821 1878 1845 vox
1893 1812 1971 1843 Deus
1985 1810 2018 1843 in
2031 1811 2136 1853 prima

1263 1861 1488 1906 propositione
1511 1872 1578 1896 non
1591 1860 1825 1902 distribuatur,
1855 1871 1961 1904 neque
1977 1860 2139 1903 suppona-

1262 1923 1313 1945 tur
1343 1923 1402 1953 pro
1435 1911 1591 1946 omnibus
1623 1911 1688 1945 suis
1720 1911 1821 1945 tribus
1857 1909 2025 1953 suppositis
2062 1920 2144 1942 enu-

1264 1957 1428 1993 merandis
1449 1959 1632 2002 copulative
1655 1984 1666 2001 ,
1694 1960 1748 1992 sed
1771 1957 2003 1993 enumerandis
2024 1957 2142 1991 disiun-

1262 2008 1363 2045 ὁὶίνέι
1390 2009 1537 2052 adeoque
1560 2009 1620 2043 ista
1643 2009 1822 2053 propositio
1847 2019 1954 2052 neque
1966 2007 2043 2042 falsa
2067 2007 2141 2048 est,

1264 2070 1369 2102 neque
1394 2058 1559 2101 haeretica;
1588 2059 1641 2093 sed
1665 2057 1990 2094 vera&Catholica.
2021 2055 2146 2092 Monet

1267 2118 1374 2140 tamen
1399 2107 1614 2139 Ariminensis
1635 2108 1721 2140 inter
1742 2107 1924 2140 Haereticos
1947 2130 1959 2147 ,
1995 2107 2144 2150 aliosque

1716 2167 1754 2188 ac
1778 2155 1934 2189 malevoli
1958 2154 2142 2190 intellectus

1264 2205 1443 2249 periculum
1473 2205 1557 2240 foret
1579 2230 1590 2246 ,
1629 2204 1670 2238 ab
1703 2205 1759 2238 illa
1790 2206 1852 2239 esse
1892 2204 2146 2240 abstinendum.

1265 2255 1342 2288 Scio
1365 2264 1480 2288 contra
1503 2254 1568 2287 hoc
1592 2254 1662 2287 fieri
1686 2254 1774 2296 posse
1784 2253 1931 2296 quaedam
1945 2254 2028 2287 scitu
2041 2254 2147 2298 digna

1266 2313 1483 2348 argumenta3
1509 2302 1564 2336 sed
1589 2301 1645 2336 illa
1658 2313 1726 2336 non
1740 2314 1844 2348 tango
1859 2328 1870 2344 ,
1895 2302 2152 2348 Theologisre-

1265 2353 1406 2397 linquo:
1435 2353 1511 2388 satis
1537 2351 1584 2388 est
1607 2353 1771 2399 generalia
1793 2353 1954 2398 principia
1966 2364 2034 2388 uno
2049 2353 2150 2389 verbo

1269 2404 1440 2438 insinuasse
1457 2427 1466 2435 .

1321 2454 1374 2489 16.
1403 2453 1518 2488 Altera
1550 2453 1667 2498 regulae
1681 2465 1751 2498 pars
1765 2453 1892 2498 probari
1911 2453 2013 2497 potest
2025 2454 2145 2488 eodem

1269 2504 1371 2538 modo
1393 2528 1405 2545 ,
1430 2503 1619 2547 eisdemque
1646 2504 1848 2548 argumentis
1875 2528 1882 2535 .
1910 2504 1993 2537 Adde
2018 2505 2052 2537 ὀ·
2074 2503 2149 2537 boc:

1268 2554 1359 2601 Qiia
1382 2564 1498 2587 omnes
1519 2553 1753 2596 propositiones
1789 2551 1970 2587 indefinitae
2004 2553 2148 2596 ejusdem

1270 2603 1437 2648 qualitatis
1452 2628 1464 2644 ‚
1504 2601 1716 2646 ejusdemque
1739 2603 1882 2637 materiae
1904 2626 1916 2642 ,
1957 2602 2073 2637 habere
2095 2603 2150 2637 de-

1270 2654 1347 2688 bent
1369 2652 1505 2696 subjecta
1525 2650 1642 2686 eodem
1665 2663 1782 2696 genere
1796 2675 1808 2692 ,
1834 2651 2012 2695 eademque
2036 2652 2155 2697 suppo-

1271 2703 1398 2737 sitionis
1424 2702 1527 2746 specie
1550 2702 1709 2746 supposita
1723 2715 1734 2735 .·
1759 2712 1904 2736 extrema
1927 2702 2016 2736 enim
2030 2713 2149 2746 propo-

1270 2754 1424 2787 sitionum
1447 2752 1569 2786 variare
1602 2762 1669 2786 non
1704 2754 1834 2795 possunt
1857 2752 2107 2795 suppositionem
2131 2775 2146 2793 ,

1275 2803 1331 2838 nisi
1355 2802 1479 2836 varient
1491 2802 1542 2836 vel
1569 2801 1756 2841 materiam,
1784 2802 1833 2836 vel
1849 2802 2056 2844 qualitatem.
2086 2802 2150 2843 Ata

1272 2853 1328 2897 qui
1351 2851 1496 2896 quaedam
1510 2852 1687 2886 indefinitae
1699 2852 1891 2896 negationes
1907 2852 1939 2886 in
1955 2852 2088 2887 materia
2100 2863 2147 2887 re-

1274 2904 1436 2948 pugnanti
1460 2901 1583 2936 habent
1608 2901 1746 2945 subjecta
1768 2912 1836 2935 non
1849 2901 2043 2937 distributa:
2071 2912 2151 2946 ergo

1273 2965 1389 2989 omnes
1421 2951 1561 2987 omnino
1591 2950 1715 2987 habent
1737 2951 1875 2995 subjecta
1903 2964 1971 2986 non
1997 2950 2152 2985 distribu-

1272 3017 1326 3039 ta.
1356 3003 1506 3037 Probatur
1519 3008 1634 3037 minor.-
1664 3002 1753 3048 Qia
1777 3001 1825 3035 hae
1840 3002 2035 3046 negationes
2059 3000 2154 3035 inde-

1273 3055 1398 3094 finiet,
1426 3058 1516 3091 Homo
1541 3064 1598 3086 non
1616 3051 1652 3093 est
1674 3054 1772 3092 Deus,
1799 3055 1880 3086 Deus
1904 3063 1963 3084 non
1986 3050 2023 3090 est
2047 3049 2153 3092 bomo,

1275 3106 1345 3138 tunt
1370 3105 1405 3137 in
1427 3103 1561 3138 materia
1584 3101 1796 3147 repugnanti,
1829 3112 1896 3147 non
1920 3100 2031 3134 minus
2051 3112 2152 3144 quam

1274 3153 1322 3187 hae
1338 3178 1348 3194 ,
1371 3158 1462 3187 Homo
1482 3165 1539 3186 non
1559 3153 1598 3194 est
1623 3153 1760 3192 brutum,
1787 3150 1908 3183 brutum
1922 3162 1979 3183 non
1993 3150 2031 3191 est
2046 3150 2152 3195 bom03

1277 3205 1369 3247 atqui
1391 3203 1440 3237 hae
1458 3205 1650 3248 negationes
1672 3213 1739 3236 non
1761 3199 1883 3235 habent
1897 3200 2033 3242 subjecta
2045 3200 2152 3235 distri-

1279 3254 1377 3287 buta:
1404 3263 1482 3298 ergo
1505 3253 1620 3297 aliquae
1633 3250 2009 3297 negationesindefinitae
2021 3249 2147 3284 habent

1279 3303 1419 3347 subjecta
1431 3315 1502 3338 non
1513 3302 1700 3337 distributa.
1733 3303 1824 3334 Patet
1833 3306 1928 3334 minor
1942 3315 1953 3334 .-
1977 3301 2065 3347 Qia
2081 3299 2148 3334 haec

1282 3354 1461 3398 propositio
1485 3375 1496 3393 ‚
1516 3357 1606 3388 Homo
1629 3362 1687 3386 non
1705 3351 1741 3393 est
1762 3354 1859 3391 Deus,
1887 3350 1932 3384 est
1960 3348 2114 3383 verisiima
2139 3374 2152 3391 ‚

1284 3415 1358 3442 non
1379 3403 1489 3443 minus
1510 3413 1608 3450 quam
1631 3400 1696 3438 haec
1710 3425 1720 3445 ‚
1745 3405 1836 3436 Homo
1855 3411 1913 3437 mn
1935 3399 1974 3443 est
1984 3397 2092 3435 albus:
2119 3400 2154 3435 fi-

2047 3458 2103 3484 cut
