2384 3770
549 146 708 203 Qum
744 143 839 191 Str
871 141 999 189 Vox
1032 138 1193 187 Sim.
1231 140 1608 200 Qurocom.

229 229 314 267 duas
339 237 441 263 voces
471 228 661 271 synonimas
691 226 883 273 impoffibile
907 225 956 260 est
992 234 1092 259 unam

234 280 415 327 significare
437 289 635 323 conceptum
656 279 831 321 simplicem
855 301 866 317 ,
897 275 996 310 aliam
1018 271 1094 307 veno

235 330 418 376 significare
438 334 641 374 conceptum
654 328 887 370 complexum3
912 336 988 359 nam
1000 334 1094 358 voces

233 380 418 424 synonimae
431 379 504 413 sunt
521 389 619 414 voces
637 378 778 421 ejusdem
800 387 856 419 per
876 375 990 409 omnia
1000 375 1094 419 signi-

232 429 419 464 ficationis:
439 428 558 464 debent
568 427 655 463 enim
666 426 752 460 idem
775 426 957 470 significare
978 426 1093 459 eodem

233 479 356 514 modo:
379 479 465 514 unde
485 476 579 523 plane
597 486 783 520 repugnans
797 476 843 509 est
864 487 902 510 ac
933 473 1094 510 contradi·

230 529 557 573 stionemimplicans
568 550 580 568 ‚
599 526 689 570 quod
712 526 783 560 duae
803 525 919 571 aliquae
930 536 1024 560 voces
1032 525 1094 558 sint

234 580 416 622 synonimae
433 603 445 619 ,
476 578 510 612 ὃ(
530 576 631 612 altera
651 576 829 619 simplicem
854 602 865 618 ‚
899 575 1000 610 altera
1018 585 1096 609 vcro

232 630 447 673 complexum
467 637 665 670 conceptum
692 626 853 670 significet
875 651 883 659 .
921 626 1027 669 Atqui
1050 623 1097 658 hae

234 679 308 714 duae
321 688 414 713 voces
421 675 506 710 bomo
518 678 552 712 δε
565 676 682 710 animal
689 677 853 710 rationale:
874 676 955 710 item
969 676 1017 709 hae
1027 675 1097 709 duae

235 739 335 763 voces
351 727 648 763 brutum&animal
665 727 835 761 irrationale
855 739 863 758 ι
885 727 918 761 &
939 724 1096 771 generali·

234 789 286 814 ter
300 778 427 822 semper
443 789 513 812 vox
524 776 697 812 definitum
708 800 720 817 ,
742 777 776 811 &
789 788 856 810 vox
867 776 1096 820 definitionem

234 828 423 874 significans
443 828 519 862 sunt
538 836 633 862 voces
656 826 838 869 synonimae
858 839 870 859 .·
901 837 980 870 ergo
1002 825 1098 868 plane

235 877 433 922 impoffibiie
456 878 502 912 est
523 902 535 918 ,
565 887 602 911 ut
635 887 700 910 una
726 875 937 918 complexum
954 898 966 914 ,
999 875 1110 908 altera.

234 926 417 972 simplicem
442 926 603 972 significet
625 935 822 969 conceptum
842 937 849 957 :
888 923 982 966 atqui
1013 922 1098 967 apud

234 987 353 1012 omnes
375 977 520 1023 Logicos
551 987 615 1010 vox
628 974 710 1009 homo
728 976 889 1019 significat
901 985 1097 1017 conceptum

195 1026 201 1031 ”
235 1027 433 1071 simplicem:
453 1037 532 1072 ergo
553 1025 698 1059 similiter
721 1036 786 1059 vox
809 1026 928 1059 animal
955 1024 1099 1058 ratlanale

235 1077 394 1122 significat
418 1085 615 1120 conceptum
636 1075 814 1119 fimplicem
836 1100 847 1115 ,
869 1075 903 1108 ἀ
923 1086 990 1109 non
1011 1077 1100 1108 com·

235 1128 389 1172 plexum:
410 1127 499 1171 atqui
524 1126 610 1169 apud
635 1136 751 1159 omnes
784 1125 928 1169 Logicos
949 1125 1012 1158 ista
1034 1135 1098 1158 vox

234 1179 356 1210 animal
373 1177 519 1211 rationale
541 1176 586 1209 est
599 1187 663 1210 vox
684 1173 790 1219 logice
808 1173 999 1217 complexa:
1021 1184 1100 1218 ergo

237 1237 335 1261 voces
356 1226 464 1270 logice*
484 1225 664 1269 complexas
684 1224 817 1268 possunt
836 1224 1014 1268 significare
1024 1234 1101 1258 con·

236 1285 367 1318 ceptum
389 1275 566 1317 simplicem
583 1299 595 1315 ,
620 1274 654 1307 ἀ
673 1284 740 1307 non
760 1274 970 1318 complexum
991 1298 998 1305 .
1033 1274 1100 1307 Ine-

237 1326 348 1369 ptiunt
371 1336 451 1370 ergo
465 1348 477 1365 ,
498 1324 555 1368 qui
575 1334 688 1357 vocem
709 1324 916 1367 complexam
942 1321 1100 1359 definiunt

237 1376 302 1410 esse
322 1375 429 1415 illam,
452 1386 524 1420 quae
550 1373 710 1419 fignificat
731 1382 930 1418 conceptum
961 1373 1099 1415 comple·

239 1437 318 1460 xum
330 1450 337 1458 .
358 1428 462 1458 Prima
482 1423 573 1464 bujits
597 1421 744 1466 alifi-ursus
760 1430 854 1456 mmor
874 1421 1028 1456 videbitur
1039 1428 1099 1464 qui

238 1474 363 1520 busdam
381 1473 555 1508 trivialibus
578 1470 762 1515 Philofhphis
784 1479 865 1506 mira
877 1485 889 1505 t
909 1471 955 1506 est
984 1470 1100 1506 nihilo·

239 1526 352 1560 minus
370 1525 401 1557 S.
414 1523 557 1558 Thomae
582 1534 610 1560 1·
630 1531 711 1565 part.
724 1534 751 1565 q.
770 1530 821 1558 12.
845 1506 904 1554 asrt.
938 1531 991 1558 10-
1012 1532 1047 1554 ac
1076 1532 1102 1556 1.

239 1575 285 1610 Et
302 1574 404 1618 quaell.
418 1581 537 1622 13.art.
562 1582 588 1607 1.
601 1577 634 1604 in
647 1580 721 1614 corp.
736 1571 876 1614 &quaeffi
909 1582 960 1618 14.
981 1580 1043 1605 art.
1068 1571 1098 1607 6.

239 1626 285 1660 Et
307 1626 448 1670 Gregorii
464 1621 652 1664 ArIminenfit
668 1628 701 1655 in
714 1630 741 1657 1.
756 1620 833 1665 disp.
850 1634 877 1658 1.
891 1621 990 1664 quaest.
1003 1626 1101 1660 unica,

239 1684 298 1709 art.
327 1685 354 1709 1.
372 1672 452 1708 'non
476 1673 577 1718 longe
595 1673 613 1707 a
636 1673 702 1707 fine
724 1694 731 1702 .
760 1675 805 1704 Et
826 1672 971 1714 probatur
992 1683 1001 1704 :
1028 1671 1103 1713 quia

239 1737 337 1760 voces
356 1724 536 1767 synonimae
558 1733 718 1757 vocantur
735 1722 796 1755 illae
809 1746 818 1761 ,
832 1733 902 1765 quz
919 1721 1103 1766 significant

238 1774 327 1810 idem
335 1773 452 1808 eodem
463 1772 583 1807 modo.
609 1771 697 1813 Vel,
716 1779 750 1805 ut
769 1772 930 1814 loquuntur
952 1770 1079 1811 scotistae
1093 1795 1103 1811 ,

240 1827 313 1859 sunt
336 1824 415 1863 illae,
433 1834 506 1867 quae
528 1822 713 1867 significant
734 1820 873 1856 eandem
902 1833 970 1855 rem
995 1822 1101 1855 sccun-

239 1875 321 1909 dum
342 1874 479 1907 eandem
503 1872 755 1907 formalitatem.
782 1870 848 1906 Vel
871 1872 999 1915 potius,
1022 1881 1055 1904 ut
1065 1871 1105 1903 lo·

241 1932 370 1966 quantur
392 1922 571 1955 Nominales
584 1945 595 1962 ,
621 1922 696 1955 sunt
719 1921 782 1954 illae
798 1944 810 1961 ,
832 1931 902 1963 quas
922 1921 1103 1964 significant

241 1972 381 2007 eandem
403 1982 470 2005 rem
490 1968 667 2004 secundum
685 1969 771 2003 idem
783 1978 1017 2004 connotatum.
1044 1967 1102 2007 At·

240 2023 300 2066 qui
323 2032 388 2055 vox
408 2020 490 2053 bomo
507 2042 518 2059 ,
540 2020 574 2054 ἀ
598 2031 662 2053 vox
685 2021 801 2052 animal
825 2021 968 2053 rationale
988 2018 1104 2063 signifi-

239 2081 318 2106 cant
339 2070 478 2104 eandem
490 2080 557 2102 rem
569 2079 644 2101 cum
663 2068 781 2101 eodem
794 2078 979 2102 connotato
990 2081 1001 2100 .-
1024 2078 1103 2111 ergo

239 2121 313 2155 sunt
333 2131 427 2153 voces
441 2117 618 2161 synonimae
630 2141 637 2148 .
656 2116 802 2150 Probatur
811 2121 925 2149 minor:
945 2117 1023 2159 quia
1038 2127 1104 2149 vox

239 2169 323 2204 bomo
345 2168 505 2214 significat
524 2166 699 2201 entitatem
722 2165 868 2200 hominis
887 2165 1104 2202 connotando

239 2218 444 2263 operationes
462 2216 624 2251 sensitivas
647 2216 740 2250 simul
758 2216 794 2249 δι
817 2216 990 2251 rationales
1012 2229 1024 2250 .-
1048 2215 1104 2250 ho-

241 2279 299 2303 mo
319 2270 439 2312 quippe
455 2268 500 2300 est
523 2266 723 2309 suppositum
748 2264 917 2298 habt-usin
939 2266 969 2299 se
988 2264 1101 2307 princi·

241 2319 333 2364 pium
359 2315 529 2356 sensandi,
557 2315 652 2349 simul
676 2326 714 2348 ac
734 2313 951 2348 ratiocinandi
972 2338 980 2346 .
999 2313 1103 2358 Atqui

241 2379 309 2403 vox
327 2367 444 2401 animal
462 2366 608 2399 rationale
629 2364 790 2408 significat
811 2364 910 2397 etiam
932 2364 1103 2398 entitatem

239 2417 458 2452 hominisnon
465 2414 611 2448 notando
620 2413 826 2457 operationes
837 2413 1000 2447 sensitivas
1011 2413 1104 2449 simul

240 2479 280 2503 ac
296 2466 488 2501 rationales:
510 2464 633 2498 animal
657 2464 747 2497 enim
773 2462 931 2498 rationale
946 2463 1045 2497 etiam
1058 2464 1103 2498 ni·

241 2516 293 2551 hil
314 2516 359 2550 est
380 2513 471 2550 aliud
485 2539 495 2555 ,
518 2523 617 2558 quam
649 2513 845 2556 suppositum
868 2511 991 2547 hahens
1014 2513 1048 2547 in
1071 2515 1103 2548 se

240 2565 438 2612 principium
465 2563 654 2600 sensandi&
677 2561 907 2597 ratiocinandi.
938 2564 1027 2607 Ergo
1039 2563 1103 2597 istae

239 2628 337 2651 voces
356 2614 542 2660 significant
552 2612 690 2647 eandem
711 2624 776 2647 rem
799 2624 877 2647 cum·
896 2612 1013 2647 eodem
1026 2624 1103 2647 eon-

240 2675 360 2702 notato
381 2689 393 2706 ‚
414 2675 470 2698 aut
494 2661 615 2697 eisdem
636 2663 839 2697 connotatis.
866 2664 974 2697 Sedde
984 2662 1104 2706 hisplu-

240 2729 278 2751 ra
297 2715 383 2757 infra
401 2713 453 2757 suo
473 2714 549 2747 loco-

293 2776 324 2813 9.
346 2763 494 2798 Probatur
512 2760 640 2806 fitandei
662 2774 670 2793 ε
691 2762 767 2805 quia
789 2772 888 2796 voces
907 2760 990 2797 bomo
1010 2762 1049 2803 est
1072 2776 1103 2796 a·

243 2815 342 2850 nima!
350 2839 361 2855 ,
382 2824 470 2856 equus
489 2817 602 2852 currit,
622 2811 704 2844 bomo
712 2811 771 2851 stat
784 2835 796 2851 ,
820 2813 877 2846 &a
901 2811 934 2845 δε
946 2813 1102 2856 generali·

225 2876 292 2908 ‘ter
306 2866 415 2899 omnis
438 2861 612 2907 propositio
635 2862 755 2896 vocalis
775 2860 821 2895 est
843 2872 910 2895 vox
931 2861 1015 2904 apud
1039 2862 1101 2898 Lo-

242 2916 335 2962 gicos
345 2914 539 2957 complexa:
556 2911 646 2955 atqui
658 2921 767 2946 tamen
780 2911 826 2945 est
835 2912 1010 2954 complexa
1032 2924 1101 2947 non

242 2967 277 3000 in
297 2963 511 3009 significando
536 2975 551 3005 ;
581 2961 634 2996 sed
655 2960 866 2996 solummodo
890 2962 922 2993 in
947 2961 1101 3005 etsensim

240 3016 400 3060 significat
410 3014 500 3048 enim
512 3022 709 3054 conceptum
722 3012 897 3054 simplicem
910 3035 921 3050 ,
935 3021 1003 3046 uon
1014 3023 1101 3047 com-

242 3066 395 3109 plexum.
425 3064 513 3109 Ergo
546 3062 666 3107 Logici
697 3062 787 3096 vocis
811 3060 1099 3104 complexionem,

243 3120 317 3160 non*
338 3126 376 3147 ex
399 3114 600 3159 significare,
622 3111 672 3146 sed
695 3123 736 3146 ex
761 3112 825 3146 esse
846 3111 936 3145 vocis
956 3111 1100 3148 attende-

243 3176 278 3199 re
301 3163 420 3198 debent
441 3188 452 3204 ,
485 3163 533 3197 uti
553 3162 728 3197 attendunt
753 3161 966 3196 Grammatici
987 3185 996 3194 .
1029 3165 1099 3197 Pro-

241 3214 331 3249 batur
341 3219 456 3246 minor:
484 3212 558 3256 quia
571 3221 772 3256 conceptus,
800 3222 896 3253 quem
919 3211 1100 3256 significant

241 3274 363 3304 voces,
385 3263 430 3296 est
451 3273 631 3304 conceptus
657 3262 822 3305 loquentis
841 3286 851 3302 ,
889 3271 985 3304 quem
1006 3262 1045 3296 de
1067 3274 1099 3297 re

242 3324 298 3360 per
319 3323 413 3346 voces
433 3312 614 3357 significata
633 3311 752 3346 format
771 3335 781 3350 ,
808 3321 968 3355 quemque
988 3314 1100 3346 exteri-

242 3373 281 3396 us
299 3374 352 3407 per
365 3374 460 3396 voces
473 3361 673 3396 manifestat:
690 3360 777 3396 unde
792 3370 967 3404 conceptus
979 3385 989 3401 ‚
1002 3372 1099 3405 quem

242 3412 402 3456 fignificat
416 3411 591 3455 propositio
605 3412 725 3445 vocalis
738 3435 749 3450 ,
766 3414 810 3446 est
824 3410 1001 3454 propositio
1011 3421 1099 3446 men-

242 3461 317 3499 talis
350 3463 487 3495 formata
516 3461 534 3494 ὲ
565 3461 720 3504 loquente
740 3486 749 3493 .
795 3460 901 3505 Atqui
923 3462 1114 3508 propositio

325 3510 432 3554 Christ.
454 3511 533 3554 Lupi
543 3515 641 3555 Opera
652 3514 731 3546 Tom-
743 3513 815 3547 ΧΠ.

1154 224 1304 261 mentalis
1328 224 1375 259 est
1399 223 1540 268 qualitas
1565 224 1601 258 &
1625 233 1802 270 conceptus
1826 227 1966 273 simplex
1992 228 2028 264 δι

1154 274 1398 318 incomplexus:
1424 285 1530 318 neque
1538 274 1627 308 enim
1654 273 1689 307 in
1697 278 1918 320 propositione
1929 290 2025 314 mem

1155 326 1212 360 tali
1239 326 1284 359 est
1311 323 1509 368 distinguere
1535 323 1764 368 praedicatum,
1790 328 1963 370 copulam,
1984 330 2020 364 δε

1156 375 1350 418 subjcstum3
1378 374 1466 417 quasi
1493 373 1573 408 vero
1598 374 1861 416 foretquoddam
1887 390 2020 423 compo-

1154 426 1249 469 situm
1275 435 1316 458 ex
1348 424 1451 458 tribus
1476 423 1688 468 conceptibus
1715 424 1902 468 partialibus
1929 429 2021 464 reali—

1155 486 1203 509 ter
1227 474 1414 514 distinctis,
1441 486 1582 518 quorum
1607 486 1695 508 unus
1722 476 1807 508 foret
1834 475 2025 519 subjectum,

1154 524 1267 559 tertius
1279 523 1501 568 praedicatum,
1525 526 1560 559 ἀ
1583 525 1740 559 secundus
1764 526 1902 568 copula:
1931 526 2026 560 istam.

1156 574 1243 608 enim
1271 573 1512 619 philosophiam
1538 575 1671 610 craffam
1692 600 1703 616 ,
1732 586 1769 608 ac
1798 575 2023 615 materialem,

1158 626 1370 668 ineptumque
1394 624 1612 669 quorumdam
1639 624 1876 660 Recentiorum
1902 624 1942 658 de
1967 622 2028 659 hac

1158 687 1192 708 re
1221 674 1375 717 loquendi
1388 674 1543 715 modum,
1570 675 1636 717 jam
1661 675 1788 709 dudum
1816 674 2031 715 subtilizavit,

1158 736 1195 759 ac
1221 726 1342 769 aptavit
1371 728 1528 769 Gregorius
1552 725 1742 768 Ariminenfis
1761 724 1865 768 quast.
1884 736 1918 764 2.
1937 725 2032 766 prolo-

1154 780 1187 820 gi
1214 798 1226 815 ‚
1257 784 1316 808 art.
1338 785 1368 823 3,
1405 775 1495 818 Ergo
1521 776 1700 819 propositio
1726 776 1845 810 vocalis
1871 775 2032 819 significat

1160 835 1358 868 conceptum
1386 825 1520 858 similem
1543 847 1557 864 ,
1580 825 1616 859 ἀ
1642 836 1752 860 tamen
1780 825 1825 859 est
1853 835 1917 863 vox
1943 836 2032 859 com»

1161 875 1273 917 plexa:
1301 886 1381 919 ergo
1407 885 1502 909 voces
1528 875 1708 918 complexae
1734 875 1917 920 significant
1930 886 2032 919 quan-

1161 924 1268 968 doque
1293 934 1488 967 conceptum
1516 925 1713 969 simplicem.
1744 925 1911 969 ineptiunt
1938 934 2031 970 ergo,

1161 973 1216 1018 qui
1244 985 1363 1008 vocum
1391 975 1656 1017 complexionem
1682 986 1724 1012 ex
1751 975 1921 1019 complexi
1945 987 2031 1010 con-

1161 1032 1275 1068 ceptus
1300 1023 1538 1069 significatione
1550 1023 1783 1064 desumendam
1808 1026 1870 1062 esse
1896 1036 2034 1065 conten-

1159 1075 1268 1114 dunt·

1386 1173 1798 1225 seca-1011.

1203 1277 1344 1310 Retia-itur
1361 1271 1465 1316 solutio
1485 1275 1681 1316 quorumdam
1694 1299 1704 1315 ,
1729 1285 1763 1307 ac
1782 1273 1936 1318 sententia
1958 1274 1998 1311 ele

1335 1331 1470 1365 conceptu
1489 1326 1664 1362 virtualiter
1685 1326 1850 1367 complexo.

1169 1432 1219 1459 10.
1374 1422 1550 1467 Espondent
1575 1425 1677 1466 paffim
1698 1437 1710 1457 .·
1747 1435 1801 1467 per
1838 1431 2036 1468 conceptum

1389 1473 1622 1517 complexum,
1643 1475 1661 1509 ὲ
1682 1474 1774 1517 cujus
1795 1474 2036 1519 significatione

1167 1534 1231 1558 vox
1259 1524 1494 1557 denominatur
1520 1524 1714 1566 complexa,
1743 1525 1805 1557 esse
1833 1535 1899 1557 non
1930 1524 2037 1558 solum

1168 1573 1284 1614 illum,
1310 1572 1366 1616 qui
1394 1572 1520 1606 realiter
1546 1574 1746 1616 compositus
1769 1597 1779 1612 ‚
1816 1574 1848 1612 ἀ
1874 1585 1915 1606 ex
1944 1572 2037 1616 pluri-

1168 1623 1225 1657 bus
1263 1621 1452 1666 partialibus
1488 1622 1616 1657 realiter
1652 1622 1812 1659 dissinstis
1849 1622 2040 1666 complexus

1167 1673 1238 1714 est,·
1265 1672 1319 1706 sed
1345 1671 1460 1711 illum,
1488 1673 1543 1714 qui
1570 1672 1615 1706 est
1643 1674 1841 1716 compositus
1869 1672 1921 1707 vel
1947 1672 2042 1706 reali·

1168 1734 1215 1757 ter
1241 1722 1292 1759 vel
1319 1721 1526 1758 virtualiter:
1551 1722 1641 1766 atqui
1669 1723 1844 1767 propositio
1871 1721 2038 1761 mentalis,

1169 1773 1248 1806 item
1274 1771 1426 1806 definitio
1453 1772 1603 1813 mentalis
1630 1773 1707 1807 licet
1746 1784 1815 1809 non
1843 1774 1887 1806 est
1914 1781 2038 1806 conce-

1170 1834 1242 1865 ptus
1267 1822 1440 1865 compositi
1468 1821 1614 1863 realiter,
1640 1823 1715 1857 sunt
1741 1832 1852 1856 tamen
1880 1821 2039 1866 composi-

1168 1873 1193 1905 ti
1221 1872 1419 1907 virtualiter:
1447 1882 1525 1916 ergo
1552 1871 1727 1914 propositio
1753 1870 1875 1908 vocalis
1900 1871 1935 1909 &
1960 1870 2039 1906 defi·

1172 1922 1255 1954 nitio
1266 1921 1389 1954 vocalis
1402 1920 1583 1964 significant
1595 1929 1786 1965 conceptum
1813 1920 2036 1966 complexum3

1169 1981 1235 2005 non
1262 1969 1336 2004 vero
1357 1968 1532 2012 simplicem
1556 1994 1563 2002 .
1600 1970 1733 2003 Probant
1756 1976 1897 2005 minorem
1923 1984 1935 2007 .·
1960 1972 2039 2016 quia

1169 2030 1347 2062 conceptus
1375 2020 1554 2053 virtualiter
1578 2021 1771 2063 complexus
1786 2022 1830 2055 cst
1856 2029 2036 2065 conceptus

1169 2068 1306 2112 quidam
1322 2092 1332 2108 ‚
1358 2067 1414 2111 qui
1442 2067 1649 2102 licetrealiter
1675 2069 1710 2103 in
1738 2071 1791 2103 sua
1817 2071 1955 2107 entitate
1966 2071 2038 2106 sim-

1170 2116 1243 2161 plex
1268 2116 1327 2159 sit3
1355 2117 1476 2150 virtute
1501 2126 1611 2151 tamen
1638 2119 1700 2151 sua:
1725 2119 1972 2163 significationis
1983 2123 2037 2155 seu

1171 2166 1464 2210 repraesentationis
1489 2166 1535 2200 est
1557 2167 1748 2212 complexus
1771 2181 1779 2201 :
1806 2170 1960 2205 faciendo
1986 2169 2038 2212 id,

1170 2215 1259 2260 quod
1286 2216 1411 2251 faciunt
1437 2216 1543 2259 plures
1567 2220 1745 2260 conceptus
1771 2219 1897 2254 realiter
1922 2219 2039 2255 distin-

1169 2267 1210 2300 ἂί
1235 2279 1246 2299 .-
1273 2266 1350 2309 quia
1379 2267 1533 2299 nimirum
1559 2269 1760 2309 repraesentat
1787 2269 1877 2312 atque
1904 2271 2008 2304 multa
2027 2295 2037 2311 ‚

1167 2316 1200 2349 δε
1228 2315 1319 2358 aeque
1344 2314 1521 2355 distinete,
1546 2326 1585 2351 ac
1610 2318 1831 2359 repraesentant
1861 2318 1966 2362 plures
1978 2320 2035 2355 alii

1168 2374 1344 2409 conceptus
1372 2363 1499 2399 realiter
1523 2363 1665 2400 distincti
1687 2390 1696 2401 .
1725 2366 1833 2403 Unde
1855 2368 1895 2403 ad
1920 2379 2037 2404 conce-

1170 2426 1263 2458 ptum
1299 2413 1480 2449 virtualiter
1515 2415 1723 2458 complexum
1760 2415 1828 2453 duae
1855 2419 2034 2453 neceffariae

1169 2466 1240 2499 sunt
1265 2463 1476 2500 conditiones
1501 2489 1508 2497 .
1536 2466 1655 2498 Primo:
1682 2466 1771 2510 quod
1809 2468 2034 2510 repraesentent

1167 2513 1256 2558 aeque
1267 2514 1390 2548 multa.
1420 2515 1566 2548 Secundo:
1592 2515 1684 2559 quod
1710 2517 1770 2551 ista
1796 2518 1899 2552 multa
1927 2530 2034 2562 reprae-

1167 2566 1295 2599 sentent
1321 2562 1410 2607 aeque
1441 2563 1608 2599 distinete.
1636 2566 1777 2606 Defediu
1803 2568 1896 2610 cujus
1922 2568 2034 2603 condi·

1167 2614 1287 2655 tionis,
1311 2619 1473 2655 inquiunt,
1493 2625 1674 2658 conceptus
1699 2619 1957 2661 correspondens
1978 2630 2036 2653 vo-

1166 2664 1198 2699 ci
1218 2664 1301 2697 bomo
1326 2674 1394 2698 non
1422 2663 1467 2697 est
1495 2663 1674 2699 virtualiter
1699 2669 1895 2710 complexus
1920 2680 1928 2701 z
1956 2669 2033 2710 quia

1166 2714 1386 2757 quamtumvis
1411 2714 1638 2756 repraesentent
1663 2717 1752 2758 aeque
1779 2717 1882 2751 multa
1897 2741 1908 2757 ,
1936 2730 1974 2752 ac
1987 2730 2035 2753 re·

1167 2766 1353 2808 praesentent
1378 2774 1556 2806 conceptus
1583 2788 1594 2804 ,
1621 2764 1736 2808 quibus
1763 2767 1929 2809 separatim
1955 2779 2036 2802 con·

1166 2814 1304 2857 cipimus
1330 2814 1453 2849 animal
1474 2814 1507 2850 δε
1534 2813 1716 2856 rationalc;
1746 2827 1812 2849 non
1835 2827 1944 2851 tamen
1972 2818 2032 2851 ista

1164 2865 1363 2908 repraesentat
1389 2862 1477 2908 aeque
1503 2863 1670 2900 distincte.
1698 2865 1845 2913 Tollunt
1857 2868 1945 2900 enim
1957 2867 2033 2901 ani·-

1165 2914 1342 2949 malitatem
1380 2914 1415 2948 ἀ
1455 2913 1710 2948 rationalitatem
1749 2927 1804 2958 per
1829 2928 2030 2960 conceptum

1163 2962 1470 3007 correspondentem
1496 2963 1570 2997 voci
1598 2963 1680 2997 bomo
1706 2965 1915 3000 solummodo
1925 2977 2031 3010 reprae-

1164 3014 1282 3049 sentari
1305 3013 1489 3052 indistineie
1513 3014 1547 3047 &
1567 3013 1703 3048 confuse
1726 3027 1733 3047 ε
1770 3027 1808 3049 ac
1839 3017 2031 3061 generaliter

1164 3065 1280 3099 volunt
1292 3062 1461 3107 praedicata
1473 3064 1650 3101 essentialia
1663 3063 1864 3100 definitionis
1886 3077 1940 3109 per
1952 3078 2029 3100 con-

1164 3125 1296 3159 ceptum
1316 3113 1623 3156 correspondentem
1645 3115 1718 3147 voci
1730 3115 1924 3159 significanti
1945 3116 2030 3152 defi·

1165 3165 1271 3198 nitum
1292 3162 1504 3206 repraesentari
1523 3162 1731 3197 solummodo
1743 3166 1894 3199 confuse.
1922 3165 2029 3210 Atqui

1166 3213 1342 3257 propositio
1360 3211 1527 3251 mentalis,
1542 3212 1576 3246 ὃς
1593 3213 1744 3247 definitio
1756 3216 1907 3249 mentalis
1919 3227 2030 3259 quam-

1165 3263 1286 3297 tumvis
1309 3263 1343 3296 in
1365 3262 1418 3295 sua
1457 3261 1595 3296 entitate
1613 3264 1743 3298 fortasse
1775 3265 1835 3299 sint
1861 3266 2028 3310 qualitatis

1164 3314 1197 3347 &
1218 3321 1396 3354 conceptus
1420 3311 1578 3354 simplices
1598 3335 1609 3351 ,
1632 3314 1706 3347 sunt
1725 3323 1833 3348 tamen
1856 3315 2029 3360 repraesen-

1164 3372 1267 3397 tantes
1291 3372 1379 3404 aequc
1400 3362 1526 3400 multa,
1546 3372 1583 3396 ac
1606 3373 1696 3406 aeque
1716 3363 1888 3407 distinete,
1911 3377 1950 3403 ac
1978 3377 2029 3399 re-

1165 3414 1357 3457 praesentant
1379 3420 1560 3455 conceptus
1580 3412 1708 3447 realiter
1719 3413 1886 3458 distinffl3
1912 3415 1960 3448 illi
1982 3417 2028 3448 ni-

1167 3460 1417 3508 mirum,quibus
1429 3461 1597 3547 scpgatim
1609 3461 1879 3508 apprehendimus
1890 3464 2030 3509 predica-

1564 3522 1587 3551 2
1909 3522 1982 3547 tum
