2384 3770
131 254 250 291 Liba..
269 262 297 286 c.

141 317 195 354 13-

137 358 231 391 Orat.
257 355 298 389 de

138 417 217 453 pace
230 431 237 438 .

138 609 209 648 L.2.
231 606 294 640 Pae·

137 661 260 705 dagog·

132 721 204 755 cap,
220 719 274 749 22,
306 699 336 743 fi
343 701 450 734 militet
461 726 469 734 .
498 702 672 735 ealceatum
682 708 761 734 enim
772 702 823 744 esse
837 713 893 734 non
903 709 1038 742 parvam
1050 698 1140 732 babet
1150 700 1196 741 af-

137 1484 178 1522 L.
194 1497 222 1521 1·
246 1485 296 1518 ln-

137 1534 293 1578 ssis-cuo-

138 2247 218 2291 cap.
241 2256 291 2283 12·

194 2828 296 2872 Epist.

147 2887 202 2929 ⁷5.
227 2891 253 2917 c.
268 2888 298 2926 5.

355 166 424 228 44
804 166 895 211 DE
931 169 1209 215 Ontonia
1247 170 1658 216 EREMITARUM

1265 251 1309 284 ad
1328 251 1451 285 concilia
1458 258 1622 293 provocare
1632 275 1639 282 .
1670 249 1753 285 Haec
1765 250 1916 288 scandala
1927 264 1989 299 pro
1998 246 2146 292 Pseudo-⁴

1266 301 1427 345 Episcopo
1450 299 1636 335 Timotheo
1651 300 1775 336 AEluro
1799 302 1923 345 aspides
1945 305 1997 339 isti
2009 317 2051 342 eo
2063 316 2145 343 tem-

1264 361 1341 394 pore
1368 360 1590 386 evomuerunt
1606 376 1614 383 .
1655 352 1699 386 Et
1720 352 1881 395 quoniam
1907 353 2079 400 AEgyptus
2103 368 2144 392 ac

1265 401 1380 436 Africa
1400 402 1548 436 confines
1568 402 1664 443 sunt,
1692 400 1735 437 de
1745 401 1802 437 ista
1815 403 1847 437 in
1863 401 1950 437 hanc
1961 406 2060 441 etiam
2073 406 2146 441 Au-

1261 450 1384 495 gustini
1412 461 1559 495 tempore
1578 451 1770 495 irrepserunt
1794 476 1805 493 ,
1845 452 1957 497 ibique
1977 448 2147 500 despuma-

1262 511 1335 534 runt
1357 501 1445 536 virus
1467 503 1561 536 suum
1571 502 1613 537 de
1624 514 1723 546 opere
1735 513 1893 537 manuum
1905 526 1915 542 ,
1942 502 1983 536 de
1999 503 2094 541 barba
2104 517 2144 541 ac

1261 552 1367 593 capite
1387 562 1520 587 comato
1544 576 1555 592 ,
1592 561 1688 594 atque
1711 553 1810 587 etiam
1831 552 1872 588 de
1895 553 2142 589 calceamentis.

1262 599 1444 635 Adversum
1467 602 1551 646 ipsos
1571 601 1780 647 Augustinus
1800 614 1838 637 ea
1862 602 2043 648 &suggestu
2059 605 2144 639 anti-

1259 650 1337 684 dota
1354 651 1478 693 populo
1501 653 1559 685 suo
1584 652 1796 695 propinabat.
1826 652 2050 697 Atiniquies,
2076 654 2145 689 cal-

1258 711 1426 734 ceamenta
1451 701 1662 744 prohibentes
1682 703 1844 746 scriptura:
1865 714 1932 738 non
1944 704 2038 739 omni
2051 704 2143 748 peni-

1259 751 1310 785 tus
1332 750 1442 785 colore
1463 751 1530 785 veri
1551 761 1683 792 carent,
1710 753 1784 795 quis
1794 763 1873 797 ergo
1882 754 1927 788 est
1937 764 2047 789 earum
2062 755 2141 800 legi·

1259 801 1358 835 timus
1381 811 1478 844 atque
1489 799 1695 836 orthodoxus
1709 803 1836 836 sensus?
1863 803 2063 848 Respondeo
2073 808 2142 840 nem

317 255 414 287 Antea
424 251 503 284 nudo
515 260 583 282 eras
593 250 691 292 pede,
720 251 803 284 modo
815 262 874 284 non
884 248 980 293 sblicm
990 252 1116 284 calceato
1128 275 1138 291 ‚
1146 247 1202 293 sed

317 303 482 335 (stomaro.
508 298 662 334 Necnon
676 301 802 335 sandius
824 301 1004 345 Gregorius
1018 301 1201 334 Nazianze-

318 362 376 385 nus
397 350 479 383 inter
503 349 743 385 monachorum
765 351 922 385 exercitia
947 362 1072 394 ponens
1094 351 1200 384 nudos

315 398 408 443 pedes
432 410 523 434 more
548 399 808 444 Apostolorum.
836 401 931 435 Hinc
959 401 1199 435 etiam'sanssus

314 449 509 494 Fulgentius
537 450 772 485 monasterium
800 477 811 492 ‚
851 452 976 485 santius
995 460 1104 485 autem
1130 450 1198 483 Ali-

314 500 387 544 pius
411 499 548 543 nudipes
570 501 769 545 quandoque
790 500 1140 536 obumbulabatltaliae
1153 501 1199 533 so·

313 549 381 583 lum
395 549 533 594 glaciale
549 575 556 582 .
584 550 650 585 Pro
665 552 810 596 antiquis
821 561 929 585 autem
943 550 1139 584 Christianis
1153 561 1198 584 te-

313 599 469 634 stificatur
491 601 617 635 sanetus
641 602 797 635 Clemens
822 601 1068 635 Alexandrinus
1092 625 1099 632 .
1129 605 1199 633 Viro

308 648 431 693 pulchri
455 655 594 684 convenit
608 653 702 685 nullos
718 651 827 685 babere
842 652 948 684 calceos
960 674 969 690 ,
992 658 1198 691 praeterquam

307 751 461 794 finitatem
473 761 537 784 cum
548 763 579 785 eo
591 777 600 792 ‚
625 754 706 794 quod
710 751 747 791 est
757 753 807 794 esse
821 753 946 794 ligatum
959 774 966 781 .
993 754 1148 791 Optimum
1159 749 1197 789 est

313 807 534 836 exercitationis
546 813 642 846 genus
664 803 752 834 nudis
776 807 822 834 uti
833 800 960 843 pedibus
973 824 983 840 ‚
1010 802 1044 833 (5
1064 798 1196 848 adfant-

314 859 429 892 tatem,
454 852 487 885 (²5
509 853 552 884 ad
573 853 745 894 expeditam
758 851 942 894 facilitatem
956 874 967 890 ‚
995 849 1044 881 ubi
1058 861 1117 882 non
1126 857 1193 892 pro-

313 900 416 936 hiheat
439 902 581 942 neceffltas
605 925 612 933 .
650 903 745 945 ¹Quod
758 900 788 943 fi
816 906 872 934 iter
894 910 952 932 non
973 900 1194 942 ingrediamur,

313 962 363 986 nec
399 953 489 985 nudis
523 953 653 985 incedere
673 951 802 993 pedibus
821 955 889 990 pati
910 950 1042 991 poffimus
1065 974 1076 991 ,
1107 948 1194 998 soleis

313 1003 454 1035 utendum
465 1001 523 1041 est,
549 1003 604 1035 &a
623 1000 773 1035 Unde&
793 999 1192 1035 LucianusChristianum

313 1052 467 1085 amistum
494 1050 646 1084 describit
673 1048 760 1085 hisce
781 1049 901 1083 verbis.
926 1050 1058 1082 Pallium
1081 1057 1194 1091 putre,

307 1100 368 1143 fine
381 1103 483 1133 calceis
495 1102 529 1133 (9⁸
554 1106 679 1144 tegmine
686 1105 798 1142 capitis
812 1101 951 1133 incedens
961 1098 1085 1142 detonsa
1094 1110 1174 1133 coma
1183 1125 1190 1132 .

315 1151 398 1202 Qae
421 1160 519 1194 atque
544 1150 607 1188 alia
631 1149 683 1186 his
695 1150 810 1189 similia
823 1150 902 1183 dum
916 1150 990 1193 lego
1002 1161 1058 1183 aut
1069 1150 1169 1183 audio
1181 1175 1191 1190 ,

313 1211 381 1233 non
411 1199 534 1234 morior
556 1200 645 1244 quod
664 1202 788 1234 sanctus
800 1211 921 1242 martyr
933 1200 1082 1243 Ignatius
1093 1200 1191 1233 fidem

313 1261 352 1283 ac
374 1250 603 1293 profeffionem
629 1249 847 1284 Christianam
867 1249 977 1293 paffim
990 1260 1086 1283 vocet
1095 1256 1191 1292 paeni-

312 1306 415 1334 tentiae
429 1301 627 1344 Religionem.
657 1300 791 1336 Interim
808 1299 965 1344 parvum,
993 1297 1190 1339 haereticum,

314 1351 551 1384 infructuosum
569 1376 579 1390 ‚
610 1352 747 1385 noxium
760 1351 806 1385 est
824 1376 834 1391 ,
861 1362 897 1384 ea
919 1361 1013 1394 agere
1024 1361 1061 1383 ac
1073 1350 1137 1393 pati
1150 1362 1190 1383 ex

313 1401 459 1442 perverso
485 1401 654 1435 intellediu
682 1402 862 1443 scriptur’ae.
894 1402 939 1433 Ea
961 1402 1047 1443 lepra
1069 1400 1190 1434 labora-

313 1449 393 1484 bant
417 1450 574 1485 monachi
603 1451 779 1495 AEgyptii:
808 1450 1069 1487 Deiisenimita
1080 1450 1126 1483 ait
1142 1451 1190 1493 Jo-

313 1510 414 1535 annes
438 1501 607 1536 Caffianus
626 1523 636 1533 .
663 1503 873 1535 calceamenta
894 1502 964 1534 verb
987 1500 1072 1534 velut
1094 1504 1187 1534 inter-

313 1551 395 1587 du‘ia
417 1552 601 1595 Evangeltco
622 1559 772 1594 praecepto
798 1548 967 1594 recusanter
988 1575 999 1593 ,
1023 1562 1087 1586 cum
1112 1552 1191 1595 infir-

315 1608 408 1635 mitat
427 1609 555 1644 corporis
579 1626 590 1643 ,
619 1603 670 1636 vel
687 1607 850 1636 matutinus
871 1601 979 1642 hyemis
1003 1608 1080 1646 rigor
1105 1626 1116 1643 ,
1139 1600 1191 1645 seu

314 1654 478 1687 meridiani
498 1652 584 1693 aestus
597 1652 706 1695 fervor
732 1660 860 1697 exegerit
884 1678 894 1694 ,
920 1653 1124 1686 tantummodo
1145 1663 1189 1686 ca·

311 1705 384 1747 ligis
405 1702 474 1745 suos
484 1709 623 1737 muniunt
630 1705 740 1746 pedes.
769 1704 867 1749 Qasi
880 1703 955 1737 vero
966 1703 1188 1747 caligaeefl'ent

312 1753 430 1786 calceis
456 1754 643 1788 mundiores
665 1764 720 1788 aut
745 1754 930 1788 sanstiores.
965 1752 1107 1788 Alardus
1127 1753 1189 1787 Ga-

310 1812 394 1836 zaeus
415 1813 554 1838 errorem
591 1802 679 1838 hunc
709 1815 823 1838 eorum
846 1804 987 1838 rusticari
1019 1803 1189 1844 attribuit,

312 1862 410 1894 atque
431 1851 476 1884 ita
496 1852 538 1884 ab
555 1853 620 1886 illis
640 1853 792 1887 defricare
815 1864 954 1888 conatur
969 1878 977 1886 .
1007 1852 1055 1888 At
1081 1854 1188 1888 nescio

311 1913 354 1935 an
374 1901 457 1934 bene
474 1925 482 1934 ,
510 1902 580 1944 Jam
602 1901 723 1943 pridem
737 1904 858 1945 quippe
868 1914 983 1946 purum
997 1902 1082 1937 istud
1094 1902 1188 1936 Chri-

311 1951 353 1985 sti
374 1961 487 1985 aurum
518 1951 551 1984 in
572 1950 727 1994 Origenis
747 1961 846 1993 atque
859 1951 1188 1992 Antropomorphita·

310 2013 382 2036 rum
410 2000 548 2035 scoriam
562 2000 722 2035 demutari
735 2009 890 2042 caeperat,
916 1998 1068 2042 istudque
1078 2009 1189 2033 conta·

309 2051 402 2097 gium
431 2050 633 2095 pedetentim
658 2051 703 2084 ita
723 2049 881 2092 profecit,
907 2059 945 2082 ut
964 2060 1032 2082 non
1056 2049 1103 2082 ita
1125 2047 1188 2082 du-

309 2103 389 2136 dum
410 2100 480 2145 post
505 2101 615 2135 Γεηᾶο
641 2099 820 2144 Fulgentio
846 2098 1068 2143 AEgyptiacas
1080 2097 1187 2131 solitu-

309 2152 403 2186 dines
425 2150 597 2185 meditanti
618 2151 772 2184 veraciter
781 2148 980 2192 responderit
993 2148 1116 2181 sanctus
1125 2147 1187 2181 Eu-

308 2201 404 2236 lalius
418 2200 595 2244 Episcopus
606 2200 854 2243 Syriacusanus.
882 2200 968 2238 Scit,
992 2202 1133 2240 quoniam
1153 2195 1186 2237 fi-

311 2264 348 2287 ne
357 2251 416 2293 fide
426 2251 590 2294 impoffibile
600 2250 638 2290 est
649 2251 766 2293 placere
779 2253 837 2282 Deo
849 2274 856 2282 .
882 2251 994 2282 Terras
1007 2271 1019 2288 ,
1044 2249 1090 2280 ad
1108 2258 1185 2288 quas

305 2312 430 2346 pergere
450 2299 622 2343 concupiscit
639 2323 650 2339 ,
676 2303 696 2333 ἃ
717 2305 912 2333 communione
924 2300 1107 2332 BeatiPetri
1116 2305 1184 2339 per-

306 2353 373 2396 fida
393 2353 425 2385 di
446 2351 517 2393 enfio
536 2350 715 2394 siparavit.
743 2355 852 2384 Omnes
879 2351 925 2383 illi
935 2347 1091 2387 monachi,
1116 2358 1185 2389 quo-

309 2415 378 2438 rum
397 2403 583 2445 praedicatur
603 2401 752 2434 mirabilis
770 2399 967 2440 abstinentia,
994 2409 1052 2431 non
1074 2396 1186 2430 babent

310 2461 402 2487 tecum
425 2454 536 2486 altaris
563 2454 757 2484 Sacramenta
781 2455 944 2483 communia
966 2473 973 2480 .
1011 2449 1101 2490 ,Quid
1120 2458 1187 2491 ergo

308 2504 446 2545 proderit
463 2500 595 2544 affligere
609 2502 737 2542 jejuniis
757 2507 862 2540 corpus
875 2523 886 2538 ,
912 2499 962 2531 ubi
968 2496 1085 2540 solatiis
1093 2495 1186 2538 spiri-

310 2551 443 2587 tualibus
466 2550 614 2594 indigebit
636 2556 739 2582 anima
751 2549 768 2580 ?
793 2550 832 2583 In
851 2548 919 2582 istis
932 2558 1074 2590 namque
1085 2547 1185 2580 deser-

310 2604 373 2642 tis,
400 2612 468 2635 non
495 2599 635 2643 amplifis
646 2599 822 2639 Christus,
848 2598 902 2632 sed
915 2597 1100 2642 Origenes,
1128 2596 1186 2629 Pe·

311 2653 438 2696 lagius,
466 2650 657 2688 Nestorius,
685 2650 885 2688 Dioscorus,
909 2645 1184 2690 Eutyches,An·

311 2697 607 2745 tropomorphitae,
636 2698 802 2740 Euchios,
827 2697 1039 2749 Mafl'aliani,
1063 2697 1184 2737 aliique

312 2750 345 2784 id
368 2762 470 2796 genus
481 2750 605 2793 aspides
619 2758 656 2783 ac
670 2750 830 2784 dracones
842 2747 961 2790 ubique
973 2745 1163 2781 habitabant

311 2799 366 2835 De
390 2801 440 2834 his
459 2800 550 2835 enirn
575 2802 675 2842 usque
699 2798 934 2833 Alexandriam
947 2795 1182 2831 volantibusad

314 2852 461 2886 Leonem
502 2849 688 2895 Augustum
720 2848 827 2883 scribit
860 2850 986 2882 sanstus
1006 2848 1075 2882 Leo
1096 2845 1183 2889 Papa

315 2912 474 2945 magnus.
503 2901 709 2934 Alexandrina
737 2897 886 2939 Ecclesia,
912 2909 981 2940 quae
996 2896 1112 2941 semper
1117 2895 1183 2937 fuit

314 2952 415 2984 domus
436 2954 574 2983 orationis
589 2974 599 2990 ‚
621 2948 764 2993 spelunca
784 2960 859 2981 nunc
882 2948 918 2987 est
929 2950 1097 2981 latronum.
1119 2949 1182 2978 Ma-

315 3000 452 3043 nifestum
472 3006 582 3042 quippe
593 2999 631 3040 est
641 3024 652 3040 ‚
677 3008 733 3042 per
742 3000 958 3038 crudelissimam
967 2995 1182 3039 insaniffiimam-

1258 851 1351 885 istam
1377 853 1444 886 esse
1461 851 1593 887 alterius
1606 852 1696 894 loci,
1725 851 1826 887 modo
1837 854 1954 889 sufficit
1966 854 2142 889 ostendisse

1257 900 1481 945 Augustinum
1517 902 1613 936 fuisse
1647 903 1824 937 calceatum
1852 929 1860 936 .
1899 904 2037 940 Interim
2062 905 2140 940 vide
2193 932 2200 941 .

1258 952 1362 994 ipsum
1377 974 1387 990 ,
1413 961 1482 985 tum
1507 953 1541 986 in
1565 951 1627 986 isto
1653 954 1788 995 praefato
1815 954 1982 996 sermone,
2008 965 2081 991 tum
2103 956 2140 990 in
2161 932 2269 970 L¹b‘²‘
2286 946 2319 971 θ’

1255 1013 1353 1046 opere
1368 1000 1408 1036 de
1429 1003 1590 1038 consensu
1604 1002 1899 1048 Evangelistarum.
2161 993 2216 1031 30·

1480 1102 1512 1136 C
1538 1100 1569 1135 A
1595 1103 1623 1137 Ρ
1653 1103 1693 1139 U
1721 1102 1782 1141 T.
1808 1103 1868 1138 XI
1881 1105 1921 1141 X.

1380 1204 1427 1235 De
1453 1200 1603 1245 Augustini
1627 1205 1757 1236 interula
1787 1211 1878 1246 atque
1905 1208 2025 1238 orari0.·

1360 1300 1485 1335 Estavit
1515 1301 1618 1336 etiam
1652 1301 1858 1347 Augustinus
1888 1303 2065 1339 interulam
2098 1303 2136 1338 li-

1375 1362 1469 1385 neam
1485 1375 1495 1391 ‚
1521 1363 1730 1396 nequaquam
1758 1354 1888 1387 laneam
1902 1377 1911 1386 .
1940 1354 1987 1388 Ita
2002 1353 2137 1390 testatur

1254 1402 1341 1443 ipse,
1368 1401 1426 1435 ubi
1445 1401 1513 1435 haec
1535 1402 1695 1445 Sapientis
1718 1402 1760 1436 de
1770 1403 1848 1438 forti
1863 1404 2000 1438 muliere
2012 1403 2135 1446 verba,

1252 1455 1385 1492 operata
1409 1451 1447 1490 esi
1465 1452 1571 1484 lanam
1595 1454 1628 1486 (ν
1642 1453 1736 1485 lmum
1749 1477 1760 1493 ,
1789 1454 1913 1498 populo
1924 1455 1983 1488 suo
1994 1454 2135 1498 exponit

1252 1513 1290 1535 ac
1315 1502 1416 1535 dicit.
1440 1504 1598 1545 ,Quaritur
1621 1506 1641 1534 ἃ
1662 1503 1744 1535 nobis
1757 1527 1768 1543 ,
1794 1505 1871 1546 quid
1882 1502 1922 1545 fit
1932 1506 2030 1544 lana,
2055 1504 2137 1546 quid
2150 1486 2312 1548 serm245·

1244 1551 1284 1592 fit
1294 1551 1410 1585 linum?
1438 1555 1558 1585 Lanam
1575 1554 1693 1585 carnale
1717 1554 1838 1596 aliquid
1841 1561 1935 1596 puto,
1964 1553 2132 1598 linumspi-
2149 1535 2193 1571 de
2218 1536 2276 1572 δι’

1251 1602 1340 1635 ritale
1351 1627 1358 1633 .
1388 1606 1449 1634 Hoc
1469 1605 1608 1643 conijcere
1620 1604 1710 1636 audeo
1720 1615 1758 1636 ex
1771 1605 1877 1638 ordine
1889 1604 2134 1645 vestimentorum
2149 1587 2224 1622 ναί
2236 1599 2266 1624 ⁰⁰
2275 1597 2314 1637 5·

1252 1651 1406 1691 nostrorum
1416 1666 1427 1685 :
1452 1656 1596 1686 Interiora
1603 1652 1677 1695 sunt
1686 1658 1765 1687 enim
1774 1655 1858 1688 linea
1871 1653 2046 1694 vestimenta
2059 1679 2070 1695 ,
2080 1655 2134 1689 lae·

1251 1715 1308 1737 nea
1328 1703 1474 1736 exteriora
1494 1728 1501 1735 .
1530 1703 1690 1738 Attamen
1710 1714 1778 1738 non
1806 1705 1945 1749 gestavit
1966 1705 2109 1739 orarium
2123 1730 2133 1739 .

1253 1754 1383 1787 Etenim
1407 1754 1446 1786 de
1467 1754 1576 1787 saneto
1597 1754 1761 1797 Episcopo
1787 1755 1967 1800 Fulgentio
1978 1754 2132 1790 monasti·

1250 1815 1325 1838 cum
1337 1804 1490 1837 amictum
1504 1804 1663 1837 retinente
1676 1803 1757 1838 dicit
1769 1806 1894 1839 Auctor
1904 1806 1966 1839 iste
1978 1804 2132 1850 incogni-

1249 1863 1319 1888 tus.
1346 1859 1475 1894 orario,
1499 1853 1571 1896 ficut
1581 1865 1680 1888 omnes
1693 1853 1832 1897 Episcopi
1847 1879 1857 1895 ,
1883 1855 2056 1888 nullatenus
2067 1862 2129 1889 ute.

1250 1903 1355 1937 batur.
1383 1905 1537 1938 Orariurn
1556 1913 1698 1949 namque
1711 1904 1879 1939 monacho
1892 1917 1960 1939 non
1974 1905 2132 1939 conveni-

1250 1963 1302 1994 re,
1329 1963 1414 1995 patet
1427 1965 1467 1986 ex
1483 1954 1545 1986 hoc
1556 1965 1684 1988 canone
1698 1966 1765 1988 non
1779 1956 1823 1988 ita
1844 1954 1968 1990 dudum
1982 1954 2052 1998 post
2065 1953 2132 1989 edi-

1250 2011 1286 2034 to
1308 2000 1342 2033 in
1358 2000 1463 2042 primo
1476 2001 1635 2034 Concilio
1649 2002 1872 2036 Aurelianenfi
1884 2027 1892 2035 .
1915 2003 2083 2036 'Monachus
2095 2009 2130 2036 in

1249 2049 1420 2090 monasterio
1438 2056 1568 2084 orarium
1588 2053 1641 2084 vel
1656 2063 1752 2084 zonas
1774 2064 1831 2085 non
1843 2051 1954 2086 habeat
1965 2077 1974 2084 .
1999 2052 2130 2087 Verum'
2151 2029 2234 2075 C⁸P⁰
2246 2038 2278 2078 9⁴

1249 2100 1328 2142 quid
1352 2099 1397 2132 est
1419 2100 1560 2132 orarium
1583 2100 1596 2130 ?
1635 2100 1748 2134 Gioffa
1768 2104 1814 2135 ait
1835 2103 1899 2134 esse
1920 2102 2053 2144 peplum
2074 2103 2129 2136 seu

1250 2147 1408 2182 muliebre
1429 2147 1575 2181 velamen
1589 2171 1597 2179 .
1625 2147 1795 2192 Atgrandi
1819 2150 1934 2192 injuria
1946 2150 2128 2185 monacho-

1247 2207 1318 2231 rum
1330 2198 1551 2246 Francorum:
1579 2208 1643 2231 una
1657 2199 1778 2242 quippe
1790 2199 1836 2233 ait
1853 2199 2036 2234 monachos
2048 2199 2127 2234 istos

1247 2245 1329 2282 adeo
1339 2245 1436 2281 dense
1448 2248 1481 2281 in
1494 2246 1655 2281 muliebra
1665 2247 1720 2282 illa
1732 2249 1901 2283 defluxisse
1912 2274 1923 2289 ,
1949 2260 1985 2284 ut
1996 2249 2127 2293 objecto

1246 2307 1302 2341 per
1314 2297 1507 2331 Concilium
1518 2299 1672 2341 repagulo
1684 2297 1831 2333 cohiberi
1843 2298 2013 2333 debuerint
2024 2324 2035 2340 ,
2046 2310 2129 2342 quo·

1249 2348 1335 2380 niam
1358 2348 1452 2381 bonae
1472 2347 1693 2381 conciliorum
1719 2349 1807 2393 leges
1825 2360 1868 2382 ex
1890 2349 1985 2384 malis
2007 2348 2127 2383 nostris

1248 2397 1392 2431 moribus
1406 2396 1514 2432 enasci
1537 2398 1792 2432 consueverunt.
1819 2398 2032 2443 Dicoitaque
2043 2399 2128 2433 Ora·
2187 2430 2191 2438 ,

1247 2449 1331 2481 rium
1353 2448 1415 2480 esse
1450 2457 1565 2481 vocem
1586 2447 1785 2490 aequivocam
1812 2472 1823 2488 ,
1858 2447 1942 2481 binae
1965 2448 2125 2492 significa·

1246 2498 1359 2530 tionis.
1390 2496 1500 2530 Prima
1522 2491 1717 2540 fignificatio
1731 2522 1742 2538 ,
1766 2508 1868 2543 eaque
1890 2498 2065 2536 famosior,
2090 2498 2127 2532 ii-

1245 2547 1383 2591 gnificat
1420 2557 1492 2580 earn
1522 2547 1731 2581 sacerdotalis
1765 2548 1951 2581 vestimenti
1976 2557 2127 2591 partem,

1245 2608 1341 2641 quam
1364 2596 1475 2640 paffim
1497 2596 1695 2639 appellamus
1715 2597 1850 2631 stolam.
1877 2597 1915 2630 In
1929 2596 1991 2632 hac
2004 2597 2125 2643 fignifi-

1245 2647 1376 2681 catione
1399 2645 1546 2690 loquitur
1568 2647 1761 2680 Concilium
1783 2647 2003 2682 Laodicense.
2033 2651 2125 2681 Mini-

1242 2695 1334 2735 llrum
1353 2707 1411 2728 non
1435 2703 1544 2738 oportet
1557 2701 1650 2728 orario
1661 2703 1727 2735 uti,
1753 2709 1804 2730 nec
1813 2697 1887 2738 ostia
1899 2698 2120 2740 derelinquere.
2173 2693 2179 2702 '

1244 2749 1395 2791 ,Quoniam
1414 2757 1471 2778 non
1490 2754 1602 2788 oportet
1625 2747 1762 2780 Lee‘lores
1783 2755 1837 2779 aut
1860 2746 2035 2790 Psalmistas
2057 2761 2123 2782 orae-
2138 2758 2218 2803 Cgp,
2242 2769 2298 2807 39,

1243 2803 1298 2828 rm
1322 2801 1385 2833 uti,
1416 2798 1449 2829 (ἓν
1463 2795 1503 2836 fic
1522 2797 1618 2839 legere
1639 2806 1695 2831 aut
1718 2795 1850 2839 Psallere
1864 2821 1871 2828 .
1901 2798 1944 2831 Et
1967 2808 2121 2842 quartum

1245 2846 1435 2879 Concilium
1464 2845 1673 2880 Toletanum
1697 2871 1704 2878 .
1742 2851 1838 2879 Unum
1856 2853 1987 2880 orarium
2008 2857 2122 2890 oportet

1245 2900 1387 2930 Levitam
1398 2895 1513 2939 gestare
1531 2901 1564 2928 in
1586 2895 1695 2937 linssro
1717 2896 1835 2930 humero
1850 2922 1861 2938 ,
1898 2906 2022 2941 propter
2042 2900 2124 2941 quod

1243 2957 1329 2987 orat,
1355 2947 1390 2978 id
1413 2945 1469 2987 est,
1492 2947 1638 2987 praedicat
1660 2971 1666 2978 .
1697 2947 1864 2980 Dexteram
1884 2958 1984 2982 autem
2001 2954 2124 2990 partem

1242 3003 1354 3037 oportet
1363 2995 1469 3029 habere
1480 2996 1605 3030 liberam
1617 3021 1628 3037 ,
1649 3005 1683 3029 ut
1694 2999 1865 3039 expeditius
1875 3001 1921 3031 ad
1930 2999 2122 3038 ministerium

315 3062 369 3094 que
382 3049 540 3093 saevitiam
551 3074 561 3088 ,
587 3061 670 3084 omne
694 3050 754 3083 illic
764 3048 917 3088 caelestium
928 3051 947 3081 5
950 3056 1183 3081 aeramentorum
1237 3045 1422 3090 sacerdotale
1434 3043 1580 3088 discurrat
1596 3071 1604 3079 .
1634 3050 1778 3081 Caveant
1789 3059 1857 3090 ergo
1872 3051 1991 3081 Levitae
1998 3052 2119 3091 gemino

315 3103 414 3134 lumen
434 3099 628 3141 exstinc‘ium.
653 3105 822 3141 Intercepta
843 3097 881 3138 est
897 3097 1033 3141 sacrificii
1052 3097 1160 3133 oblatio
1175 3121 1185 3136 ‚
1243 3103 1288 3129 uti
1309 3102 1419 3134 orario,
1443 3095 1500 3138 sed
1521 3108 1578 3130 uno
1599 3098 1739 3136 tantum,
1769 3098 1910 3137 (epure,
1938 3108 1989 3131 nec
2000 3098 2068 3130 ullis
2079 3108 2122 3130 co-
2136 3109 2218 3156 Cap·
2237 3122 2294 3162 2⁷.

317 3151 425 3190 defecit
449 3148 632 3192 chrismatis
652 3149 868 3192 sanfflfi'catio,
896 3149 930 3184 ὁ·
950 3147 1184 3190 parricidalibus
1244 3147 1354 3179 loribus
1377 3157 1429 3179 aut
1455 3157 1525 3179 auro
1544 3155 1648 3179 ornato
1670 3171 1677 3178 .
1707 3146 1750 3179 Et
1778 3145 2119 3189 primum⁰concilium
2357 3146 2373 3159 ⁷

318 3200 452 3233 manibus
475 3205 630 3242 impiorum
661 3205 759 3232 omnia
792 3198 825 3242 se
840 3197 1015 3242 subtraxere
1041 3197 1188 3237 mysteria.
1247 3196 1460 3230 Bracharense
1472 3222 1479 3229 .
1510 3197 1624 3229 Placuit
1640 3221 1651 3237 ‚
1668 3206 1702 3230 ut
1713 3200 1861 3229 Diaconos
1870 3195 2050 3240 superposito
2056 3196 2121 3240 sca-
2138 3211 2216 3256 Cup·
2226 3219 2258 3257 3·

320 3253 385 3282 Nec
407 3252 463 3282 ullo
484 3251 567 3284 modo
589 3249 819 3292 ambigipotest‚
845 3250 923 3291 quid
931 3250 967 3281 de
976 3248 1025 3280 bis
1037 3249 1186 3280 decernen·
1242 3248 1322 3288 pulae
1361 3256 1464 3279 utatur
1485 3253 1579 3280 orario
1594 3271 1601 3278 .
1645 3247 1689 3280 Et
1718 3247 1850 3280 tertium
1881 3247 2117 3282 Bracharense.

319 3299 391 3329 dum
411 3297 448 3337 fit
467 3323 476 3337 ,
515 3306 565 3342 qus·
586 3299 650 3341 post
673 3300 806 3342 nefanda
822 3297 981 3342 sacrilegia
1000 3322 1011 3338 ,
1043 3296 1104 3340 pol}
1116 3295 1187 3340 san·
1247 3298 1381 3340 ,Quando
1396 3298 1533 3330 sacerdos
1554 3297 1667 3339 missam
1690 3297 1890 3332 celebraturus
1901 3299 2035 3337 aceedit,
2062 3309 2121 3331 non

313 3353 437 3391 guinem
458 3350 642 3389 probatiffimi
661 3350 826 3383 sacerdotis
849 3346 970 3389 effusum
984 3373 994 3388 ‚
1019 3349 1055 3382 (9⁴
1079 3357 1189 3380 concre-
1248 3348 1336 3379 aliter
1349 3349 1469 3379 accedat
1484 3371 1494 3386 ,
1518 3358 1609 3389 quam
1625 3353 1721 3380 orario
1744 3344 2124 3388 utroque'humerocrrcum-

317 3402 395 3428 mati
416 3402 542 3437 corporis
562 3405 687 3433 cinerem
709 3406 745 3432 in
765 3398 970 3431 contumeliam
979 3403 1055 3431 aeris
1069 3399 1190 3439 caelique
1246 3396 1349 3440 septus
1362 3421 1371 3436 ,
1391 3396 1465 3437 ficut
1485 3398 1519 3430 Θ
1539 3399 1660 3439 quando
1672 3397 1742 3438 fuit
1750 3395 1930 3440 consecratus
1946 3422 1956 3437 ‚
1985 3404 2030 3430 ita
2043 3406 2076 3430 ut
2086 3398 2123 3431 de

316 3444 478 3488 dispersum
492 3469 502 3484 ,
526 3448 636 3480 audent
653 3449 707 3489 fibi
724 3451 779 3488 jus
803 3446 956 3490 persuasae
968 3449 1125 3490 dignitatis·
1138 3459 1189 3480 ex·
1251 3458 1307 3480 uno
1328 3448 1481 3490 eodemque
1500 3452 1595 3480 orario
1614 3450 1760 3481 cervicem
1782 3454 1898 3490 pariter
1923 3450 2126 3489 &utrumque

309 3504 414 3543 petere
431 3520 442 3538 ,
469 3496 504 3531 6*
527 3494 687 3537 Apostolicae
710 3498 852 3531 dor‘lrinae
876 3497 1078 3533 inviolabilem
1096 3497 1190 3540 fidem
1252 3496 1402 3531 humerum
1431 3505 1567 3542 premens
1593 3521 1604 3538 ,
1629 3495 1742 3543 fignum
1773 3503 1806 3531 in
1830 3496 1885 3541 suo
1910 3499 2027 3541 pecqore
2045 3507 2128 3539 prae·
2176 3544 2181 3547 ,

1990 3557 2082 3594 paret

2148 1831 2231 1876 Cap.
2250 1839 2302 1867 η.
