2384 3770
745 143 918 188 Coizoi..
959 142 1112 202 QAED.
1150 140 1284 185 Cntc.
1321 139 1438 189 Voc.
1478 142 1620 185 ANAL.

297 236 428 262 cretam.
454 229 545 261 Ratio
566 226 627 266 est.-
652 227 704 275 Q

1952 145 2046 205 187

690 227 742 261 uia
756 225 864 261 omnis
877 236 942 258 vox
954 223 1092 266 analoga
1104 223 1155 258 de-
1213 221 1470 265 metaphoricas.
1496 227 1576 256 Non
1599 225 1687 258 enim
1714 227 1786 261 sunt
1808 227 1977 273 analogae:
2004 229 2081 274 quia

295 277 348 319 het
369 277 481 311 habere
503 277 674 322 analogata
687 302 698 317 ‚
723 277 812 319 atqui
827 274 915 307 nulla
928 285 992 307 vox
1003 272 1154 309 abstracta
1214 273 1322 308 omnis
1347 283 1412 306 vox
1422 271 1560 317 analoga
1572 272 1666 306 debet
1680 274 1793 311 habere
1814 279 2005 323 analogata:
2033 291 2078 314 at»

294 327 396 374 potest
422 326 538 363 habere
558 328 748 371 analogata:
774 333 852 368 ergo
865 323 952 357 nulla
966 322 1030 358 voit
1047 325 1155 371 analo-
1216 324 1271 367 qui
1285 334 1348 356 vox
1361 321 1437 366 risus
1451 335 1517 357 non
1530 322 1628 357 habet
1639 324 1805 368 analogata
1815 342 1827 361 .·
1851 341 1931 373 ergo
1947 341 2015 364 non
2029 329 2076 364 est

294 388 335 422 ga
348 377 448 419 potest
459 379 520 411 elle
531 390 596 411 vox
608 376 756 410 abstraaa
771 386 782 406 ·.
792 385 871 416 ergo
883 373 992 406 omnis
1006 386 1069 408 vox
1081 386 1155 408 ana·

295 428 369 470 loga
383 427 478 461 debet
499 429 558 462 effe
567 435 717 460 concreta
733 447 741 454 .
762 425 908 456 Probatur
921 429 1013 456 minor
1025 437 1037 456 .-
1064 425 1154 470 Qa

1213 373 1352 416 analoga
1369 398 1376 405 .
1410 407 1412 410 ,

1265 434 1318 469 55.
1348 427 1470 466 Negant
1488 427 1627 456 minorem
1651 446 1659 454 .
1696 421 1884 466 Dicumque
1900 404 2075 475 analogdta

293 477 467 522 analogata·
478 477 596 511 debent
606 474 667 508 ess‘e
678 473 853 518 significata
866 474 1154 513 secundaria,idem
1169 485 1179 515 ι’
1216 473 1300 507 illius
1318 474 1380 507 efle
1393 474 1487 510 risum
1501 469 1679 507 humanti'm
1690 474 1724 507 ὃ(
1747 472 1865 507 bonam
1878 482 1955 517 prati
1969 481 2074 521 dispo-

293 527 433 570 ejusdem
456 528 546 560 vocis
565 524 741 567 principale
764 524 977 568 significatum
1002 519 1174 595 habentia}

292 577 326 610 in
353 579 383 610 se
401 574 524 609 diverso
546 573 668 608 modo:
696 575 784 618 atqui
806 574 894 607 nulla
920 585 983 608 vox
1000 575 1152 607 abstrat‘ta
1170 598 1172 612 ,

291 626 392 669 potest
409 625 710 668 haberefignifieata
725 624 908 658 secundaria
921 648 930 663 ‚
961 624 1047 657 idem
1061 625 1150 657 suum
1170 614 1172 628 '

291 675 427 709 formale
448 675 500 707 seu
524 674 698 717 principale
716 675 929 719 significatum
943 673 1092 708 habentia
1118 675 1151 706 in
1168 674 1171 693 ³

289 726 320 758 se
331 724 453 757 diverso
465 724 581 768 modo:
609 735 687 768 ergo
700 726 788 757 nulla
803 735 866 757 vox
879 723 1030 757 abstracta
1043 723 1144 767 potest

289 773 404 808 habere
425 776 598 818 analogaia
612 798 619 806 .
648 776 797 807 Probatur
817 781 930 806 minor:
959 774 1049 821 Quia
1062 773 1150 817 signi·

289 825 383 858 ficata
412 825 593 858 secundaria
618 826 706 859 vocis
727 824 887 858 abstraaae
908 826 981 857 sunt
999 820 1150 858 inferiora

286 874 398 908 formae
416 876 631 918 principaliter
644 873 826 917 significatae
843 887 855 906 .·
880 874 969 915 atqui
997 873 1149 906 inferiora

285 924 397 957 forma:
433 925 649 967 principaliter
679 923 864 967 fignificatae
894 923 1033 956 formam
1054 921 1149 955 istam

285 973 507 1017 principaliter
528 973 740 1017 significatam
755 984 820 1007 non
834 973 961 1015 possunt
975 971 1094 1006 habere
1103 972 1149 1006 di—

285 1024 375 1057 verso
388 1022 486 1058 modo
497 1034 512 1065 5
539 1022 592 1057 sed
615 1022 787 1056 neceffarid
802 1022 919 1056 habent
931 1022 1021 1055 illam
1033 1022 1149 1057 eodem

284 1074 404 1107 modo:
435 1072 554 1107 habere
568 1072 685 1117 quippe
696 1071 812 1107 debent
827 1073 916 1106 illam
927 1071 1146 1112 essentialiter,

283 1123 361 1157 ficut
371 1123 521 1157 inferiora
534 1122 650 1157 habere
663 1122 764 1157 solent
778 1123 870 1156 suum
881 1123 1021 1165 superius
1032 1147 1040 1154 .
1060 1121 1149 1166 Ergo

282 1172 374 1207 nulla
397 1184 459 1207 vox
483 1173 630 1207 abstraeta
652 1171 768 1207 habere
790 1173 890 1216 potest
914 1173 1092 1216 significata
1107 1172 1148 1205 se-

281 1222 438 1256 cundaria
460 1247 472 1263 ,
508 1223 593 1257 idem
622 1224 715 1256 suum
738 1224 913 1266 principale
935 1221 1149 1266 significatum

282 1269 435 1305 habentia
451 1273 482 1304 in
497 1273 529 1305 se
537 1272 662 1306 diverso
680 1273 781 1306 modo
793 1297 801 1304 .

332 1331 388 1368 53.
415 1323 549 1364 sequitur
558 1319 699 1364 secundo.-
709 1324 822 1357 Omne
832 1322 1038 1366 praedicatum
1052 1330 1147 1355 meta-

281 1369 455 1413 phoricum
476 1371 613 1414 respectu
636 1373 682 1406 sui
696 1372 1148 1417 fignificatiproprii&trans—

281 1419 381 1454 latitii
402 1445 413 1461 ‚
440 1422 547 1465 qualia
570 1423 641 1456 sunt
656 1446 669 1461 ,
694 1423 760 1463 leo,
782 1431 872 1464 petra
892 1447 902 1462 ,
926 1424 1006 1464 lapis
1028 1422 1147 1464 angula·

280 1475 346 1511 ris,
371 1475 472 1513 vitis,
501 1484 619 1516 agnus,
645 1474 703 1505 (rc.
719 1473 858 1514 respo-stu
872 1471 994 1504 Christi
1008 1470 1146 1504 Domini

279 1519 452 1554 &alterius
464 1522 689 1566 suifignificati
703 1521 841 1565 proprii:
867 1520 949 1554 Item
977 1522 1078 1554 ridens
1092 1521 1147 1555 res·

278 1571 372 1613 pedu
392 1572 472 1613 prati
498 1571 533 1605 ὃς
557 1570 726 1611 hominis,
749 1580 863 1604 acutum
873 1571 1148 1615 respeetuingenii

278 1620 314 1653 ἀ
334 1619 436 1664 gladii
463 1645 482 1664 ¹,
519 1621 581 1656 &c.
605 1623 666 1655 effe
687 1620 894 1664 praedicatum
918 1621 1146 1665 analogicum.

280 1670 368 1703 Proh.
382 1670 470 1718 Qia
485 1672 689 1714 praedicatum
700 1671 908 1716 analogicum
920 1671 964 1704 est
978 1670 1071 1711 illud,
1086 1683 1147 1705 cu-

277 1717 329 1763 jus
341 1720 426 1755 idem
437 1722 650 1766 significatum
665 1722 800 1756 formale
808 1723 827 1755 a
837 1721 967 1756 diversis
977 1720 1044 1763 ejus
1054 1722 1146 1765 figni-

276 1770 381 1804 ficatis
402 1770 595 1806 secundariis
616 1770 890 1806 habeturdiverso
901 1771 1003 1805 modo
1018 1784 1029 1805 .-
1055 1771 1147 1814 atqui

275 1831 378 1854 omne
397 1821 601 1865 praedicatum
621 1820 878 1865 metaphoricum
898 1822 1039 1864 respectu
1052 1822 1099 1854 sui
1112 1821 1147 1854 si-

275 1869 425 1916 gnificati
448 1873 566 1915 proprii
593 1873 626 1907 &
648 1872 890 1906 translatitiiest
902 1872 983 1905 tale:
1011 1871 1144 1916 ergoest

275 1921 480 1963 przdicatum
497 1922 705 1966 analogicum
717 1946 726 1954 .
755 1922 901 1955 Probatur
910 1927 1003 1954 minor
1016 1934 1027 1953 .·
1054 1921 1145 1967 Qia

275 1969 398 2012 semper
422 1970 637 2014 significatum
664 1972 828 2013 proprium
863 1971 897 2002 δε
926 1970 1142 2011 fignificatum

275 2019 507 2052 translatitium
531 2018 651 2052 habent
673 2020 705 2052 in
732 2021 762 2052 se
780 2016 994 2063 significatum
1006 2017 1143 2051 formale

274 2067 436 2112 praedicati
454 2067 666 2110 metaphorici
677 2068 802 2102 diverso
813 2069 927 2101 modo:
938 2077 1038 2099 unum
1053 2067 1141 2108 quip-

272 2125 315 2158 pe
331 2113 428 2149 habet
449 2114 532 2147 illud
559 2116 684 2147 realiter
696 2114 830 2155 ἁπτὰ,
856 2116 991 2147 alterum
1001 2113 1075 2146 vero
1087 2116 1139 2147 so-

270 2160 444 2198 lummodo
455 2163 727 2197 iimilitudinarie.
760 2163 818 2196 Ait
828 2164 917 2196 enim
933 2163 1138 2207 Augustinus

270 2210 418 2250 trabl80.
437 2220 473 2247 in
484 2217 664 2259 joannem,
693 2214 830 2256 loquens
852 2212 892 2245 de
916 2213 1050 2247 Christo
1071 2214 1138 2247 Do-

271 2264 365 2296 mino
379 2262 503 2296 Nostro
516 2275 524 2294 ι
550 2266 594 2295 sic
606 2269 684 2295 enim
694 2264 804 2294 dicitur
824 2269 899 2295 vitis
909 2271 963 2302 per
969 2261 1138 2302 fimilitua'i-

272 2323 358 2352 nem,
386 2323 442 2344 non
460 2320 515 2353 per
535 2317 767 2352 proprietatem:
797 2311 1043 2352 quemadmodum
1066 2313 1137 2343 dict-

272 2370 321 2394 tur
333 2367 400 2394 ovis
414 2385 423 2399 ,
451 2372 547 2404 agnus
560 2385 569 2399 ,
594 2362 634 2393 leo
644 2385 654 2400 ,
682 2368 770 2402 petra
783 2384 795 2399 ,
815 2360 895 2401 lapis
908 2361 1063 2403 angularir
1082 2384 1091 2399 ,
1103 2362 1138 2393 (9

273 2419 379 2445 caetera
399 2409 582 2451 hujusmodl:
610 2422 678 2452 quae
699 2416 793 2454 magis
817 2408 881 2452 ipsa
889 2406 960 2451 sunt
973 2421 1068 2450 vera,
1095 2421 1135 2443 ex

270 2460 382 2503 quibus
401 2462 546 2493 ducuntur
570 2458 629 2497 istae
646 2458 876 2500 similitudines,
904 2471 959 2491 non
967 2465 1134 2501 proprieta-

269 2519 334 2543 tes.
359 2509 443 2543 Ecce
455 2510 621 2552 quomodo
633 2510 735 2553 magis
749 2509 854 2543 lucide
866 2508 970 2542 dicere
986 2519 1108 2552 poterat
1124 2534 1134 2549 ‚

268 2560 486 2604 significatum
508 2558 644 2593 formale
667 2561 755 2593 vocis
767 2565 845 2592 vitis
856 2559 945 2593 estin
956 2560 1067 2601 planta
1082 2570 1135 2601 per

267 2610 496 2654 proprietatem
512 2610 544 2642 ὅ(
557 2609 697 2652 proprie3
727 2609 760 2641 in
777 2607 909 2642 Christo
924 2620 976 2651 per
987 2609 1132 2643 similitu-

266 2660 379 2694 dinem
399 2660 431 2692 &
454 2659 734 2691 similitudinarie?
759 2659 848 2702 Ergo
870 2670 969 2692 omne
985 2659 1133 2702 praedica-

266 2718 336 2743 tum
358 2707 617 2751 metaphoricum
627 2708 671 2740 est
687 2709 886 2749 praedicatum
900 2733 909 2748 ‚
937 2710 1033 2750 cujus
1049 2709 1132 2742 idem

266 2757 405 2792 formale
424 2757 639 2802 significatum
662 2755 798 2790 habetur
819 2758 836 2789 a
852 2759 994 2800 pluribus
1006 2759 1133 2792 diverso

266 2807 389 2842 modo.

317 2868 371 2904 54.
398 2858 525 2890 sedecce
531 2856 603 2890 binc
614 2862 705 2890 oritur
719 2857 876 2898 difficultas
888 2866 993 2890 contra
1001 2863 1133 2898 primum

265 2908 483 2947 corollarium,
507 2907 559 2941 hoe
578 2908 681 2940 modo:
707 2908 818 2941 Omne
844 2908 1047 2949 praedicatum
1066 2919 1130 2942 me-

265 2956 470 3000 taphoricum
483 2958 527 2993 est
541 2958 743 3002 praedicatum
763 2957 939 3000 analogum
954 2968 960 2987 :
973 2958 1063 2998 atqui
1076 2958 1126 2991 ali·

264 3018 327 3051 qua
350 3008 517 3051 praedicata
540 3008 759 3051 metaphorica
794 3009 866 3041 sunt
891 3006 1055 3050 praedicata
1077 3008 1128 3041 ab·

264 3057 374 3091 strassa
403 3070 412 3100 3
438 3069 517 3102 ergo
544 3057 709 3101 praedicata
737 3057 887 3091 abstrae'ta
916 3059 1045 3099 possunt
1066 3060 1129 3091 effe

264 3107 399 3151 analoga
426 3134 433 3141 .
465 3108 612 3141 Probatur
638 3115 750 3140 minor:
778 3108 864 3154 Qja
892 3119 955 3139 vox
980 3104 1055 3149 risus
1082 3108 1127 3141 est

263 3167 330 3190 vox
356 3156 505 3192 abstracta
527 3172 533 3191 ε
572 3159 677 3203 atqui·
698 3158 857 3191 Rhetores
893 3168 950 3199 pro
977 3158 1127 3201 exemplo

263 3206 458 3249 metaphora»,
491 3209 600 3251 passim
633 3210 789 3252 affignant
813 3218 924 3242 vocem
951 3204 1047 3249 risus:
1081 3220 1125 3241 er-

260 3267 308 3300 go
344 3255 450 3299 aliqua
485 3257 646 3301 praedicata
674 3257 891 3301 metaphorica
920 3258 991 3291 sunt
1020 3258 1125 3299 praedi-

261 3317 331 3340 cata
352 3306 488 3341 abstasta
509 3332 515 3339 .
546 3307 629 3350 Resp.
655 3310 786 3354 negando
808 3310 967 3345 minorem,
994 3308 1037 3339 ad
1056 3316 1122 3349 pro-

262 3354 406 3389 bationem
435 3359 497 3390 deco
518 3371 529 3390 .·
567 3357 728 3393 Rhetores
751 3360 794 3392 ita
821 3357 1015 3401 assignantes
1040 3359 1122 3392 male

262 3405 433 3449 affignare.
460 3407 611 3443 Ostende
629 3419 706 3453 ergo
730 3420 840 3443 vocem
854 3405 954 3466 ”svp
982 3407 1121 3452 aliasque

264 3454 377 3490 ssmiles
397 3457 565 3492 abstractas
587 3469 690 3503 neque
708 3462 771 3495 effe
791 3459 946 3502 analogas
969 3481 980 3498 2
1018 3468 1122 3502 neque

1214 522 1360 556 {itionem
1373 548 1380 555 .
1409 523 1489 556 Haec
1510 522 1578 556 duo
1589 526 1678 556 enim
1691 525 1724 556 in
1738 523 1906 566 principali
1922 527 2074 569 significa-

1215 585 1249 607 to
1264 574 1349 606 vocis
1360 571 1434 616 risus
1447 573 1558 616 partim
1570 573 1772 606 conveniunt
1785 596 1796 612 ‚
1823 575 1938 616 partim
1948 575 2072 611 discon.

1215 624 1366 657 veniunt.
1393 624 1451 655 sed
1470 624 1552 666 longe*
1574 633 1677 656 errant
1706 635 1713 654 ε
1741 622 1827 668 Qia
1838 623 2007 668 analogata
2022 627 2075 659 de-

1215 674 1289 707 bent
1310 675 1370 706 efl'e
1393 673 1479 715 plura
1500 674 1587 707 idem
1604 673 1744 715 ejusdem
1758 674 1846 707 vocis
1858 675 2031 717 principale
2041 675 2076 708 fi-

1213 724 1404 767 gnificatum
1416 724 1587 756 habentia:
1619 724 1710 767 atqui
1722 723 1800 756 risus
1813 723 1994 764 humanus,
2008 737 2076 759 mo-

1213 775 1260 806 tio
1284 773 1340 806 ista
1361 773 1530 812 dentium,
1558 773 1592 806 &
1614 774 1795 814 labiorum,
1823 775 1988 817 totiusque
2008 776 2076 809 oris

1212 824 1386 863 &vultus;
1410 823 1441 856 &
1456 823 1542 856 bona
1553 823 1718 866 dispositio
1743 824 1847 865 prati,
1874 836 1940 858 non
1957 824 2076 859 habent

1213 873 1246 906 in
1270 874 1300 907 se
1322 873 1407 906 idem
1430 873 1519 907 vocis
1539 871 1613 916 risus
1641 873 1818 916 principale
1838 874 2076 918 significatum:

1211 933 1289 967 ergo
1311 934 1378 956 non
1399 924 1470 956 sunt
1490 922 1579 956 istius
1592 923 1680 956 vocis
1690 924 1882 968 analogaia.
1911 927 2002 958 Patet
2022 930 2078 957 ml-

1211 983 1263 1005 nor
1286 985 1293 1004 x
1330 972 1419 1019 Qia
1441 970 1518 1014 risus
1550 974 1591 1007 de
1615 974 1785 1017 principali
1807 973 1890 1006 nihil
1914 975 2075 1019 fignificat

1210 1032 1386 1056 commune
1405 1022 1479 1055 risui
1496 1023 1680 1057 humano&
1693 1023 1783 1056 bonae
1794 1024 1995 1066 dispositioni
2011 1036 2077 1068 pra-

1211 1073 1257 1105 ti:
1285 1083 1389 1115 neque
1409 1072 1498 1105 enim
1518 1071 1674 1116 significat
1700 1073 1819 1107 bonam
1831 1074 2076 1116 dispositionem

1213 1123 1244 1154 in
1265 1124 1458 1160 communi,
1486 1132 1580 1164 prout
1606 1121 1758 1155 abstrahit
1771 1122 2016 1158 abintellestiva
2040 1125 2074 1158 δε

1212 1172 1416 1216 vegetativa,·
1445 1171 1495 1204 sed
1525 1171 1742 1214 principaliter
1767 1173 1923 1217 significat
1940 1176 1999 1215 (ut
2012 1185 2076 1217 ego

1213 1221 1428 1265 puto)soluin
1451 1221 1548 1254 risum
1572 1220 1753 1255 humanum
1777 1234 1785 1263 ·‚
1813 1221 1862 1255 vel
1884 1233 1949 1255 tam
1977 1224 2076 1256 risum

1191 1270 1393 1305 lhumanurn
1414 1296 1425 1312 ‚
1462 1282 1558 1313 quam
1580 1274 1678 1306 etiam
1701 1271 1818 1305 bonam
1837 1271 2078 1315 dispositionem

1213 1321 1497 1366 &vegetationem
1520 1323 1620 1364 prati.
1649 1323 1691 1356 Et
1715 1322 1878 1365 quidquid
1896 1322 2015 1357 dixeris
2027 1323 2078 1356 vel

1213 1372 1407 1415 quaefiveris‚
1433 1382 1602 1415 nunquam
1623 1371 1754 1414 aliquod
1770 1383 1871 1405 unum
1886 1371 1976 1406 istius
1988 1374 2076 1406 vocis

1215 1422 1392 1466 principale
1415 1422 1628 1466 significatum
1651 1423 1720 1455 istis
1740 1422 2078 1456 rebuscommuneim

1214 1473 1339 1506 veneris
1362 1496 1369 1503 .
1396 1471 1545 1505 Praeterea
1570 1497 1579 1512 ‚
1607 1473 1652 1505 uti
1675 1473 1744 1506 dixi
1767 1474 1936 1515 analogata
1958 1473 2078 1506 debent

1214 1523 1275 1556 effe
1287 1522 1466 1566 significata
1482 1522 1664 1555 secundaria
1682 1536 1690 1554 ι
1717 1521 1805 1564 atqui
1818 1523 1895 1553 risus
1906 1521 2080 1561 humanus,

1215 1574 1291 1606 item
1304 1572 1389 1605 bona
1401 1571 1565 1615 vegetatio
1578 1574 1655 1613 prati
1670 1594 1680 1610 ,
1710 1583 1775 1603 non
1788 1570 1972 1603 secundaria
1987 1596 1998 1611 ‚
2025 1571 2078 1603 sed

1214 1621 1363 1666 primaria
1385 1622 1476 1655 vocis
1497 1618 1573 1663 risus
1597 1621 1775 1665 significata
1802 1621 1894 1653 sunt:
1923 1630 2001 1663 ergo
2013 1632 2082 1654 non

1215 1675 1286 1706 sunt
1299 1670 1564 1715 illiusanalogata
1577 1695 1586 1702 .
1756 1699 1762 1702 .

1263 1721 1317 1767 56.
1345 1723 1485 1764 Oportet
1506 1731 1586 1764 ergo
1609 1719 1692 1754 bene
1716 1721 2010 1766 distinguereinter
2023 1733 2084 1754 vo-

1212 1784 1282 1805 cem
1305 1782 1492 1805 concietam
1522 1771 1554 1804 &
1577 1770 1787 1806 abstraflam:
1814 1771 1957 1814 veib.gr.
1980 1775 2083 1805 ridens

1211 1823 1245 1855 ἀ
1266 1819 1341 1863 risus
1370 1845 1382 1861 ‚
1406 1831 1507 1853 acutus
1532 1821 1566 1854 ὅ(
1586 1833 1704 1853 acumen
1730 1848 1743 1860 ,
1765 1822 1884 1863 sanitas
1909 1819 2082 1864 &sanum.

1212 1872 1372 1905 Concreta
1385 1872 1504 1914 quippe
1517 1881 1581 1904 vox
1597 1871 1736 1914 analoga
1746 1870 1815 1911 οὓς
1841 1870 1994 1905 abstrasta
2007 1873 2083 1905 vero

1212 1921 1365 1954 minime.
1394 1923 1440 1951 Er
1461 1925 1538 1951 rano
1552 1918 1596 1957 -est
1618 1921 1715 1952 clara:
1742 1920 1834 1965 Qia
1859 1921 1943 1953 verb.
1957 1933 2004 1964 gr.
2015 1933 2084 1955 vox

1207 1971 1311 2001 ridens
1324 1969 1481 2012 significat
1503 1968 1594 2010 plura
1607 1993 1617 2008 ,
1646 1969 1767 2003 scilicet
1784 1968 1952 2003 hominem
1969 1972 2001 2004 ὅ(
2016 1983 2083 2013 pra·

1209 2029 1278 2050 tum
1296 2042 1307 2058 ,
1333 2019 1420 2051 idem
1432 2019 1524 2052 suum
1548 2019 1684 2052 form-ale
1695 2019 1913 2063 significatum.
1924 2020 2079 2054 habentia

1206 2067 1334 2100 diverso
1345 2068 1466 2099 modo:
1495 2067 1595 2099 risum
1617 2072 1728 2107 enim,
1755 2080 1853 2111 quem
1866 2069 1968 2103 homo
1983 2069 2080 2104 habet

1206 2115 1303 2155 vere,·
1325 2125 1449 2156 pratum
1469 2114 1565 2148 habet
1587 2116 1869 2151 similitudinarie.
1900 2120 1978 2152 hem
2006 2132 2083 2153 acu-

1204 2171 1277 2196 men
1292 2188 1304 2203 ,
1331 2165 1419 2206 quod
1445 2166 1479 2197 in
1494 2164 1622 2208 gladio,
1652 2177 1690 2199 ac
1708 2168 1790 2200 serra
1801 2167 1846 2200 est
1862 2169 1951 2207 vere,
1980 2170 2023 2202 est
2041 2171 2076 2202 in

1204 2214 1371 2247 intellestu
1383 2214 1662 2249 similitudinarie:
1694 2217 1782 2260 Ergo
1794 2228 1913 2251 omnes
1933 2219 2011 2252 tales
2025 2231 2079 2253 vo-

1201 2274 1254 2295 ces
1279 2265 1352 2295 sunt
1379 2263 1455 2296 vere
1466 2263 1630 2307 analogae.
1659 2265 1704 2297 At
1720 2266 1796 2298 vero
1810 2278 1872 2300 vox
1885 2266 1984 2309 risus,
2011 2281 2079 2302 acu-

1200 2323 1287 2350 men,
1310 2309 1431 2353 sanitas
1458 2336 1468 2351 ‚
1493 2313 1548 2344 &a
1578 2323 1645 2345 non
1669 2313 1852 2357 significant
1876 2318 1966 2357 plura
1989 2319 2077 2353 idem

1200 2361 1414 2404 significatum
1441 2363 1535 2394 suum
1555 2361 1694 2395 formale
1706 2362 1836 2397 diverso
1846 2366 1947 2399 modo
1957 2365 2076 2400 haben-

1199 2411 1243 2444 tia
1263 2411 1378 2458 .Qod
1391 2412 1575 2446 evidentius
1589 2423 1676 2456 patet
1689 2412 1724 2445 in
1738 2413 1945 2456 vocesanitas
1956 2440 1963 2447 .
1991 2415 2075 2451 Haet:

1198 2461 1317 2503 quippe
1341 2472 1405 2494 vox
1430 2461 1586 2503 fignificat
1612 2462 1827 2496 &sanitatem
1844 2465 2013 2506 animalis,
2038 2466 2074 2500 δε

1199 2510 1368 2544 medicinae
1399 2534 1410 2551 ‚
1435 2511 1467 2544 ὅ(
1492 2523 1590 2545 uiinae
1612 2523 1620 2543 :
1647 2512 1735 2555 atqui
1759 2513 1810 2546 hae
1828 2525 1892 2548 tres
1919 2516 2074 2550 sanitates

1199 2573 1267 2594 non
1289 2561 1441 2594 differunt
1469 2562 1503 2593 in
1528 2561 1629 2605 modo
1664 2561 1805 2596 habendi
1843 2565 2010 2599 sanitatem
2036 2567 2072 2601 in

1196 2612 1386 2644 communi:
1415 2622 1489 2644 cum
1514 2613 1572 2644 fint
1599 2613 1715 2646 sanitas
1741 2624 1807 2647 uon
1838 2615 1944 2648 solum
1958 2616 2071 2650 eadem

1197 2662 1319 2702 specie;
1347 2661 1398 2695 sed
1414 2660 1512 2693 etiam
1536 2661 1647 2695 eadem
1662 2673 1815 2697 numero:
1848 2666 1964 2699 utdixi
1979 2666 2071 2709 supra

1196 2722 1235 2743 ex
1250 2710 1427 2751 Caietano.
1457 2711 1567 2754 Ergo,
1597 2713 1658 2744 ὄις.

1246 2771 1303 2806 57.
1331 2761 1432 2807 Qiod
1451 2761 1513 2794 issae
1538 2771 1631 2795 voces
1647 2762 1804 2796 abstrastae
1815 2762 1913 2796 etiam
1928 2776 1994 2797 non
2008 2766 2069 2799 sint

1197 2809 1413 2852 metaphorae,
1440 2812 1491 2843 seu
1517 2812 1684 2852 praedicata
1708 2813 1947 2856 metaphorica;
1975 2821 2068 2847 etiam

1193 2859 1323 2893 breviter
1332 2861 1422 2901 probo
1436 2873 1443 2891 :
1470 2861 1557 2907 Quia
1571 2861 1760 2905 metaphora
1771 2862 1815 2896 est
1830 2864 1998 2897 translatio
2014 2875 2068 2898 vo-

1193 2912 1237 2943 cis
1263 2910 1280 2943 a
1306 2910 1546 2955 significatione
1567 2915 1694 2954 propria
1722 2913 1761 2946 ad
1775 2914 2000 2957 impropriam.
2028 2915 2070 2948 id

1191 2960 1249 2999 est:
1279 2960 1400 3001 (debet
1415 2962 1532 3004 quippe
1551 2961 1615 2994 haec
1632 2961 1784 2996 definitio
1798 2966 1917 3007 exponi
1942 2966 2078 2998 intran-·

1190 3010 1504 3054 sitive)metaphora
1531 3012 1574 3045 est
1601 3023 1665 3045 vox
1690 3013 1842 3047 translata
1867 3015 1885 3048 a
1906 3015 2065 3058 fignifica-

1190 3060 1281 3093 tione
1305 3062 1429 3103 propria
1454 3061 1493 3094 ad
1517 3061 1745 3104 impropriam:
1773 3066 1863 3106 atqui
1879 3076 1943 3098 vox
1957 3062 2062 3106 usur,

1187 3111 1220 3143 δε
1232 3110 1299 3143 211ae
1313 3111 1429 3144 ssmiles
1444 3110 1601 3145 abstrastae
1627 3123 1692 3145 non
1709 3113 1783 3147 sunt
1798 3125 1891 3148 voces
1906 3115 1947 3148 ita
1960 3125 2063 3148 ‹rans-

1187 3159 1277 3193 latae:
1305 3172 1383 3204 ergo
1412 3171 1480 3193 non
1506 3162 1578 3194 sunt
1602 3162 1817 3205 metaphorae.
1847 3164 2062 3200 Probaturmi-

1185 3221 1259 3242 nor:
1289 3211 1378 3255 Qiia
1403 3211 1685 3245 vocemtransferri
1700 3215 1717 3246 a
1740 3214 1977 3258 significatione
1990 3223 2059 3258 pro·

1187 3259 1252 3302 pria
1278 3260 1317 3292 ad
1344 3261 1577 3302 impropriam,
1604 3262 1648 3295 est
1674 3274 1788 3297 vocem
1804 3288 1814 3303 ,
1841 3275 1910 3307 quae
1933 3265 2059 3309 fignifi-

1185 3319 1236 3341 cat
1250 3309 1466 3353 fignificatum
1493 3311 1586 3344 suum
1607 3311 1744 3346 formale
1756 3314 1853 3347 alicui
1878 3317 1976 3349 inesse
1990 3325 2059 3357 pro-

1188 3359 1252 3401 prie
1266 3383 1275 3397 ‚
1303 3360 1512 3409 transferriac
1534 3362 1678 3404 usurpari
1693 3388 1703 3403 ,
1731 3374 1765 3397 ut
1788 3366 1884 3398 etiam
1898 3365 2057 3409 significet

1185 3407 1266 3442 illud
1282 3409 1379 3442 alicui
1405 3409 1502 3443 inesse
1522 3410 1696 3454 improprie
1718 3427 1730 3446 :
1755 3411 1796 3447 ad
1818 3423 1870 3448 me
1891 3415 1980 3455 quod
2004 3425 2055 3446 at·-

1187 3459 1270 3493 tinet
1295 3483 1307 3500 ,
1335 3469 1403 3493 non
1428 3459 1523 3495 video
1545 3485 1556 3502 ‚
1582 3462 1661 3505 quid
1687 3462 1726 3497 fit
1748 3463 1853 3499 aliud.
1883 3463 1992 3502 Nam,
2018 3472 2055 3495 ut

1920 3511 2004 3545 dice-
