2384 3770
361 141 379 171 1
393 143 412 174 '1
429 140 453 175 2

313 210 358 246 ab
398 211 536 257 Angelis
574 212 786 248 solummodo
815 213 1046 258 promulgata,
1071 226 1109 248 ac
1137 212 1194 247 ho-

316 261 461 297 minibus
480 260 694 297 denunciata.
725 264 870 298 Instituit
893 264 971 298 item
987 264 1193 298 Sacramenta

316 320 410 343 novae
433 311 516 355 legis
542 312 582 346 ad
613 313 773 348 internam
803 314 946 349 nostram
969 313 1194 348 sanstificatio-

315 369 411 393 nem.
440 361 522 396 Item
546 361 687 399 instituit
709 376 825 398 omnes
848 363 1076 405 caeremonias,
1106 364 1193 398 sacri—

315 409 416 451 ficia,
442 422 480 445 ac
503 413 699 448 sacramenta
722 416 862 458 antiqua:
887 414 988 459 legis.

369 472 423 508 24-
453 463 506 496 De
518 463 658 508 Angelis
676 490 686 505 ,
710 466 789 507 quin
805 465 972 498 tuminter
982 465 1059 498 sein
1074 465 1127 498 sua
1138 475 1192 507 po-

317 510 388 544 litia
409 511 591 557 Angelica,
619 525 687 548 tum
709 517 809 548 etiam
834 515 919 548 inter
947 526 1006 549 nos
1029 515 1062 547 in
1078 515 1193 558 politia

316 563 459 598 humana
480 588 491 604 ,
517 565 616 598 etiam
640 566 758 608 poffint
781 564 951 605 institlrere
975 565 1061 607 signa
1087 588 1097 604 ,
1125 577 1191 598 non

316 615 447 649 videtur
473 614 708 658 ambigendum
732 638 740 646 .
778 615 864 648 Nam
893 614 1041 659 Angelus
1065 614 1197 649 Michael

316 664 415 700 habet
439 663 670 708 praefidentiam
689 666 722 697 ὅ(
748 666 971 698 auctoritatem
985 665 1077 705 super
1089 674 1193 698 totam

316 714 494 751 Ecclesiam
521 716 717 750 militantem
741 715 938 748 constitutus
959 713 976 747 a
1001 714 1078 747 Deo
1103 715 1193 758 super

316 776 431 801 omnes
453 765 577 798 animas
598 764 835 808 suscipiendas.
863 764 946 799 Item
973 764 1097 808 Angeli
1122 776 1193 808 prae-

316 817 398 851 fides
420 826 593 860 regnorum
619 837 628 853 ,
651 815 915 858 provinciarum,
940 826 978 849 ac
998 814 1194 856 civitatum,

315 877 435 913 gerunt
461 866 678 909 principatum
703 867 793 908 super
814 876 912 909 regna
933 887 943 903 ,
984 862 1168 908 provincias
1184 889 1195 905 ,

314 929 353 952 ac
377 915 524 950 civitates
545 940 556 955 ,
592 915 711 957 quibus
732 915 894 957 praesident
917 928 927 947 :
955 925 1011 948 cur
1034 925 1112 959 ergo
1138 918 1195 948 Mi-

314 967 402 1002 cbael
420 977 476 1008 pro
498 974 567 998 tota
593 963 756 1004 Ecclesia,
787 963 956 1008 &Angeli
976 966 1193 1008 provinciales

314 1029 375 1062 pro
396 1026 465 1050 tota
485 1015 539 1048 sua
561 1015 729 1057 provincia
745 1026 811 1049 non
827 1015 952 1057 possent
966 1014 1191 1049 instituereali·

314 1066 404 1113 quod
429 1065 586 1109 lignum?
614 1065 699 1098 Item
722 1064 1006 1109 Angelicustodes
1018 1063 1190 1099 hominum

312 1116 582 1162 particularium,
609 1126 666 1149 cur
687 1127 754 1149 non
780 1117 906 1159 possent
927 1115 1042 1150 clienti
1072 1116 1192 1149 suode-

313 1178 445 1202 cernete
469 1164 605 1208 aliquod
618 1165 770 1209 fignum?
798 1167 841 1199 ita
855 1166 945 1199 enim
957 1165 1136 1208 aliquando
1151 1165 1188 1197 vi>

313 1218 409 1252 detur
431 1217 570 1250 fastum:
599 1226 673 1247 nam
689 1215 840 1260 Angelus
850 1215 959 1250 custos
971 1216 1089 1248 Sanctae
1102 1218 1190 1247 Caect-

314 1269 364 1301 llae
387 1267 476 1300 dedit
499 1265 656 1299 Valeriano
682 1261 816 1309 aliquod
851 1266 977 1310 signum
1004 1259 1189 1298 inveniendi

314 1319 468 1352 sanctum
502 1315 698 1350 Pontificem
736 1316 887 1350 Urbanum
933 1315 1117 1350 latitantem
1156 1316 1189 1348 in

314 1368 454 1411 cryptis.

367 1429 423 1463 25.
451 1415 616 1449 Homines
634 1416 733 1450 etiam
757 1417 841 1451 inter
865 1418 896 1451 se
923 1415 1189 1459 poffeinstituere

316 1468 428 1514 signa,
458 1478 524 1499 non
550 1466 594 1499 est
616 1465 776 1500 dubium:
806 1468 894 1500 Nam
908 1463 1076 1501 Parochus
1090 1465 1187 1509 bapti-

316 1530 394 1553 zans
418 1516 552 1549 nomina
574 1515 819 1550 cathecumenis
839 1518 857 1551 a
882 1518 913 1550 se
928 1517 1114 1560 baptizatis,
1142 1526 1188 1558 pa-

315 1567 506 1601 terfamilias
526 1567 669 1609 imponit
697 1568 833 1600 nomina
855 1567 991 1601 canibus
1018 1591 1028 1605 ,
1067 1565 1158 1609 equis
1181 1590 1190 1603 ‚

315 1619 454 1660 aliisque
485 1615 681 1649 animalibus
711 1616 899 1651 domesticis
927 1642 934 1649 .
974 1616 1133 1660 Magister
1155 1616 1188 1648 in

316 1666 429 1702 schola
457 1666 598 1708 imponit
637 1665 801 1708 discipulis
831 1668 894 1701 suis
917 1667 1005 1710 signa
1027 1666 1188 1699 malorum

316 1728 467 1751 morum.
496 1716 576 1749 Dux
601 1719 784 1756 exercitus,
811 1727 867 1750 aut
891 1717 1089 1762 gubernator
1110 1716 1190 1748 civi·

315 1768 390 1802 tatis
415 1766 572 1810 vigilibus
593 1766 626 1800 ὃ(
648 1767 797 1800 excubiis
824 1767 886 1801 suis
900 1766 1039 1800 instituit
1053 1765 1188 1799 verbum

314 1818 378 1852 five
399 1815 527 1859 lignum
548 1817 658 1858 pacis,
685 1817 915 1852 acsocietatis.
945 1815 1188 1850 vinitoresCo·

314 1868 478 1902 lonienses
512 1865 724 1899 instituerunt
757 1866 910 1900 hederam
934 1866 1058 1900 foribus
1076 1876 1191 1910 appen—

315 1920 383 1952 sam
405 1916 445 1950 ad
458 1915 711 1960 significandum
727 1916 841 1948 vinum
855 1917 945 1948 suum
962 1916 1077 1949 venale
1090 1938 1097 1946 .
1127 1915 1190 1947 lm·

316 1977 446 2012 perator
469 1965 608 1999 instituit
641 1963 732 2009 figna
763 1965 908 2008 quaedam
930 1963 1114 1997 distinctiva
1135 1975 1193 2007 pro

316 2018 434 2063 Judaeis
454 2017 487 2049 in
514 2013 650 2057 imperio
670 2015 954 2049 commorantibus
976 2039 983 2047 .
1025 2014 1194 2056 Principes

316 2068 416 2103 Italiae
438 2066 648 2100 instituerunt
670 2064 816 2106 quaedam
841 2066 932 2107 signa
950 2075 1009 2107 pto
1024 2064 1194 2104 mancipiis

316 2118 459 2156 Turcis,
486 2115 623 2156 aliisque
647 2112 793 2157 legitime
813 2113 942 2155 captis,
965 2124 1001 2145 ac
1027 2113 1060 2144 in
1091 2111 1193 2155 legiti-

318 2178 407 2203 mam
423 2166 604 2199 servitutem
620 2164 771 2196 redaffis.
801 2163 881 2195 Item
898 2162 977 2195 boni
993 2160 1121 2194 studiosi
1136 2173 1194 2204 pro

318 2216 461 2262 'juvanda
487 2214 684 2257 quandoque
707 2213 864 2246 memoria
889 2211 924 2245 in
947 2209 1192 2256 parietibussibi

319 2269 408 2312 signa
433 2265 632 2301 instituunt,
658 2263 719 2296 ἃς.

372 2316 427 2354 26.
457 2315 537 2348 Non
562 2323 669 2346 tamen
680 2311 818 2355 quilibet
832 2310 936 2345 homo
950 2310 1053 2355 potest
1067 2309 1194 2352 quodli-

320 2364 555 2403 betinssituere
566 2362 712 2406 fignum:
742 2373 809 2396 non
833 2363 924 2395 enim
951 2360 1054 2394 homo
1075 2358 1195 2403 aliquis

321 2419 464 2463 privatus
482 2414 583 2458 potest
600 2411 718 2446 variare
737 2412 895 2446 idiomata
916 2436 927 2451 ,
959 2411 1196 2445 necinstituere

323 2477 469 2507 novum3
498 2473 602 2505 neque
622 2463 838 2496 idiomatibus
858 2460 923 2503 jam
936 2462 1084 2495 formatis
1097 2462 1130 2495 ὅ(
1149 2461 1191 2493 in*

323 2518 446 2552 stirmis
467 2513 584 2548 addere
606 2524 690 2546 nova
704 2512 880 2545 vocabula:
910 2511 962 2545 sed
986 2509 1034 2544 ha:
1046 2511 1196 2545 variatio-

324 2578 401 2608 nes,
428 2564 635 2603 additiones,
662 2574 698 2596 ac
724 2574 817 2596 novae
838 2561 1084 2600 institutiones,
1111 2561 1195 2593 fifie·

327 2629 423 2656 rent,
451 2615 604 2649 deberent
633 2611 1068 2655 fieriauc'toritarepubliea,
1096 2612 1197 2652 supre-

327 2668 373 2703 mi
396 2665 548 2710 principis
574 2688 585 2703 ,
621 2662 743 2697 scilicet
764 2688 775 2704 ,
823 2673 879 2696 aut
913 2662 1024 2705 potius
1046 2660 1195 2704 reipubli-

327 2730 371 2753 cae
382 2742 392 2758 ,
420 2727 456 2749 ac
481 2714 569 2759 quod
583 2715 687 2758 magis
702 2714 853 2746 usitatum
868 2724 905 2746 ac
917 2712 1063 2749 societati
1078 2709 1195 2744 huma-

327 2781 377 2803 11ae
399 2768 549 2800 innatum
572 2763 641 2804 est,
669 2774 724 2806 per
744 2762 1015 2797 consuetudinem
1037 2773 1074 2796 ac
1103 2763 1196 2794 usum

326 2817 461 2864 populi.
488 2815 536 2848 lta
558 2813 710 2848 videmus
732 2814 853 2846 fastum
876 2823 946 2846 tum
958 2812 1011 2846 hic
1025 2811 1198 2850 Coloniae,

326 2869 384 2903 ubi
407 2879 424 2901 a
446 2876 580 2900 centum
603 2864 675 2908 plus
697 2863 807 2897 minus
834 2864 928 2896 annis
950 2862 1062 2896 floruit
1085 2862 1197 2905 lingua

328 2917 454 2962 belgica
473 2940 483 2955 ,
521 2912 714 2949 testantibus
742 2912 775 2947 id
800 2913 945 2956 antiquis
974 2911 1102 2956 picturis
1126 2934 1137 2950 ,
1162 2922 1198 2944 ac

328 2969 401 3003 aliis
421 2976 491 2999 tum
512 2963 650 3008 publicis
671 2988 681 3004 ,
712 2974 781 2997 tum
805 2963 937 3006 privatis
958 2962 1195 3002 instrumentis3

329 3030 401 3063 quae
413 3014 535 3056 modo,
563 3025 617 3058 per
638 3013 858 3055 frequentiora
876 3023 951 3046 cum
964 3011 1200 3055 superioribus,

330 3080 426 3113 quam
449 3076 524 3099 curn
560 3064 767 3098 inferioribus
789 3063 964 3097 Germanis
985 3061 1197 3100 commercia,

330 3131 389 3162 pro
410 3116 554 3152 maxima
577 3114 623 3147 sui
653 3126 741 3156 parte
760 3113 969 3158 degeneravit
992 3112 1026 3146 in
1051 3113 1200 3156 linguam

333 3169 529 3211 superiorem
545 3189 552 3196 .
579 3164 675 3198 Tum
694 3164 792 3199 etiam
815 3165 850 3198 in
871 3162 1016 3197 Civitate
1037 3174 1074 3196 ac
1086 3163 1200 3196 diaece-

333 3219 355 3250 si
377 3229 445 3250 mea
467 3214 606 3259 Yprenfi
621 3238 632 3254 ,
660 3213 714 3247 ubi
737 3213 860 3248 idioma
878 3214 1059 3247 francicum
1079 3212 1142 3254 jam
1156 3222 1199 3245 to·

334 3267 441 3300 taliter
463 3268 585 3300 versum
615 3262 660 3298 est
689 3264 723 3297 in
744 3264 969 3309 germanicum
992 3289 1003 3304 ‚
1042 3263 1103 3295 five
1125 3263 1201 3295 flan-

335 3316 460 3350 dricum
483 3338 493 3353 ,
529 3316 581 3350 cui
603 3315 764 3348 consonat
792 3314 922 3358 vulgata
953 3315 1010 3348 ista
1031 3311 1200 3357 prophetia

337 3366 539 3403 Horatiana.
784 3365 788 3368 “

439 3414 537 3446 Multa
553 3414 741 3456 renafhemur
756 3438 766 3456 ,
792 3426 860 3458 quae
882 3425 958 3448 nunc
979 3415 1128 3454 cecidere,
1159 3424 1202 3446 ca-

485 3463 611 3506 demque

883 129 1204 175 Disputat.

1280 129 1366 175 ΙΙΙ.
1441 130 1584 175 Dun.
1655 131 1736 178 lv.

1364 217 1445 258 ,ραι
1469 225 1547 248 nune
1560 212 1678 255 suntin
1701 214 1807 247 bonore
1817 213 1978 257 voeabula,
2005 226 2070 249 cum
2081 225 2132 247 vo·

1408 267 1449 298 let
1466 263 1537 308 usus
1553 289 1561 296 .

1312 326 1366 361 27.
1390 314 1455 347 Cui
1478 313 1656 358 prophetiae
1678 314 1776 348 fidem
1798 325 1835 348 ae
1846 315 2064 350 auctoritatem
2078 317 2133 349 tri-

1263 363 1368 398 buunt
1386 364 1480 407 Jura;
1509 363 1602 398 verba
1628 364 1717 398 enim
1729 377 1769 397 ex
1781 365 1954 398 communi
1967 368 2025 399 usu
2037 366 2134 399 intel-

1264 413 1394 459 ligenda
1407 414 1479 449 sunt
1493 439 1504 455 ,
1530 426 1598 459 cap.
1611 426 1649 448 ex
1661 416 1755 448 literis
1767 439 1777 454 ‚
1793 412 2018 458 desponsalibus
2032 428 2039 448 :
2062 427 2133 449 non

1260 465 1349 497 enim
1367 475 1408 498 ex
1428 464 1642 508 opinionibus
1666 462 1867 509 singulorum
1884 490 1893 504 ,
1921 462 1973 497 sed
1993 475 2134 498 excom·

1261 514 1352 547 muni
1374 515 1433 548 usu
1456 516 1594 549 nomina
1615 515 1760 549 exaudiri
1781 513 1900 548 debent
1916 538 1926 553 ,
1945 513 1985 558 ff
2008 515 2045 547 de
2062 513 2133 556 sup.

1259 564 1460 608 leg.l.labeo;
1487 563 1691 598 consuetudo
1719 576 1862 609 namque
1883 565 1927 598 est
1950 564 2079 607 optima
2091 565 2135 597 le·

1260 626 1339 658 gum
1363 615 1396 648 ἀ
1416 614 1587 649 verborum
1600 616 1778 658 interpres,
1803 626 1870 659 cap.
1886 626 1950 648 cum
1961 614 2084 648 dileaus
2096 616 2134 647 de

1260 663 1371 707 consuet
1395 666 1428 698 (5
1431 664 1469 706 ff.
1487 667 1523 699 de
1533 666 1620 709 legat.
1628 663 1659 706 fi
1678 665 1715 698 de
1728 669 1988 707 interpretatione,
2014 664 2047 698 ἀ
2061 664 2134 707 plus

1261 716 1357 748 statur
1383 716 1476 755 usui,
1503 726 1601 759 quam
1625 714 1880 759 fignificationi;
1908 714 1941 748 id
1964 714 2008 748 est
2033 725 2133 757 quam

1261 766 1370 808 prima:
1391 766 1591 800 institutioni
1615 765 1703 798 vocis
1715 789 1726 806 ,
1749 763 1787 805 ffi
1799 765 1950 808 delegatis
1965 775 1993 812 3.
2008 774 2065 796 non
2076 765 2135 796 alt·

1259 825 1325 856 ter,
1354 815 1459 850 immo
1486 815 1586 850 statur
1596 814 1665 849 usui
1685 816 1775 849 vocis
1798 825 1911 849 contra
1923 814 2132 860 significatio·

1263 877 1336 899 nem
1361 867 1450 899 vocis
1462 892 1472 908 ‚
1495 865 1533 907 ff
1555 866 1591 899 de
1609 867 1699 913 leg.3.'
1717 871 1822 904 aaron,
1851 865 2132 907 inprincip.&ra-

1260 921 1301 948 tio
1319 915 1357 955 est
1381 929 1389 948 ε
1409 916 1483 959 quia
1504 916 1710 950 consuetudo
1730 926 1768 948 ac
1792 915 1865 949 usus
1889 915 2001 958 populi
2026 913 2132 957 potest

1261 966 1348 1010 leges
1364 965 1497 1000 alterare
1518 990 1529 1007 ‚
1555 965 1713 1011 derogare
1736 991 1748 1007 ,
1781 964 1938 1010 abrogare
1963 989 1974 1005 ‚
2001 964 2133 998 induce-

1259 1027 1314 1056 re,
1341 1016 1504 1060 &c.atqui
1529 1016 1692 1050 institutio
1714 1015 1795 1059 signi
1817 1013 1974 1049 arbitrarii
1985 1014 2029 1049 est
2043 1013 2132 1058 quast

1260 1066 1408 1109 quaedam
1430 1067 1503 1111 lex3
1529 1077 1608 1111 ergo
1633 1065 1687 1099 illa
1714 1076 1769 1108 per
1781 1062 2134 1099 usum&consuetudi-

1260 1126 1334 1149 nem
1359 1117 1473 1160 populi
1496 1116 1598 1160 potest
1612 1114 1739 1148 alterari
1761 1138 1772 1155 ,
1799 1115 1972 1160 derogari,
1998 1114 2134 1159 abroga-

1259 1165 1308 1204 ri,
1338 1167 1475 1205 variari,
1502 1164 1680 1200 acinduci.

1310 1213 1362 1251 28.
1392 1216 1523 1257 objicies
1551 1228 1562 1248 .·
1597 1215 1619 1248 si
1651 1214 1782 1248 testator
1799 1212 1920 1248 dixerit
1941 1212 2099 1258 legatario
2120 1236 2134 1255 ,

1259 1277 1325 1298 cum
1347 1264 1451 1298 bovem
1462 1266 1620 1310 legavero,
1646 1266 1684 1297 de
1706 1266 1783 1297 mulo
1801 1262 1950 1307 sentum:
1978 1264 1999 1297 si
2022 1262 2132 1307 postea

1259 1315 1412 1360 legaverit
1449 1315 1567 1350 bovem
1590 1339 1601 1356 ,
1636 1314 1772 1349 debetur
1794 1314 1901 1347 mulus
1923 1326 1932 1356 ;
1966 1313 1993 1347 is
2012 1313 2133 1357 quippe

1258 1367 1407 1400 censetur
1429 1365 1575 1410 legatus,
1601 1373 1637 1398 ut
1654 1364 1753 1398 t‘radit
1777 1363 1920 1405 Accursius
1942 1369 1974 1395 in
1996 1362 2083 1409 lib.4.
2095 1364 2132 1395 de

1256 1416 1346 1463 leg-1·
1373 1416 1538 1449 Bartholus
1554 1439 1565 1455 ‚
1591 1417 1623 1449 ὅτ
1647 1415 1760 1448 Paulus
1774 1415 1811 1448 de
1821 1412 2045 1454 castrotbidem.
2073 1416 2132 1445 Va-

1257 1470 1357 1499 conius
1371 1468 1392 1498 ἃ
1402 1470 1523 1498 Vacuna
1537 1466 1621 1500 lib-6.
1634 1466 1778 1498 declarat.
1786 1466 1870 1505 juris
1881 1487 1891 1502 ,
1918 1464 1949 1497 ὅ(
1964 1462 2132 1508 generali-

1260 1527 1305 1550 ter
1320 1516 1353 1549 in
1365 1517 1483 1559 quovis
1495 1517 1660 1549 contraslu
1674 1516 1736 1548 five
1748 1515 1893 1558 gratuito
1905 1537 1915 1552 ‚
1943 1513 2004 1547 five
2017 1517 2141 1546 onero·'

1259 1568 1316 1605 so,
1345 1566 1407 1599 five
1429 1566 1694 1604 intermortuos,
1720 1564 1876 1598 fiveinter
1888 1563 2005 1605 vivos;
2030 1562 2131 1596 etiam

1261 1617 1292 1649 in
1306 1617 1473 1650 contradiu
1497 1614 1720 1649 sacramentali
1744 1612 1969 1648 matrimonii:
1997 1611 2142 1656 quando'

1261 1665 1354 1700 verba
1377 1667 1450 1700 sunt
1470 1665 1571 1700 dubia
1596 1691 1606 1706 ,
1633 1677 1689 1699 aut
1713 1665 1748 1698 in
1770 1664 1861 1697 sensu
1883 1663 1997 1707 aliquo
2020 1662 2132 1696 alieno

1261 1717 1384 1759 sumpta
1400 1740 1411 1757 ,
1436 1715 1560 1750 attendi
1583 1714 1832 1750 deberintentio
1844 1711 2141 1753 contrahentium*

1260 1764 1338 1809 quid
1358 1765 1422 1800 illis
1445 1765 1547 1799 verbis
1560 1764 1734 1811 significari
1749 1764 1936 1797 voluerint:
1962 1763 2007 1795 ita
2021 1772 2056 1796 ut
2067 1771 2134 1795 ver-

1260 1815 1300 1850 ba
1311 1815 1522 1859 capianturin
1536 1815 1795 1861 significatione,
1824 1814 1858 1847 &
1871 1812 1962 1846 sensu
1976 1811 1995 1845 a
2005 1822 2134 1845 contra·

1259 1864 1414 1901 bentibus
1435 1866 1565 1901 intento
1578 1890 1588 1906 ,
1614 1863 1825 1908 quantum—vis
1835 1874 1876 1896 ex
1889 1862 2058 1895 communi
2073 1860 2141 1894 ho-¹

1259 1916 1386 1949 minum
1408 1917 1464 1950 usu
1479 1941 1489 1957 ,
1515 1926 1572 1950 aut
1596 1914 1744 1958 primaeva
1757 1912 2051 1950 suainstitutione,
2079 1908 2135 1944 ha·

1260 1965 1358 1999 beant
1375 1965 1646 2008 significationem
1658 1988 1668 2003 ,
1694 1975 1731 1997 ac
1744 1964 1871 1996 sensum
1883 1960 1978 2005 plane
1991 1960 2142 2002 disparat-²

1261 2026 1352 2057 ωιτη
1378 2025 1406 2046 v.
1419 2015 1484 2058 gli
1509 2011 1739 2048 contrahentes
1766 2012 1898 2052 dicant,
1923 2021 1998 2044 cum
2019 2009 2146 2044 dixero·¹

1261 2065 1348 2103 tibi,
1369 2063 1489 2097 baculus
1505 2063 1566 2103 stat
1587 2070 1619 2096 ln
1640 2064 1774 2106 angulos
1789 2062 1830 2095 de
1842 2060 2048 2095 consensuin
2061 2068 2142 2093 ων·

1261 2113 1474 2152 trimonium,
1505 2115 1732 2155 emptionem,
1758 2108 2133 2144 autiocationemintel-

1261 2162 1383 2206 ligam:
1413 2162 1434 2194 fi
1458 2162 1567 2205 postea
1591 2161 1647 2194 ista
1670 2161 1767 2194 verba
1789 2158 1975 2192 fibimutuo
1988 2158 2134 2201 protule-

1261 2213 1351 2252 rint,
1377 2211 1593 2245 censebuntur
1615 2210 1837 2245 contraxisse:
1867 2209 1907 2242 fic
1921 2207 2016 2242 tradit
2027 2209 2137 2240 Cardi-

1261 2262 1340 2295 nalxs
1354 2286 1364 2301 ,
1391 2270 1425 2293 m
1444 2270 1510 2303 cap.
1533 2273 1572 2294 ex
1586 2262 1681 2293 literis
1696 2270 1723 2294 1.
1739 2261 1774 2291 de
1782 2257 1884 2301 spons,
1894 2258 1926 2292 &
1939 2259 2054 2301 probat
2066 2267 2136 2290 tex-

1239 2309 1244 2380 ’ἰ
1261 2320 1312 2345 tus
1324 2318 1355 2343 in
1366 2310 1406 2343 lib
1418 2315 1473 2355 69.
1490 2322 1547 2343 non
1560 2312 1647 2343 aliter
1669 2311 1705 2342 de
1713 2310 1802 2356 leg-3·
1815 2309 1845 2341 A
1859 2308 1979 2350 quibus
1992 2318 2059 2341 non
2071 2306 2141 2340 dise

1240 2382 1243 2398 2
1261 2362 1353 2394 sonat
1373 2361 1461 2393 Rota
1481 2361 1564 2403 apud
1588 2358 1802 2401 seraphinum,
1828 2355 1997 2404 decifi689.
2016 2363 2133 2405 trum-2-

1239 2405 1244 2464 ᾗ
1261 2416 1338 2444 Cum
1363 2409 1504 2443 babemus
1526 2412 1640 2443 claram
1653 2409 1808 2442 verborum
1820 2406 2030 2450 dispositionem
2042 2431 2052 2446 ,
2075 2416 2137 2439 non

1240 2465 1243 2510 ξ
1261 2461 1298 2500 est
1310 2462 1398 2493 altrer
1408 2461 1448 2492 ab
1459 2473 1493 2493 ea
1504 2461 1698 2493 recedendum
1709 2483 1720 2498 ,
1747 2457 1804 2497 nili
1810 2458 1965 2496 certiffimis
1978 2467 2135 2501 argumen-

1239 2511 1244 2559 Ι
1262 2518 1300 2546 ris
1324 2510 1428 2550 constet
1449 2512 1486 2543 de
1494 2515 1646 2542 contraria
1659 2518 1754 2541 meme
1765 2506 2022 2540 contrahentium:
2050 2516 2132 2550 ergo

1241 2563 1244 2590 Ι
1262 2573 1316 2604 per
1327 2561 1436 2594 locum
1458 2562 1478 2592 ἃ
1485 2558 1572 2603 sensu
1583 2563 1751 2597 contrario,
1778 2556 1800 2589 fi
1820 2557 1860 2590 de
1871 2556 2032 2590 contraria
2046 2566 2135 2589 men-

1262 2622 1294 2646 te
1312 2610 1439 2644 constet
1460 2633 1471 2650 ,
1497 2610 1531 2643 &
1554 2610 1610 2652 ipfi
1636 2607 1834 2642 contrariam
1854 2607 1944 2640 suam
1965 2617 2133 2646 mentem,

1262 2671 1437 2700 antequam
1464 2658 1695 2694 contraherent
1721 2683 1731 2699 ,
1766 2657 2002 2700 explicaverint
2025 2680 2037 2696 ,
2062 2666 2134 2690 non

1263 2720 1392 2746 curatur
1411 2710 1494 2744 clara
1508 2734 1518 2750 ,
1542 2720 1578 2743 ac
1589 2708 1717 2752 publica
1732 2706 1902 2740 verborum
1914 2706 2132 2751 significatio:

1262 2763 1296 2796 Θ
1315 2767 1393 2793 ratio
1415 2762 1435 2792 ἃ
1451 2765 1547 2802 priori
1569 2759 1627 2800 est:
1655 2759 1731 2802 quia
1749 2757 1788 2790 ad
1814 2755 1956 2790 validum
1978 2768 2015 2791 ac
2031 2756 2144 2800 legiti·-

1263 2822 1353 2845 mum
1376 2812 1578 2844 contractum
1603 2819 1729 2843 tantum
1743 2806 2137 2850 requiriturinternicon-

1266 2862 1371 2903 sensus
1382 2871 1516 2894 externa
1536 2858 1711 2903 explicatio
1724 2868 1760 2890 ac
1774 2856 2015 2898 manifestati03
2042 2858 2147 2900 atqui'

1264 2909 1331 2945 haec
1353 2910 1533 2954 explicatio
1558 2921 1624 2943 non
1638 2907 1732 2942 debet
1763 2906 1831 2939 fieri
1854 2919 1908 2950 per
1918 2905 2137 2941 determinata.

1266 2961 1378 3003 verba;
1407 2960 1459 2995 sed
1483 2958 1655 3004 quodlibet
1679 2969 1826 2991 externo
1845 2958 1960 3001 signo,
1989 2955 2136 3000 verbgr.

1266 3023 1348 3045 nutu
1372 3035 1383 3051 ,
1411 3011 1575 3044 levatione
1596 3009 1694 3053 digiti
1714 3031 1725 3046 ‚
1750 3017 1843 3040 moru
1862 3007 1950 3040 oculi
1976 3028 1987 3044 ,
2013 3005 2064 3039 his
2084 3005 2136 3039 vel

1266 3063 1333 3095 istis
1352 3060 1454 3094 verbis
1475 3061 1544 3094 fieri
1573 3057 1675 3102 potest
1704 3081 1714 3097 ,
1739 3055 1983 3099 quibuscunque
2008 3065 2137 3089 contra-

1267 3113 1380 3146 hentes
1394 3121 1542 3145 mutuum
1564 3110 1655 3142 suurn
1669 3107 1858 3141 consensum
1874 3105 1930 3138 sibi
1946 3116 2065 3139 mutuo
2076 3116 2139 3139 ex·-

1267 3164 1387 3206 plicare
1408 3161 1590 3202 voluerint3
1619 3170 1674 3191 non
1700 3163 1777 3191 enim
1799 3156 1894 3189 verba
1905 3164 2055 3195 mentem,
2076 3155 2138 3198 sed

1267 3223 1350 3245 mens
1363 3222 1460 3253 regere
1474 3210 1566 3244 verba
1576 3210 1662 3243 debet
1674 3208 1766 3250 juxta
1782 3231 1791 3246 ‚
1804 3217 1862 3249 cap
1881 3206 2021 3238 humana
2032 3216 2137 3244 aures,

1268 3271 1322 3297 22-
1336 3261 1592 3307 quast.5.&cap.
1616 3259 1812 3301 intelligentia
1833 3263 1865 3288 in
1880 3256 1911 3291 6.
1926 3257 1963 3289 de
1983 3254 2095 3287 verbor.
2099 3254 2140 3296 fi*-

1263 3310 1378 3354 gnifica.
1393 3322 1431 3344 ex
1462 3310 1577 3354 quibus
1595 3307 1751 3342 omnibus
1763 3307 1898 3340 infertur
1909 3315 2138 3348 quemcunque

1269 3361 1436 3395 hominem
1461 3362 1619 3404 privatum
1644 3358 1729 3401 posse
1750 3358 1883 3390 alterare
1906 3379 1917 3395 ,
1952 3365 2076 3388 mutare
2098 3366 2138 3388 ac

1269 3411 1391 3444 variare
1412 3410 1602 3445 communia
1624 3409 1779 3442 idiomata
1800 3408 1864 3450 jam
1888 3404 2056 3443 instituta,
2084 3406 2138 3439 vel

1270 3461 1367 3497 etiam
1380 3461 1547 3497 instituere
1567 3470 1668 3494 nova.
1700 3458 1848 3492 Probatur
1862 3455 1925 3491 haec
1937 3453 2050 3539 conse}
2060 3454 2137 3497 quia

2008 3517 2018 3539 1
2044 3515 2088 3537 20·
