2384 3770
334 123 430 170 270
702 104 936 148 Dispur.
988 99 1115 146 XXI.
1155 95 1297 146 Dun-
1338 101 1426 149 111.
1461 101 1623 148 Suc-r.
1659 102 1716 147 11.

312 191 336 225 l'i
363 192 481 227 habeat
508 188 645 224 formale
670 190 891 235 significatum
917 188 936 224 a
962 188 1104 232 subjecto
1126 198 1192 222 rea·
1304 201 1361 239 32.
1386 195 1478 225 Ratio
1497 202 1562 235 ergo
1578 188 1819 231 fundamentalis
1836 213 1848 231 ,
1869 190 1903 224 ό·
1927 190 1946 222 ἃ
1966 189 2059 229 prior}
2081 181 2120 222 est

314 242 390 276 liter
415 240 590 284 separabile
611 251 619 272 ε
654 239 673 274 a
699 239 839 281 subjecto
867 249 984 283 potens
1025 238 1131 273 abesse
1157 239 1190 273 &
1252 240 1332 275 hac:
1359 242 1451 286 Quia
1475 240 1683 284 praedicatum
1706 239 1904 284 contingens
1935 237 2030 273 debet
2051 235 2121 268 esse

312 291 437 325 adeffe.
469 290 573 334 Atqui
600 289 665 324 tale
686 290 902 335 significatum
917 302 986 324 non
1013 290 1058 323 est
1087 287 1190 322 solnm
1252 293 1459 334 praedicatum
1473 290 1598 325 habens
1610 289 1830 334 fignificatum
1842 290 2045 323 reaum'cum
2060 286 2119 318 suo

312 339 395 374 illud
419 366 430 382 ‚
468 341 559 385 quod
599 339 811 386 distinguitur
847 340 974 374 realiter
1010 337 1189 381 adaequate3
1252 341 1393 385 subjecto
1413 343 1540 376 realiter
1560 340 1817 379 identificatam,
1842 349 1880 371 ac
1903 338 2120 382 fignificatum

310 390 366 424 sed
386 392 486 426 etiarn
501 389 585 426 illud
602 413 614 432 ,
639 392 729 435 quod
742 390 959 434 distinguitur
984 389 1189 423 realiterina-
1250 391 1385 426 formale
1406 391 1424 424 a
1448 392 1505 426 suo
1525 391 1666 433 subiesto
1690 389 1813 424 realiter
1836 386 2023 423 distinam-n
2037 402 2050 423 g
2076 399 2122 424 at.

312 440 457 485 daequate
485 467 497 483 ,
534 442 707 486 quomodo
745 439 904 483 distingui
931 439 1014 473 solet
1034 449 1142 473 totum
1170 439 1187 472 ὲ
1249 442 1306 485 qui
1334 440 1385 475 hae
1402 440 1472 475 duae
1493 439 1703 475 conditiones
1722 451 1789 474 non
1813 438 1935 472 cadunt
1957 438 1993 471 in
2016 439 2122 481 praedi-

310 500 400 533 parte
423 504 430 524 ε
474 502 554 537 ergo
581 491 788 536 praedicatum
818 492 1018 533 contingens
1045 500 1112 523 non
1139 488 1188 522 de·
1250 501 1360 527 catum
1374 489 1584 531 abstractum,
1605 490 1696 532 cujus
1709 490 1925 535 significatum
1940 489 2061 521 testum
2075 488 2122 521 est

312 540 368 576 bet
395 539 581 577 'necessario
621 540 736 575 habere
763 538 983 583 fignificatum
1010 538 1147 573 formale
1173 538 1188 571 ὲ
1251 543 1350 575 etiam
1374 539 1590 584 significatum
1616 539 1752 574 formale
1777 537 1925 573 :cadunt
1955 547 2063 572 tamen
2086 536 2123 570 in

313 591 458 634 subjecto
484 590 670 626 distinfium
697 587 887 632 adaequate3
915 589 967 622 sed
994 589 1072 623 satis
1097 586 1142 622 est
1169 588 1188 620 s1
1252 590 1454 634 praedicatum
1474 598 1664 624 concretum
1691 613 1702 628 ‚
1728 589 1816 632 cujus
1839 588 2057 633 significatum
2079 598 2124 621 re-

309 641 428 677 habeat
455 642 642 676 diffinitum
669 637 871 681 intidaequate
897 663 908 678 ²
934 638 1105 682 quomodo
1129 637 1190 671 dis·
1252 643 1337 675 &um
1351 639 1785 675 estaformalidistindium.
1814 639 1903 684 Ergo
1915 639 2123 682 praedicatum
2147 666 2151 671 .

310 692 423 737 tingui
452 692 535 726 solet
557 701 667 744 totum
694 689 712 722 ὲ
741 691 795 722 sua
824 697 913 732 parte
938 712 946 721 .
973 689 1087 735 Qare
1112 689 1188 721 sem·
1252 691 1450 734 contingens
1472 689 1587 734 nequit
1605 690 1671 723 esse
1689 687 1903 731 abstrae'tum3
1923 689 1975 723 sed
1997 688 2124 732 potest,

309 753 366 787 per
388 740 530 782 addam,
557 741 712 785 ‚Quomodo
732 738 871 783 distingui
886 737 960 781 solet
987 763 998 779 ,
1021 740 1080 772 &a
1109 748 1186 782 pate
1252 753 1288 775 ac
1300 740 1400 775 debet
1411 742 1480 774 esse
1492 739 1699 784 praedicatum
1721 747 1929 772 concretum.
1957 738 2000 772 V.
2013 749 2043 782 g.
2058 737 2122 772 hoc

308 804 344 828 re
369 791 472 836 potest
501 803 544 826 ex
569 792 630 828 iis,
654 801 724 832 quae
749 790 821 822 dixi
840 789 956 823 'statim
985 789 1096 831 supr&-
1254 801 1444 825 concretum
1460 814 1472 830 ,
1496 789 1603 823 Album
1621 789 1763 832 respec'tu
1783 787 1928 823 hominis
1940 788 1985 822 est
2010 787 2125 830 praedi-

365 851 417 890 30·
447 842 499 875 Ex
520 839 639 884 quibus
661 839 818 873 omnibus
841 840 909 872 erui
933 838 1035 882 potest
1057 837 1190 881 aliquod
1255 852 1363 875 catum
1384 841 1601 884 contingens:
1630 841 1706 883 quia
1726 838 1823 873 habet
1848 838 2065 883 significatum
2078 848 2126 871 re·

310 893 396 928 scitu
421 891 562 935 dignum
589 888 757 923 discrimen
778 889 939 933 praedicati
966 886 1191 932 contingentis
1255 894 1340 925 etum
1362 889 1763 930 hominiidentificatum,
1785 901 1822 923 ac
1834 888 2047 932 fignificatum
2060 889 2126 922 for-

313 943 334 978 ὶ
362 939 533 986 praedicato
561 939 756 980 necessario.
785 937 998 974 Praedicatum
1024 939 1113 972 enirn
1141 949 1192 972 ne·
1257 941 1340 975 male
1360 941 1401 975 ab
1425 940 1561 974 homine
1581 939 1710 974 realiter
1731 939 1919 974 distinrstum
1946 963 1953 970 .
1980 938 2027 973 At
2049 936 2124 972 verti

311 990 482 1026 cessarium
495 991 556 1024 effe
567 989 671 1032 potest
699 999 765 1023 tam
790 998 1001 1030 concretum,
1028 999 1125 1032 quam
1138 987 1189 1022 ab·
1258 990 1321 1025 hoc
1343 989 1534 1025 abstractum
1557 990 1664 1024 albedo
1689 1000 1758 1024 non
1783 989 1829 1024 est
1857 988 2003 1023 hominis
2017 988 2126 1031 praedi·

311 1041 486 1080 strastum,
513 1048 579 1074 tam
606 1039 800 1073 ²bstra‘stum
814 1062 825 1079 2
851 1051 951 1083 quam
980 1048 1186 1073 concretum:
1255 1052 1366 1076 catum
1387 1042 1607 1085 contingens;
1628 1039 1734 1073 immo
1747 1038 1815 1072 non'
1827 1038 1873 1072 est
1895 1039 2041 1073 hominis
2053 1050 2128 1082 prae-

311 1102 347 1126 at
372 1102 449 1125 vero
476 1090 684 1134 praedicatum
711 1090 910 1134 contingens
928 1088 1025 1124 debet
1053 1088 1175 1122 necessa
1256 1093 1418 1128 dicatum;
1449 1091 1525 1135 quia
1549 1101 1626 1124 cum
1647 1089 1864 1133 significatum
1883 1090 2005 1123 redium
2019 1087 2127 1122 homi-

310 1140 363 1176 rio
389 1141 453 1176 effe
478 1149 670 1175 concretum
685 1163 696 1180 ‚
722 1149 827 1183 neque
854 1140 926 1175 ullo
955 1137 1057 1173 modo
1075 1137 1192 1181 ‚potest
1255 1142 1289 1174 ni
1302 1141 1542 1175 identificatum
1555 1150 1622 1174 non
1647 1138 1787 1180 habeat,
1810 1149 1878 1173 non
1892 1138 1995 1182 potest
2016 1138 2057 1172 de
2071 1138 2128 1172 ho·

311 1193 381 1227 esse
408 1190 624 1226 abstranum.
655 1192 791 1223 Primum
810 1197 924 1232 patet.-
959 1189 1049 1235 Qia
1077 1198 1193 1222 omnes

311 1241 364 1276 hat
394 1239 656 1285 praedicationes.
684 1242 772 1272 Homo
787 1240 824 1280 est
836 1241 974 1278 animal,
997 1239 1079 1272 homo
1102 1237 1139 1279 est
1153 1243 1192 1271 ri-

305 1291 404 1335 fibilis
417 1316 428 1332 ,
453 1290 536 1325 bomo
561 1289 599 1330 est
623 1292 817 1324 rationalitas
844 1302 853 1332 ;
881 1290 1054 1323 humanitas
1080 1287 1118 1328 est
1141 1299 1193 1321 ra·

309 1343 489 1382 nonaum,
513 1340 687 1374 humanitas
713 1340 751 1381 est
776 1342 957 1374 animalitas
971 1364 981 1380 ,
1007 1339 1046 1379 est
1074 1336 1186 1379 risibili-

1255 1192 1346 1225 mine
1360 1191 1525 1235 praedicari
1542 1214 1553 1230 ‚
1566 1201 1626 1223 nec
1646 1190 1713 1224 esse
1723 1189 1791 1233 ejus
1802 1187 2032 1232 praedicatum;
2052 1199 2128 1232 prz-

1253 1242 1400 1276 dicatum
1424 1242 1515 1276 enirn
1536 1240 1582 1275 est
1607 1238 1689 1274 illud
1716 1263 1728 1282 ‚
1749 1239 1840 1284 quod
1868 1237 1973 1284 potest
1995 1237 2037 1273 de
2058 1238 2126 1273 alio

1254 1289 1428 1336 predicari.

1304 1352 1322 1389 3
1326 1350 1356 1387 3.
1390 1343 1522 1375 adverte
1538 1340 1687 1385 secunda.
1715 1341 1785 1376 Hic
1808 1351 1877 1375 non
1900 1341 1992 1384 posse
2013 1339 2127 1377 distin-

309 1400 388 1433 τη,
415 1392 471 1424 &a
499 1393 648 1431 Omnes,
674 1391 811 1433 inquam
838 1415 849 1431 ,
878 1389 927 1424 hae
952 1388 1195 1433 praedicationes

309 1443 388 1476 sunt
413 1440 660 1485 praedicationes
690 1450 767 1474 verae
789 1465 799 1480 ,
827 1451 864 1474 ac
894 1442 1075 1474 necessariae
1100 1450 1110 1481 3
1145 1449 1194 1472 ea-

309 1502 451 1535 rumque
479 1490 651 1535 praedicata
677 1491 752 1524 sunt
781 1490 949 1533 praedicata
980 1488 1055 1523 vere
1083 1490 1194 1523 neces⁶

308 1542 418 1582 saria,
444 1551 481 1575 ut
507 1540 629 1574 clarum
655 1539 721 1574 est.
745 1539 870 1583 Aliqua
884 1551 992 1573 tamen
1019 1541 1092 1573 sunt
1117 1550 1194 1572 con·

309 1601 420 1629 creta,
447 1590 558 1633 aliqua
583 1588 852 1622 suntabstrasta:
878 1589 959 1633 ergo
987 1589 1193 1631 praedicatum

310 1641 529 1676 necessarium
556 1636 776 1672 indifferenter
802 1638 870 1673 esse
897 1637 1003 1682 potest
1041 1638 1092 1672 vel
1117 1648 1194 1672 con-

308 1701 440 1726 cretum
457 1713 469 1729 ,
493 1687 545 1721 vel
571 1686 763 1721 abstractum
777 1713 786 1721 .

340 1749 417 1787 ·31.
446 1737 551 1786 Qod
579 1738 788 1781 praedicatum
817 1738 1017 1784 contingens
1042 1737 1195 1781 poffites-

313 1792 349 1826 se
369 1797 588 1829 concretum,
614 1788 734 1822 clarius
759 1788 825 1831 est,
855 1801 953 1834 quam
981 1799 1017 1821 ut
1032 1788 1191 1832 probetur.

354 1839 419 1874 uod
446 1838 522 1872 vero
542 1837 658 1871 debeat
682 1839 751 1872 esse
762 1850 979 1878 concretum,
1007 1849 1113 1879 neque
1125 1839 1194 1880 pos-

1252 1393 1311 1437 gui
1343 1393 1428 1427 inter
1451 1393 1518 1434 Effe
1541 1395 1736 1434 predicatum
1761 1392 1948 1434 necessarium
1974 1390 2023 1423 vel
2060 1399 2127 1422 con-

1254 1444 1372 1486 ringens
1385 1465 1395 1482 ,
1419 1443 1452 1476 Θ
1479 1443 1640 1482 Ρνςᾰίεανὶ
1666 1443 1817 1486 ntceffarib
1844 1440 1896 1475 vel
1911 1446 2128 1483 contingenter,

1254 1492 1331 1526 ficut
1355 1493 1447 1536 supra
1490 1491 1625 1525 distinxi
1660 1493 1745 1526 inter
1766 1491 1835 1534 Effe
1853 1491 2040 1532 predicatum
2058 1487 2128 1531 sub-

1249 1541 1390 1584 stantiale
1404 1565 1415 1582 ‚
1442 1542 1476 1575 ὀ*
1503 1543 1655 1582 predicari
1678 1541 1914 1584 substantialiter
1934 1562 1943 1572 .
1970 1539 2032 1572 Sed
2058 1538 2127 1572 haec

1254 1592 1321 1626 duo
1344 1593 1419 1626 sunt
1442 1590 1539 1633 plane
1559 1591 1791 1625 convertibilia
1813 1602 1851 1624 ac
1881 1588 2126 1623 coincidentia:

1259 1653 1361 1675 omne
1385 1640 1477 1674 enim
1505 1639 1712 1682 praedrcatum
1741 1639 1952 1674 necessarium
1989 1638 2129 1672 necessa·

1259 1690 1328 1732 rio,
1355 1699 1520 1733 omneque
1538 1690 1747 1732 praedicatum
1769 1689 1967 1734 contingens
1984 1688 2133 1732 praedica·

1259 1752 1311 1775 tur
1335 1741 1570 1785 contingenter
1593 1764 1601 1772 .
1629 1740 1680 1774 Ac
1712 1739 1732 1774 ὲ
1757 1738 1870 1774 contra
1904 1749 2005 1773 omne
2027 1737 2130 1778 illud,

1260 1791 1349 1835 quod
1373 1788 1551 1825 necessario
1565 1814 1576 1831 ‚
1598 1791 1650 1825 vel
1673 1790 1907 1834 contingenter
1930 1788 2128 1831 praedicatur,

1260 1841 1306 1875 est
1331 1842 1430 1876 etiam
1443 1840 1651 1885 praedicatum
1673 1837 1887 1875 necessarium
1900 1862 1910 1878 ‚
1928 1838 1977 1872 vel
1999 1837 2127 1871 contin·

1258 1902 1352 1936 gens.
1383 1895 1472 1924 Ratio
1501 1889 1594 1930 bajus
1623 1890 1686 1931 est:
1712 1890 1803 1937 Qia
1817 1887 1883 1922 haec
1895 1888 1962 1922 duo
1986 1887 2131 1929 Effeprg·

1259 1943 1395 1973 dicatum
1411 1941 1471 1973 tale
1485 1964 1496 1980 ,
1522 1941 1557 1972 <9
1583 1942 1699 1972 Taliter
1716 1939 1890 1982 predicari,
1917 1937 2130 1970 solummodo

1262 1990 1395 2034 possunt
1419 1988 1578 2033 distingui
1603 1990 1638 2023 in
1660 1988 1726 2022 istis
1751 1986 1942 2033 praedicatis‚
1966 1985 2000 2020 in
2013 1985 2131 2029 quibus

1260 2051 1304 2074 ex
1323 2040 1386 2074 alia
1419 2038 1615 2073 habitudine
1635 2038 1813 2073 desumitur
1836 2037 1919 2072 ratio
1941 2036 2125 2079 praedicati;

311 2099 394 2130 tur,
419 2089 471 2124 vel
499 2087 661 2131 praedicari
691 2089 795 2129 potest
823 2100 830 2118 ε
859 2086 948 2128 atqui
978 2085 1107 2118 nullum
1133 2086 1194 2119 ab·
1258 2100 1298 2122 ex
1319 2090 1381 2122 alia
1403 2089 1480 2122 vero
1504 2088 1587 2121 ratio
1603 2087 1856 2130 predicationis.
1885 2086 1975 2130 V.g.
1991 2086 2132 2120 dicimus

311 2141 467 2174 strassum
494 2137 609 2170 habere
623 2136 727 2178 potest
749 2135 889 2168 formale
915 2134 1133 2176 significatum
1147 2133 1193 2165 di·
1258 2138 1345 2170 aliud
1365 2137 1446 2179 quid
1464 2137 1530 2168 esse
1553 2136 1622 2177 Esse
1637 2138 1840 2176 predicatum
1858 2134 2056 2176 substantiale
2069 2159 2080 2175 ‚
2101 2146 2134 2168 a.

311 1890 353 1925 stt
377 1890 445 1923 esse
471 1887 688 1927 abstractum,
714 1888 813 1922 etiarn
824 1889 870 1923 est
900 1890 1042 1926 clarum;
1073 1891 1195 1929 Etpro-

313 1940 371 1975 bo:
395 1939 486 1987 Qia
499 1938 705 1981 praedicatum
715 1938 916 1982 contingens
926 1938 993 1970 esse
1014 1936 1111 1969 debet
1124 1947 1196 1978 prae-

309 1990 461 2025 dicatum
501 1986 623 2022 habens
650 1988 875 2032 significatum
902 1986 1042 2020 formale
1069 1986 1195 2020 realiter

313 2040 509 2075 distindum
536 2037 577 2072 ab
605 2037 664 2071 illo
692 2036 859 2081 subjesto,
885 2037 926 2071 de
952 2047 1018 2079 quo
1047 2036 1195 2079 praedica—

312 2188 467 2223 stinstum
495 2186 619 2219 realiter
633 2183 802 2226 &subjesto
817 2209 827 2224 ‚
854 2184 894 2217 de
907 2194 973 2226 ‘1⁰0
1002 2182 1104 2225 potest
1121 2193 1194 2225 prae·
1259 2187 1329 2221 liud
1354 2183 1430 2219 vero
1453 2185 1610 2225 Prfdicari
1626 2183 1860 2227 substantialiter
1874 2197 1886 2217 :
1911 2183 2000 2228 Quia
2013 2194 2054 2217 ex
2066 2184 2132 2218 alia

313 2238 442 2280 dicari;
469 2235 522 2270 sed
549 2235 612 2268 hoc
627 2233 701 2268 solis
714 2232 875 2272 concretis
903 2233 1115 2274 propriumne
1130 2233 1194 2274 spe·
1260 2234 1455 2269 habitudine
1487 2234 1669 2268 desumitur
1696 2239 1781 2268 ratio
1809 2231 1968 2276 praedicati
1991 2231 2135 2267 substan-

284 2280 399 2322 ⁴ciale
424 2285 492 2320 est:
518 2284 597 2328 ergo
624 2283 755 2316 nullum
782 2282 976 2315 abstmstum
1004 2279 1108 2323 Potest
1130 2282 1195 2315 esse
1259 2284 1343 2318 rialis
1364 2295 1372 2315 ε
1413 2294 1455 2317 ex
1476 2282 1541 2316 alia
1561 2283 1639 2316 vero
1661 2285 1746 2318 ratio
1779 2281 1997 2316 substantialis
2027 2280 2134 2324 praedi-

313 2336 520 2382 Pfaedimtu‘u
546 2333 746 2376 contingens
765 2343 779 2373 ἰ
799 2331 853 2365 sed
881 2331 1090 2374 praedicatum
1115 2343 1196 2365 con·
1259 2334 1420 2368 cationis.
1446 2332 1664 2367 Praedicatum
1699 2333 1821 2377 quippe
1842 2331 1964 2366 dicitur
1992 2331 2136 2365 substan-

314 2387 447 2431 tingens
475 2381 656 2418 necessario
674 2382 739 2415 esse
761 2381 859 2415 debet
872 2391 1082 2415 concretum.
1108 2381 1196 2414 Prob.

313 2443 387 2471 min.
402 2436 501 2476 Major
519 2438 601 2467 enim
625 2430 663 2471 est
689 2432 788 2465 clara:
815 2432 906 2478 Quia
933 2430 1062 2464 nullum
1077 2430 1189 2464 abstra-

316 2490 405 2522 stum
435 2484 554 2519 habere
584 2481 686 2526 potest
713 2481 935 2526 significatum
963 2483 1082 2514 testum
1109 2481 1194 2515 reali-

1258 2385 1336 2418 tiale
1363 2395 1406 2417 ex
1448 2381 1646 2429 habitudine
1680 2384 1729 2417 sui
1756 2384 1797 2416 ad
1838 2383 1929 2416 suum
1964 2382 2130 2426 fignifica-

1256 2446 1326 2471 tum
1341 2431 1481 2467 formale
1515 2444 1523 2463 :
1560 2431 1680 2467 dicitur
1716 2432 1793 2467 vero
1811 2432 1970 2475 praedicari
1990 2431 2133 2467 substan·
2168 2437 2171 2439 ’

1259 2484 1376 2518 tialiter
1399 2495 1439 2517 ex
1458 2481 1651 2517 habitudine
1672 2482 1881 2516 suiformalis
1902 2482 2074 2524 significati
2089 2481 2131 2515 ad

1258 2536 1350 2568 suum
1369 2533 1564 2575 subjeetum:
1594 2542 1630 2566 ut
1654 2532 1725 2565 dixi
1748 2532 1815 2564 dub.
1835 2532 1951 2572 preced.
1977 2530 2064 2574 Ergo
2077 2542 2134 2575 ge-

1259 2582 1407 2618 neraliter
1427 2582 1495 2615 haec
1517 2580 1608 2622 duo,
1632 2582 1700 2624 Effe
1717 2583 1907 2623 predicatum
1927 2581 1990 2613 tale
2006 2605 2016 2621 ,
2040 2581 2135 2614 &ta-

1258 2637 1327 2668 liter
1343 2633 1496 2675 predicari
1519 2631 1730 2666 solummodo
1749 2632 1883 2673 possunt
1915 2630 2076 2674 distingui
2097 2631 2131 2664 in

1260 2682 1462 2729 praedicatis,
1488 2682 1522 2715 in
1547 2680 1667 2724 quibus
1687 2681 1750 2714 alia
1773 2678 1932 2714 habitudo
1949 2680 2005 2714 dat
2030 2679 2134 2715 ratio-

1260 2745 1336 2768 nem
1357 2731 1519 2776 praedicati
1534 2743 1548 2772 ;
1568 2730 1633 2764 alia
1658 2729 1736 2765 ver&
1755 2730 1919 2764 rationem
1934 2729 2133 2772 praedicatio-

1261 2784 1310 2818 nis
1324 2807 1331 2815 .
1357 2783 1462 2826 Atqui
1475 2780 1683 2825 praedicatum
1704 2791 1772 2815 non
1785 2779 1903 2813 dicitur
1925 2791 1967 2814 ex
1990 2791 2055 2814 una
2079 2778 2136 2814 ha·

1261 2833 1413 2868 bitudine
1435 2832 1502 2866 esse
1525 2831 1748 2876 contingens,
1773 2829 1822 2863 vel
1847 2830 2084 2870 necessarium,
2098 2830 2134 2864 &

1260 2896 1302 2918 ex
1326 2883 1391 2918 alia
1411 2882 1666 2926 contingenter,
1689 2881 1742 2914 vel
1756 2880 1933 2914 necessario
1957 2877 2142 2924 praedica'rip

1261 2933 1315 2968 sed
1341 2933 1455 2968 eadem
1469 2932 1564 2975 plane
1586 2929 1807 2965 habitudodat
1831 2929 1880 2963 illi
1899 2930 2064 2964 rationem
2078 2941 2133 2963 ne·

1261 2982 1385 3019 cessarii
1405 2982 1459 3016 vel
1481 2979 1708 3026 contingentis
1730 2979 1890 3024 praedicati
1906 3003 1917 3019 ,
1939 2980 1971 3013 δε
1994 2980 2131 3012 necessa.

1261 3035 1312 3068 riae
1333 3033 1386 3068 vel
1407 3030 1634 3075 contingentis
1656 3029 1893 3075 praedicationis
1912 3053 1919 3061 .
1955 3028 2043 3071 Ergo
2077 3027 2132 3063 hic

315 2546 364 2572 ter
389 2536 579 2570 distinstum
605 2533 624 2566 a
651 2531 819 2576 tubjecto,
848 2530 969 2574 dequo
996 2530 1194 2573 praedicatur:

314 2598 354 2622 ut
380 2586 470 2621 enim
499 2585 584 2617 infra
609 2581 716 2616 dicam
743 2580 915 2624 pluribus,
942 2580 976 2613 in
1003 2582 1095 2615 omni
1124 2593 1195 2624 prae.

315 2636 487 2672 dicatione
511 2632 707 2668 affirmativa
730 2630 936 2674 praedicatum
963 2632 997 2665 ὅ(
1017 2631 1194 2674 subjeetum

314 2684 514 2722 identificari
537 2681 662 2722 debent
688 2682 815 2717 realiter
859 2682 893 2715 in
921 2681 983 2718 suis
1010 2681 1195 2726 significatis

317 2724 430 2771 restis.
460 2729 550 2781 Ergb
574 2734 674 2768 etiam
703 2732 832 2767 nullum
859 2730 1048 2765 abstractum
1077 2731 1196 2766 habere

315 2786 422 2831 potest
451 2782 673 2851 significatum
701 2781 863 2822 formale,
890 2783 943 2815 seu
964 2781 1194 2825 principaledi·

315 2838 473 2871 mustum
502 2833 629 2868 realiter
654 2832 673 2866 a
700 2831 859 2875 subje6103
890 2832 932 2866 de
958 2843 1025 2875 quo
1048 2833 1196 2873 praedica·

315 2898 370 2922 tur
387 2912 394 2918 .
424 2881 596 2926 Patetcons.
624 2881 740 2930 Qia‚
766 2891 802 2916 ut
815 2881 908 2924 supra
921 2881 991 2916 dixi
1006 2879 1082 2923 dtsp.
1093 2882 1192 2916 2.dub.

319 2935 350 2974 8.
366 2939 400 2970 (α
413 2935 524 2979 disp.9.
540 2932 608 2967 dub.
621 2941 652 2967 2.
679 2933 712 2965 in
723 2942 804 2966 voce
815 2931 966 2966 abstraeia
978 2931 1194 2975 fignificatum

317 2987 457 3022 formale
474 3011 485 3027 ,
514 2985 567 3018 seu
584 2983 764 3026 principale
775 2994 843 3016 non
855 2982 900 3016 est
914 2981 1131 3026 significatum
1141 2981 1196 3017 ob-

316 3037 445 3082 liquum
470 3049 480 3079 ·,
507 3032 559 3069 sed
581 3033 626 3067 est
649 3032 716 3075 ejus
739 3031 956 3076 significatum
983 3031 1103 3065 testum
1123 3045 1130 3065 :
1161 3033 1195 3066 in

318 3086 383 3122 hoc
405 3086 524 3131 quippe
542 3085 629 3118 inter
645 3094 755 3117 caetera
772 3081 880 3116 differt
905 3092 973 3115 vox
1001 3081 1155 3117 abstracta
1178 3082 1196 3116 ὲ

319 3148 400 3171 voce
424 3144 602 3174 concreta,
628 3133 718 3177 quod
744 3132 778 3166 in
803 3143 883 3166 voce
903 3142 1056 3166 concreta
1075 3133 1197 3177 {ignifi-

321 3195 433 3220 eatum
460 3183 642 3230 principale
662 3182 927 3228 sitlignificatum
948 3180 1142 3225 obliquum3
1161 3184 1195 3216 in

1261 3082 1425 3128 distingui
1451 3082 1565 3125 nequit
1587 3082 1672 3115 inter
1697 3081 1763 3124 Effe
1783 3081 1982 3121 praedicatum
2015 3084 2131 3111 contin-

1257 3146 1333 3180 gens
1355 3134 1404 3167 vel
1429 3131 1650 3174 Necessarium,
1680 3133 1936 3173 &contingenter
1966 3127 2015 3161 vel
2040 3126 2135 3171 neces-

1258 3183 1529 3228 saribpraedicari.
1557 3181 1726 3215 Prob.mm.
1750 3179 1840 3226 Qia
1865 3178 2071 3221 praedicatum
2084 3180 2132 3213 di-

1263 3236 1346 3269 citur
1368 3232 1620 3276 contingenter,
1642 3231 1693 3265 vel
1712 3228 1891 3263 necessario
1916 3227 2076 3271 praedicari
2091 3239 2132 3262 ex

1266 3282 1458 3319 habitudine
1472 3283 1519 3315 sui
1540 3280 1711 3326 significati
1734 3279 1880 3313 formalis
1890 3277 1930 3312 ad
1943 3278 2132 3321 subjeetum,

1267 3334 1316 3369 uti
1342 3334 1387 3367 est
1411 3332 1553 3367 clarum.
1577 3329 1745 3365 Praedicari
1770 3329 1858 3364 enirn
1878 3327 2131 3371 contingenter,

1277 3385 1326 3418 vel
1349 3381 1526 3419 necessario
1547 3381 1591 3415 est
1618 3380 1832 3425 significatum
1871 3377 2003 3413 formale
2024 3376 2132 3421 praedi-

1279 3434 1344 3473 eati
1368 3434 1435 3471 esse
1456 3432 1583 3483 realiter
1603 3429 1811 3473 diffinitum,
1834 3429 1883 3466 vel
1905 3427 2031 3466 realiter
2042 3425 2131 3469 idenq

2042 3487 2080 3513 tt·

323 3235 476 3271 abstracta
506 3234 584 3269 vero
606 3232 651 3268 est
675 3232 897 3278 significatum
920 3233 1060 3266 renum.
1088 3234 1196 3277 Atqui

323 3285 530 3327 praedicatum
553 3283 747 3319 abstrastum
771 3283 884 3326 nequit
907 3281 1025 3317 habere
1044 3283 1197 3327 fignifica-

323 3344 396 3367 tum
419 3337 539 3368 testum
561 3329 750 3368 distinstum
762 3333 896 3366 realiter
920 3333 947 3366 ὲ·
965 3334 1024 3368 suo
1047 3333 1198 3377 subjecto:

323 3383 405 3429 ergo
434 3394 540 3422 neque
565 3384 669 3426 potest
699 3381 816 3417 habere
841 3382 1060 3427 fignificatum
1083 3385 1198 3420 forma-

325 3433 356 3467 le
382 3431 573 3468 distin-stum
601 3433 729 3470 realiter
754 3434 795 3470 ab
822 3433 895 3470 illo.
