2384 3770
383 88 483 135 280

697 85 1018 131 DtsPurAr.
1040 83 1178 131 XXI.
1215 82 1356 130 Dua.

1395 86 1476 132 VI.
1506 85 1568 132 SE
1584 100 1663 132 ετ.
1704 88 1781 137 lV.

332 184 455 208 vocum
470 175 546 205 Petr
552 182 588 204 us
603 194 613 211 ‚
629 167 671 204 ’ἃ
683 175 738 205 Hic
749 170 831 204 bomo
842 182 855 205 .-
881 171 971 206 Nam
996 182 1060 205 vox
1074 174 1128 206 Hic
1138 171 1220 204 bomo
1280 171 1395 215 pletae;
1423 183 1483 217 v-g.
1498 170 1547 206 hae
1557 198 1568 215 ,
1579 176 1686 207 Petrus
1700 174 1737 213 est
1748 175 1829 209 bomo
1840 199 1852 217 ‚
1865 177 1990 210 Faunus
2003 176 2040 215 est
2051 174 2154 218 bomo,

330 223 486 266 importat
510 222 614 255 solam
635 218 876 256 humanitatem
897 233 1047 256 unacum
1061 222 1219 256 haecceita-

330 282 384 314 τες
413 283 476 304 vox
489 271 570 306 vero
589 274 699 305 Petrus
713 282 823 316 praeter
836 271 902 306 haec
921 274 1078 317 importat
1087 282 1219 316 quoque

329 323 453 355 formas
475 322 630 365 partiales
648 322 818 371 organicas
838 347 848 363 ,
875 323 928 356 seu
956 324 1192 366 organeitatem
1207 346 1218 362 ‚

329 381 400 412 quae
411 371 456 405 est
469 371 549 415 quid
582 372 860 407 Petroessentiale
872 396 879 404 .
913 371 964 405 Ex
978 383 1046 415 quo
1058 373 1156 407 etiam
1168 383 1218 414 pa·

329 431 376 455 tet
399 420 456 455 has
483 422 730 465 praedicationes
742 447 753 464 ,
782 427 838 455 Hic
848 421 935 454 bomo
947 421 984 461 est
998 424 1108 456 Petrus
1124 446 1135 462 ‚
1161 432 1217 455 aut

328 474 440 505 Petrus
454 471 492 513 est
517 468 660 506 hie'homo
670 496 680 512 ‚
708 484 774 507 non
786 473 848 506 esse
862 470 1108 515 praedicationes
1122 472 1214 505 iden-

328 520 430 563 ticas;
458 521 512 556 sed
538 522 612 557 vere
634 523 785 557 formales
801 534 808 553 :
835 533 912 555 cum
938 532 1048 556 earum
1072 531 1214 557 extrema

328 582 397 605 non
410 572 471 607 sint
483 573 658 615 synonima
672 597 679 604 .
704 574 762 614 *De
775 581 841 615 quo
853 570 931 605 alibi
950 572 1045 606 latius
1056 597 1065 605 .

378 633 434 669 74,
459 623 635 662 Similiter,
665 621 754 665 quod
779 622 912 665 aliquod
928 621 1133 663 praedicatum
1147 624 1213 666 pos-

328 673 367 707 fit
381 673 443 707 esse
458 671 714 715 incompletum,
732 671 765 704 ἀ
779 681 883 704 tamen
900 672 1059 714 praedicari
1073 673 1213 714 comple

327 722 361 757 te
373 747 384 762 ‚
412 727 504 756 etiam
512 717 657 764 probatur
670 721 794 768 :wiQia
808 723 930 754 Animal
942 746 952 762 ,
978 728 1088 755 vivens
1099 746 1110 762 ,
1125 729 1212 754 ratio

327 773 396 806 nale
409 797 420 812 ,
446 774 505 807 &a
529 773 603 806 sunt
616 773 680 805 fine
693 772 796 805 dubio
808 773 978 814 praedicata
993 772 1211 815 incompleta.

325 822 420 866 atqui
443 832 572 857 tamen-
590 821 658 855 haec
675 822 860 864 -praedicara
894 822 1055 865 pra-dicari
1083 823 1211 865 possunt

325 872 491 915 complete
505 886 516 904 .·
543 872 588 905 ita
608 871 697 905 enim
723 872 939 914 praedicantur
959 873 991 905 in
1008 872 1057 905 his
1069 871 1207 915 pra-dica·

325 923 474 957 tionibus
491 945 502 961 ,
528 924 587 954 Hoc
610 929 721 962 'vivens
746 922 785 962 cst
812 928 947 963 vivens,
975 922 1026 955 boc
1047 923 1210 962 animales}

326 972 441 1005 animal
453 995 464 1012 ‚
476 970 526 1003 hoc
538 973 686 1004 rationale
698 970 735 1011 est
746 974 892 1006 rationale
905 997 911 1005 .
938 972 1026 1017 Ergo
1042 972 1142 1016 potest
1154 974 1210 1007 aii·

324 1019 414 1066 quod
439 1021 647 1064 praedicatum
670 1023 732 1055 esse
756 1022 992 1066 incompletum
1007 1048 1017 1063 ‚
1043 1024 1074 1057 δε
1101 1033 1208 1056 tamen

324 1071 488 1116 praedicari
500 1071 660 1115 complete
672 1096 679 1104 .
707 1075 829 1113 Minor,
859 1074 934 1107 licet
945 1073 1028 1107 clara
1039 1074 1075 1107 fit
1086 1096 1096 1111 ‚
1102 1073 1209 1115 proba-

324 1132 374 1157 tur
384 1130 487 1155 tamen
503 1134 510 1153 ι
535 1122 628 1168 Qia
641 1122 675 1155 in
689 1122 756 1156 istis
767 1122 1050 1166 praedicationibus
1064 1124 1207 1166 praedica-

324 1182 395 1207 tum
407 1173 567 1216 significat
587 1171 700 1206 omnia
713 1173 889 1208 essentialia
903 1198 913 1214 ‚
941 1185 1011 1218 quae
1026 1173 1207 1217 significan—

323 1231 378 1257 tur
397 1234 451 1265 pet
474 1222 669 1266 subjestum:
698 1234 733 1255 ut
757 1234 840 1265 patet
866 1223 1028 1257 intuenti.
1062 1223 1150 1268 Ergo
1174 1224 1207 1257 in

323 1273 393 1307 istis
406 1272 691 1315 praedicationibus
703 1274 910 1315 praedicatum
924 1273 1110 1316 praedicatur
1120 1285 1206 1308 com·

323 1321 431 1367 plere.
456 1324 551 1356 clara
568 1322 703 1364 similiter
715 1322 751 1363 est
763 1325 858 1362 major
871 1337 882 1357 .·
908 1325 999 1372 Qia
1027 1322 1084 1356 ista
1097 1324 1208 1358 omnia

323 1372 494 1417 praedicata
512 1375 584 1406 sunt
595 1374 634 1406 ad
641 1372 702 1407 huc
723 1373 931 1416 perfectibilia
944 1385 997 1417 per
1007 1373 1151 1416 aliquam
1162 1375 1200 1408 es

324 1422 495 1457 sentialem
509 1423 739 1466 perfectionem
762 1423 922 1467 Logicam
937 1437 948 1457 .-
975 1434 1012 1457 ut
1025 1424 1118 1458 facile
1127 1435 1199 1467 pate

324 1472 372 1507 bit
385 1474 601 1507 consideranti
615 1470 768 1507 haetenus
779 1472 862 1508 dista
875 1496 883 1504 -
912 1475 1000 1519 Ergo
1015 1475 1087 1508 sunt
1103 1474 1199 1518 praedr

322 1534 396 1557 cata
410 1523 609 1565 incompleta
622 1548 630 1556 ,
657 1524 762 1567 Atqui
774 1535 884 1558 tamen
899 1523 1110 1566 praedicantur
1120 1537 1195 1560 com

323 1573 412 1617 plere
433 1584 441 1605 ι
467 1584 546 1616 ergo
569 1572 669 1615 longe
681 1572 770 1605 aliud
781 1573 826 1606 est
842 1574 1005 1615 praedicari
1020 1575 1186 1616 complete

283 1634 286 1636 ·
321 1622 414 1657 aliud
428 1624 490 1656 efle
502 1620 707 1664 praedicatum
721 1623 924 1665 completum
939 1635 948 1665 ;
975 1623 1064 1657 aliud
1077 1626 1122 1658 est
1137 1636 1198 1668 prae

322 1672 424 1707 dicari
455 1670 654 1713 incomplete
671 1695 683 1712 ‚
720 1671 811 1705 aliud
843 1673 889 1706 est
919 1673 1125 1715 praedicatum
1153 1686 1207 1708 m-

322 1723 526 1764 completum
539 1745 548 1753 .

297 1769 300 1774 ’
375 1780 431 1818 57ῥ
458 1773 504 1804 Et
514 1777 593 1804 ratio
610 1773 631 1804 ἃ
647 1772 789 1814 ρνὶονίεβ
804 1784 811 1804 :

321 1822 409 1867 plete
428 1821 474 1855 est
502 1821 707 1864 praedicatum
729 1823 903 1866 importare
917 1845 928 1861 ,
954 1825 1006 1856 seu
1028 1821 1209 1867 significare

321 1872 437 1906 omnia
458 1871 638 1906 essentialia
659 1896 670 1912 ,
696 1872 1007 1916 quae-fignificantur
1034 1884 1088 1916 per
1111 1872 1197 1915 subJe

321 1925 436 1960 aum:
465 1921 539 1956 Effe
560 1920 636 1954 vero
658 1920 865 1964 praedicatum
874 1922 1133 1964 completumssest
1147 1924 1209 1956 esse

838 1772 929 1821 Qia
940 1773 1104 1817 praedicari
1117 1784 1193 1808 com

323 1973 527 2017 predicatum
539 1970 663 2006 habens
675 1973 767 2006 suum
781 1971 934 2005 ultimum
946 1970 1196 2005 eflentialocom

320 2023 525 2068 plementum
537 2045 548 2062 ‚
575 2022 629 2056 cui
645 2022 731 2055 nihil
744 2021 908 2056 essentiale
922 2022 1024 2063 potest
1039 2021 1114 2055 addi
1126 2045 1134 2053 .
1151 2021 1206 2055 At·

321 2075 380 2117 qui
395 2073 494 2117 longe
505 2073 594 2106 aliud
607 2073 651 2106 est
678 2073 887 2115 praedicatum
898 2072 959 2104 efl‘e
973 2071 1093 2104 ultimo
1104 2072 1201 2103 effen-

321 2123 445 2158 tialiter
468 2122 689 2164 completum3
716 2121 806 2153 aliud
828 2119 905 2151 νετὸ
927 2120 1205 2160 praedicatumrm-

322 2182 452 2216 portare
472 2171 585 2203 omnia
607 2169 787 2203 essentialia
802 2191 812 2207 ,
833 2179 903 2210 qua:
922 2168 1139 2209 importantur
1151 2177 1205 2210 per

321 2221 518 2264 subjectum:
551 2229 631 2263 ergo
642 2228 774 2261 quoque
788 2216 889 2261 longe
903 2217 992 2250 aliud
1003 2216 1048 2250 est
1061 2217 1123 2249 effe
1134 2227 1204 2258 prae-

321 2273 469 2306 dicatum
481 2269 683 2311 completum
698 2291 708 2306 ,
734 2265 822 2299 aliud
847 2266 1009 2307 praedicari
1022 2266 1203 2307 complete.

320 2322 480 2356 Similiter
508 2317 669 2360 praedicari
700 2314 900 2358 incomplexe
924 2315 968 2348 est
998 2315 1203 2357 praedicatum

319 2382 390 2405 non
403 2371 580 2412 importare
591 2366 705 2401 omnia
717 2365 893 2400 essentialia
909 2364 1060 2407 subjectu
1077 2365 1140 2398 effe
1154 2376 1192 2398 ve

322 2420 360 2454 ro
385 2419 593 2464 praedicatum
616 2416 855 2459 incompletum
868 2415 914 2449 est
926 2416 988 2449 esse
1002 2413 1203 2458 praedicatum

319 2482 390 2506 non
403 2470 525 2504 habens
537 2469 631 2501 suum
643 2466 797 2500 ultimum
811 2465 976 2499 essentiale
988 2477 1061 2499 corn
1068 2465 1190 2507 plemen

319 2531 414 2560 tum,
440 2519 494 2554 cui
515 2518 621 2551 adhuc
647 2515 772 2560 aliquid
797 2515 965 2550 essentiale
993 2515 1096 2558 potest
1109 2515 1203 2548 addi:

320 2571 412 2616 atqui
419 2568 489 2603 haec
500 2569 568 2602 duo
582 2569 656 2601 sunt
670 2564 772 2610 longe
786 2566 934 2599 diversa.-
949 2575 995 2598 ut
1012 2564 1106 2598 facile
1118 2576 1201 2607 pare-

320 2623 371 2656 bit
383 2620 440 2654 illa
451 2618 574 2653 attente
588 2617 824 2651 consideranti.
852 2615 941 2659 Ergo
954 2615 1205 2658 fimiliterlonge

322 2671 447 2705 diversa
457 2671 530 2703 sunt
543 2668 707 2712 praedicari
731 2666 952 2709 incomplexe,
977 2678 1014 2700 ac
1023 2666 1085 2698 esse
1099 2666 1201 2708 praedi

321 2730 433 2756 catum
459 2718 697 2762 incompletum
725 2741 732 2749 .
760 2715 859 2761 Qod
883 2716 973 2749 enim
1001 2715 1205 2759 praedicatum

322 2770 528 2813 completum
537 2793 554 2809 ,-
576 2768 625 2801 vel
637 2766 874 2809 incompletum
889 2767 926 2799 sit
938 2788 948 2803 ‚
958 2765 976 2798 ‘a
988 2767 1089 2808 seipso
1099 2765 1194 2799 habet

322 2820 422 2856 habet
443 2820 462 2853 a
489 2818 561 2854 solo
584 2819 642 2852 suo
653 2817 838 2861 significato
850 2816 1001 2849 formali.-
1029 2816 1118 2858 quod
1133 2826 1206 2849 vero

323 2869 488 2913 complete
499 2895 509 2911 ,
539 2868 588 2902 vel
600 2867 798 2911 incomplete
822 2866 1010 2910 praedicetur
1023 2890 1033 2905 ,
1057 2865 1152 2898 habet
1163 2877 1202 2898 ex

322 2920 440 2956 ordine
463 2922 496 2954 δε
526 2917 718 2953 habitudine
739 2919 783 2950 sui
806 2916 954 2950 formalis
977 2916 1150 2959 significati
1161 2915 1200 2948 ad

324 2971 503 3016 subjeetum
516 2988 524 3002 -.
551 2968 640 3004 Vide
653 2979 721 3012 quae
733 2968 803 3002 dixi
815 2967 885 3000 dub.
891 2977 922 3014 3.

508 3106 516 3120 s
557 3069 579 3103 S
605 3069 634 3103 E
661 3068 694 3102 C
719 3068 757 3102 T
781 3068 797 3101 1
821 3068 856 3101 O
892 3094 894 3097 .
918 3065 978 3100 IV.

503 3169 648 3215 Resolutio
667 3145 826 3212 propofitae*
843 3165 1009 3210 quaestionis
1022 3191 1030 3199 .

328 3271 385 3318 76.
415 3269 509 3354 R
523 3270 598 3315 Esp.
609 3273 643 3306 θ
655 3271 716 3303 dico
726 3271 843 3311 prima:
860 3266 1054 3301 Praedicatio
1065 3266 1196 3310 comple

327 3336 329 3338 ¹
539 3333 570 3356 ta
585 3332 652 3357 non
661 3321 706 3355 est
719 3320 786 3358 illa,
797 3329 865 3362 quae
877 3319 1006 3352 constat
1018 3317 1188 3361 praedicato

328 3367 447 3402 Multae
466 3371 582 3414 quippe
608 3369 850 3415 praedicationes
875 3368 1025 3402 constant
1038 3367 1206 3411 praedicato

330 3417 516 3464 completo,
541 3432 609 3464 quae
622 3433 690 3456 non
704 3423 779 3457 sunt
801 3419 996 3467 completa-2
1018 3418 1070 3454 sed
1084 3419 1208 3454 incom-

1280 233 1372 265 equus
1384 222 1422 263 est
1435 223 1569 264 brutum,
1583 228 1640 257 Leo
1653 223 1690 264 est
1700 223 1817 257 brutu'm
1827 248 1838 264 ,
1847 227 1902 259 &a
1912 226 1972 260 Hae
1982 250 1991 265 ,
2003 227 2154 270 inquam,

1277 273 1519 315 praedicationes
1529 277 1680 309 constant
1695 275 1865 317 praedicato
1875 276 2047 320 completo:
2061 276 2154 319 atqui

1275 332 1389 356 tamen
1402 334 1469 357 non
1485 326 1559 358 sunt
1575 325 1817 368 praedicationes
1827 325 2012 368 completae,
2039 327 2091 360 sed
2106 329 2154 360 in-

1277 372 1470 415 completae:
1496 384 1574 418 ergo
1601 375 1839 417 praedicationes
1850 374 2033 410 constantes
2044 376 2153 420 praedi-

1276 433 1352 455 cato
1375 421 1546 466 completo
1570 437 1638 459 non
1662 426 1736 459 sunt
1758 426 1881 468 semper
1891 424 2075 468 complet&
2098 426 2153 460 sed

1278 474 1350 505 sunt
1363 473 1562 516 quandoque
1586 475 1810 519 incompletae.
1840 477 1940 515 Major
1949 483 2037 517 patet
2048 486 2086 508 ex
2097 475 2153 509 ha-

1275 521 1375 554 evenus
1388 522 1497 555 dms
1490 534 1497 541 ·
1525 524 1636 571 Qua,
1662 536 1699 559 ut
1722 526 1907 569 praedicatio
1920 526 1957 558 sit
1966 524 2129 567 completa
2142 548 2156 566 ,

1275 572 1371 605 debet
1385 572 1592 629 praedicatum
1605 574 1674 617 ejus
1687 575 1848 617 praedicari
1860 573 2040 618 complete:
2056 573 2155 608 debet

1276 621 1482 679 praedicatum
1492 623 1559 666 ejus
1573 624 1751 666 importare
1762 627 1874 660 omnia
1884 625 2074 663 essentialia,
2085 635 2154 668 quae

1275 672 1490 715 importantur
1513 685 1567 716 per
1590 674 1788 716 subjectum.
1817 674 1952 719 Atqui’
1943 688 1976 709 in
2002 674 2070 708 istis
2082 685 2156 718 prae-

1275 722 1497 757 dicationibus
1509 723 1713 766 praedicatum
1738 735 1807 758 non
1817 725 1971 768 importat
1984 723 2095 759 omnia
2108 725 2155 757 es-

1276 772 1421 806 sentialia
1435 798 1446 814 ,
1472 784 1542 817 quae
1566 775 1784 817 importantur
1803 786 1857 818 per
1881 774 2074 818 subjeetum·
2066 798 2074 805 ·
2102 774 2154 807 uti

1273 824 1370 856 etiam
1391 834 1479 866 patet
1501 836 1543 859 ex
1563 822 1656 859 dietis
1674 850 1682 857 .
1713 825 1801 869 Ergo
1821 825 1886 858 istae
1910 823 2154 867 p'raedicationes

1276 884 1342 907 non
1358 874 1609 917 suntcompletae
1619 900 1631 914 ,
1658 875 1709 910 sed
1725 875 1933 918 incompleta
1946 898 1954 908 .
2142 890 2148 896 ·

1304 934 1381 971 ⁷77.
1411 924 1500 970 Qia
1517 928 1625 958 tamen
1652 926 1802 969 exempla
1826 926 1885 959 ista
1900 936 1968 959 non
1979 924 2082 959 solum
2093 924 2153 958 du·

1274 971 1326 1006 bia
1339 975 1414 1008 sunt
1427 992 1441 1014 ,κ
1463 974 1497 1008 δέ
1509 975 1685 1019 ambigua;
1715 977 1768 1010 sed
1778 977 1864 1021 apud
1885 976 2042 1019 quosdam
2053 977 2151 1008 etiam

1274 1023 1456 1066 paradoxa,
1473 1023 1611 1058 adduco
1633 1025 1696 1058 alia
1714 1034 1799 1060 certa
1815 1027 1898 1069 apud
1921 1035 2057 1060 omnes.
2085 1026 2152 1058 Ne-

1273 1084 1336 1117 que
1358 1074 1447 1108 enim
1472 1074 1588 1109 vetitas
1616 1074 1708 1117 hujus
1730 1075 1948 1110 conclusionis
1960 1075 2120 1119 dependet
2131 1073 2151 1108 ὲ

1275 1124 1408 1157 veritate
1421 1123 1554 1158 istorum
1569 1149 1580 1165 ,
1606 1136 1676 1168 quae
1689 1136 1724 1159 tu
1738 1125 1824 1159 forte
1834 1125 1936 1166 dicis,
1964 1126 2012 1159 vel
2023 1126 2152 1168 cogitas

1271 1173 1335 1206 esse
1345 1174 1507 1216 paradoxa
1522 1199 1530 1206 .
1553 1175 1614 1208 Hae
1627 1175 1868 1218 praedicationes
1881 1200 1891 1216 ,
1905 1183 1999 1214 Homo
2007 1174 2046 1214 est
2059 1182 2153 1208 mate·

1271 1228 1372 1256 natus
1385 1247 1395 1263 ,
1417 1223 1523 1264 Leoest
1537 1231 1714 1259 materiatus
1727 1250 1739 1266 ,
1752 1228 1807 1260 (σε.
1821 1227 1894 1260 sunt
1907 1224 2156 1268 praedicationes'

1273 1274 1500 1321 incompletae:
1527 1275 1563 1308 in
1586 1276 1651 1310 illis
1673 1278 1795 1319 quippe
1805 1275 2006 1319 praedicatum
2022 1286 2090 1308 non
2102 1275 2152 1308 di·

1271 1324 1315 1357 cit
1327 1326 1440 1358 omnia
1452 1326 1712 1370 effentialia,quae
1724 1327 1877 1360 dicuntur
1887 1337 1944 1370 per
1956 1325 2149 1368 subjectum·

1273 1373 1374 1416 Atqui
1389 1386 1498 1408 tamen
1517 1376 1668 1409 constant
1681 1376 1854 1419 praedicato
1866 1376 2032 1418 completo
2046 1388 2057 1408 :
2084 1377 2153 1407 Μύ-

1270 1430 1411 1457 teriatum
1425 1425 1546 1468 quippe
1564 1425 1609 1459 est
1632 1426 1704 1460 vere
1722 1426 1930 1470 pradicatum
1942 1423 2050 1469 logice
2061 1421 2154 1458 comw'
2215 1446 2217 1450 ι

1271 1474 1395 1518 pletum
1418 1499 1426 1506 .
1468 1476 1558 1518 Ergo
1591 1477 1720 1517 possunt
1741 1476 1983 1518 praedicationes
2005 1473 2153 1508 constare

1273 1525 1442 1567 praedicato
1463 1524 1632 1566 completo
1645 1549 1655 1565 ‚
1681 1526 1715 1559 &
1735 1536 1842 1559 tamen
1858 1537 1925 1559 non
1938 1525 2001 1559 esse
2010 1523 2154 1566 comple·-

1271 1584 1310 1607 tae
1325 1598 1334 1613 ‚
1348 1573 1399 1607 sed
1415 1575 1618 1616 incompletae
1629 1580 1638 1606 .·
1663 1575 1812 1608 Probatur
1823 1581 1917 1609 minor
1932 1574 2039 1621 :Qia
2048 1579 2152 1608 omne

1272 1623 1480 1667 praedicatum
1502 1623 1549 1658 est
1558 1625 1757 1667 completum
1772 1649 1784 1665 ,
1809 1625 1899 1667 cujus
1913 1623 2153 1667 formalefignie

1271 1673 1402 1705 ficatum
1425 1672 1471 1706 est
1499 1673 1701 1715 completum
1713 1688 1725 1708 .-
1751 1675 1842 1717 atqui
1867 1673 1931 1708 hoe
1942 1673 2151 1717 predicatum

1277 1725 1473 1755 materiatum
1496 1721 1594 1757 habet
1615 1724 1836 1767 significatum
1857 1723 1996 1759 formale
2006 1721 2151 1766 confi&

1271 1782 1342 1805 tum
1366 1785 1374 1805 :
1400 1783 1481 1816 ergo
1504 1773 1608 1816 ipsum
1633 1774 1678 1807 est
1703 1774 1911 1817 praedicatum
1933 1773 2151 1819 completurus

1274 1824 1365 1854 Patet
1375 1827 1493 1855 minor.-
1521 1823 1612 1869 Qia
1632 1824 1849 1868 significatum
1874 1823 1964 1857 istius
1986 1821 2150 1865 praedicati

1271 1871 1408 1906 formale
1417 1875 1463 1907 est
1476 1873 1610 1906 materia
1623 1884 1636 1908 ·,
1660 1874 1752 1918 atqui
1765 1873 1896 1907 materia
1909 1873 1955 1908 est
1969 1872 2048 1915 quid
2058 1882 2150 1905 com·

1273 1921 1416 1963 pletum:
1443 1932 1512 1956 non
1529 1921 1660 1964 quidem
1674 1922 1826 1966 pbyfice;
1852 1921 1905 1956 sed
1919 1921 2041 1965 logice.
2069 1921 2150 1955 Ma*

1272 1970 1349 2004 teria
1358 1970 1445 2004 enim
1457 1971 1574 2013 species
1585 1972 1697 2005 infima
1711 1971 1776 2006 est.
1771 1985 1779 1994 ·
1792 1973 1939 2005 materias
1950 1972 2073 2013 quippe
2083 1971 2150 2013 spe·

1271 2020 1321 2054 cie
1337 2020 1479 2055 diversas
1494 2022 1604 2064 putavi
1629 2023 1751 2064 semper
1763 2022 1826 2056 effe
1838 2021 1856 2055 ὲ
1868 2022 1998 2055 veritate
2009 2021 2149 2055 alienum

1271 2071 1392 2103 Omnis
1402 2080 1510 2104 autem
1532 2073 1646 2105 infima
1661 2073 1779 2114 species
1788 2072 1832 2105 est
1843 2072 2049 2114 praedicatum
2061 2069 2150 2114 logi*

1270 2119 1307 2151 ce
1320 2120 1543 2159 completum:
1570 2121 1718 2161 adeoque
1730 2122 1830 2153 etiarn
1842 2121 1974 2154 materia
1985 2120 2029 2153 est
2040 2119 2152 2162 praediq

1272 2177 1381 2200 catum
1401 2166 1510 2210 logice
1535 2168 1758 2210 completum:
1788 2169 1878 2212 Ergo
1905 2169 1989 2203 istud
2001 2168 2151 2210 praedica-

1271 2227 1342 2249 tum
1355 2220 1549 2249 materiatum
1561 2216 1658 2250 habet
1670 2218 1886 2261 significatum
1897 2218 2046 2258 formale,
2057 2216 2149 2269 qugd

1270 2266 1314 2299 est
1343 2266 1451 2308 logice
1475 2265 1699 2308 completum:
1724 2266 1872 2310 adeoque
1882 2267 1927 2301 ess
1940 2263 2148 2332 praedicatuuj

1270 2325 1348 2348 verae
1359 2315 1578 2358 completum

1321 2365 1376 2412 78
1404 2365 1621 2399 Praedicatio‘
1612 2377 1721 2411 itaque
1733 2345 1895 2410 completa
1909 2366 2041 2402 definiri
2051 2365 2149 2418 debet

1271 2415 1336 2450 hoc
1348 2415 1472 2449 modo.-
1500 2415 1692 2452 Praedicatio
1704 2417 1865 2460 compieta
1879 2419 1924 2452 est
1939 2418 2018 2458 illa,
2038 2419 2077 2453 in
2083 2429 2150 2460 qua

1271 2465 1474 2509 praedicatum
1488 2466 1529 2501 de
1541 2466 1678 2509 subiesto
1691 2468 1870 2510 predicatur
1880 2467 2045 2510 complete
2057 2492 2064 2498 .
2078 2467 2149 2507 Est,

1272 2519 1404 2560 inquam
1414 2541 1425 2556 ,
1453 2516 1508 2549 illa
1521 2541 1541 2561 ‚v
1558 2518 1594 2550 in
1606 2529 1667 2560 qua
1681 2517 1886 2560 praedicatum
1901 2518 2059 2560 significat
2072 2527 2148 2550 om-

1273 2567 1324 2599 nia
1335 2566 1534 2603 essentialia,
1560 2577 1632 2609 quae
1642 2566 1862 2610 significantur
1883 2577 1937 2609 per
1949 2566 2125 2608 subjeetum
2134 2576 2146 2599 ’.

1271 2616 1372 2651 Tales
1400 2616 1472 2648 sunt
1502 2614 1570 2648 bae:
1597 2618 1650 2649 Hic
1661 2615 1744 2648 homo
1764 2615 1801 2655 est
1813 2615 1919 2655 bomo,
1937 2615 1993 2648 >hic
2003 2615 2147 2663 σμικρᾷ

1271 2676 1360 2709 equus
1372 2688 1383 2704 ‚
1408 2664 1461 2699 hoc
1481 2675 1534 2698 ens
1545 2664 1592 2704 -est
1604 2676 1656 2698 ens
1670 2689 1681 2704 ‚
1709 2664 1898 2706 Bucephalus
1921 2665 1959 2705 est
1972 2674 2069 2707 equus
2076 2687 2098 2706 ‚2
2112 2666 2149 2705 ᾅ

1271 2714 1388 2749 similes
1397 2716 1487 2748 aliae.
1513 2715 1553 2747 ln
1565 2714 1722 2749 omnibus
1733 2714 1852 2758 quippe
1865 2715 2150 2761 illislpraedicaturn

1272 2764 1432 2810 significat
1453 2764 1568 2798 omnia
1587 2765 1764 2799 essentialia
1784 2789 1796 2806 ,
1824 2776 1895 2808 quae
1917 2765 2074 2799 dicuntur*
2094 2776 2150 2808 per

1276 2816 1469 2859 subjestum:
1498 2822 1534 2848 ut
1565 2815 1698 2858 planum
1721 2815 1764 2848 est
1785 2814 1983 2849 attendenti.
2010 2818 2098 2848 Ram
2109 2813 2149 2860 est

1270 2866 1356 2900 baec:
1387 2865 1478 2912 Qia
1499 2865 1640 2906 qualitas
1664 2864 1901 2908 praedicationis
1915 2865 2039 2899 desumi
2052 2864 2149 2904 debet

1272 2928 1313 2949 ex
1327 2914 1522 2949 habitudine
1532 2910 1693 2958 praedicati
1703 2913 1743 2949 ad
1759 2913 1952 2958 subjeetum:
1977 2914 2148 2956 adeoque,

1274 2976 1308 3000 ut
1317 2964 1500 3010 praedicatio
1511 2963 1639 2999 dicatur
1654 2964 1815 3008 completa
1828 2989 1838 3005 ‚
1865 2965 1915 2999 vel
1927 2964 2146 3007 incompleta,

1273 3028 1339 3051 non
1352 3016 1427 3049 satis
1436 3017 1480 3050 est
1497 3016 1704 3058 praedicatum
1715 3015 1781 3059 ejus
1791 3016 1853 3048 esse
1865 3015 2077 3057 completum3
2091 3013 2146 3049 sed

1273 3066 1367 3108 debet
1394 3064 1560 3108 complete
1583 3067 1680 3099 inesse
1699 3076 1736 3100 ac
1748 3065 1929 3108 praedicari.
1958 3062 2083 3102 Sicuti,
2109 3073 2147 3097 ut

1275 3117 1459 3158 praedicatio
1471 3116 1596 3149 dicatur
1607 3117 1667 3150 esse
1682 3114 1894 3150 substantialis
1905 3138 1916 3153 ,
1938 3114 1986 3146 vel
1998 3113 2147 3147 acciden-

1273 3166 1346 3201 talis
1357 3191 1368 3207 ,
1396 3178 1464 3200 non
1478 3167 1554 3199 satis
1566 3166 1611 3199 est
1641 3165 1843 3209 praedicatum
1853 3164 1922 3206 ejus
1932 3164 1993 3197 effe
2005 3161 2146 3197 substau-

1275 3218 1372 3256 nale,
1398 3217 1448 3250 vel
1462 3216 1678 3257 accidentale;
1707 3214 1760 3250 sed
1770 3212 2120 3248 debetsubstantialiter
2133 3236 2145 3252 ,

1276 3267 1326 3301 vel
1337 3265 1578 3302 accidentaliter
1593 3264 1772 3310 praedicari.
1792 3264 1846 3299 Ut
1857 3266 1948 3307 supra
1960 3263 2024 3296 dub.
2032 3275 2062 3301 2·
2074 3262 2144 3296 dixi

1278 3316 1390 3352 latius.

1329 3378 1384 3414 79.
1413 3365 1638 3410 Dicosecundb·
1664 3364 1820 3405 Similiter
1833 3362 2034 3409 praedicatio
2025 3372 2148 3401 incom-

1280 3417 1367 3465 pleta
1379 3428 1450 3457 non
1460 3417 1506 3454 est
1516 3417 1572 3454 illa
1582 3441 1595 3462 ‚
1622 3427 1691 3463 quae
1700 3415 1827 3452 constat
1838 3413 2150 3496 praedicatolincom-

1988 3475 2009 3509 p
2022 3473 2095 3498 eto·
2088 3487 2098 3505 ,
