2384 3770
63 391 144 438 Cap.
155 403 210 431 22·

65 702 123 737 Ad
144 700 167 735 l,
183 713 215 739 2.

62 754 180 796 Joann.

62 803 148 838 Cass.
168 813 196 836 c.

174 939 178 944 .
238 900 326 940 quit,
350 894 472 929 babitus
489 894 712 938 Christianiesse
723 897 834 930 dicitur
853 896 920 938 bic,
946 902 998 940 qui
1013 894 1113 940 secun-

186 998 191 1004 '
235 1001 333 1041 gitur.
346 998 427 1029 Sicut
439 1001 516 1030 enim
527 995 565 1036 est
573 996 653 1030 alius
660 995 779 1030 babitus
791 999 897 1030 militie
911 1021 923 1038 ,
936 999 977 1031 ali
982 1007 1017 1030 us
1028 998 1048 1030 5
1049 1008 1114 1030 ena-

76 1563 191 1638 ,μὶ

252 1996 457 2038 Apostolicae
480 2020 491 2035 ,
512 2008 581 2039 quae
603 1998 689 2039 apud
714 1999 836 2039 primos
857 1997 1063 2031 Christianos
1084 1998 1127 2030 vi-

122 2042 141 2070 (³
165 2045 172 2053 '
191 2047 202 2054 ’“
232 2049 233 2052 ’
253 2045 353 2089 guit,
370 2044 566 2088 disciplinae,
587 2048 746 2090 quoniam
770 2046 856 2088 apud
879 2058 995 2080 omnes
1017 2046 1129 2090 perdu-

85 2426 232 2461 Tertull.

83 2479 105 2511 l.
129 2477 169 2509 de

86 2525 167 2572 pall.
188 2537 216 2559 c.

86 2675 174 2721 Cap:
182 2675 215 2712 6.

91 2876 174 2921 Cap.
186 2885 217 2922 4.

93 3166 170 3225 Cap.
184 3167 215 3205 6.

214 1492 218 1512 3
245 1490 363 1538 reliqua
372 1500 444 1529 vita
463 1494 519 1538 sua
544 1508 646 1540 agere·
677 1498 795 1531 sivero
822 1510 908 1540 cum,
935 1504 987 1542 qui
1011 1499 1121 1542 religio-

135 1558 153 1573 ιι
241 1543 312 1589 sirm
330 1550 428 1586 vitam
446 1546 606 1589 profitetur
624 1571 636 1588 ,
673 1548 787 1581 viderit
812 1554 881 1591 quis
907 1550 959 1582 vel
988 1557 1124 1592 parvum

208 1837 229 1842 '⁸
247 1795 395 1837 inhonesto
415 1809 449 1831 ac
463 1799 612 1832 indecenti
636 1799 796 1839 custodiat.
824 1799 997 1834 Addamus
1010 1811 1071 1834 nos
1081 1810 1127 1832 ra-

173 1846 195 1876 Ξῖ
230 1843 233 1851 ’
248 1848 378 1881 tionem
390 1848 537 1890 tertiam,
563 1859 699 1892 eamque
711 1848 991 1884 fundamentalem
1003 1874 1011 1882 .
1030 1849 1126 1897 ·Qia

611 158 1568 223 SA-NcrnvAuousTle.

230 237 592 282 deaesanffimonialibus
611 243 819 279 reaedicunt
842 241 1029 279 Scholiasiae
1042 244 1105 278 Lo-

229 289 412 339 Ysspienses3
436 296 516 327 *Hinc
535 295 729 338 intelligimus
742 317 753 334 ,
779 304 838 328 nott
865 295 993 327 eundem
1017 295 1106 334 olim,

228 352 263 380 ut
279 345 405 387 quidam
425 345 529 378 volunt
541 368 552 385 ‚
576 342 843 384 sanc‘iimonialium
860 343 946 386 fuisse
958 341 1106 384 habitum,

229 400 283 438 qui
315 404 482 429 caeterorum
507 404 574 428 erat
604 393 840 438 Christianorum
863 419 869 426 .
906 393 1106 429 DistInstum

231 455 374 489 namque
393 443 541 483 habitum
556 442 641 486 apud
664 455 782 479 omnes
811 443 962 479 Eccleliae
995 455 1108 478 mona-

231 494 414 530 chosfuiffe
425 493 646 537 universaliter
668 494 841 536 ufitatum,
866 495 900 528 in
926 495 1046 538 regulis
1059 495 1107 528 fu·

233 544 297 580 sius
317 544 485 589 disputatis
511 541 611 577 tradit
632 543 799 589 eleganter
834 556 975 590 magnus
995 555 1108 578 mona-

232 594 373 640 chorum
382 593 478 637 ‚Pater
495 594 525 628 S.
539 593 674 628 Basilius
684 619 696 635 ‚
719 606 826 640 quem
841 594 1042 638 compendio
1052 595 1110 628 cit·

234 644 465 688 cumscriptum
491 644 604 679 audire
625 644 715 679 lubet
738 646 824 690 apud
855 645 1015 681 Alardum
1036 644 1101 678 Ga-

235 706 355 732 zaeum.
382 693 510 736 Bafilius
532 696 610 728 duas
631 701 763 728 rationes
786 698 891 729 reddit
911 721 923 736 ,
951 707 1003 730 cur
1029 696 1112 728 Reli-

232 742 304 791 giosi'
311 749 433 787 proprio
450 746 484 778 &⁸
502 746 649 786 peculiari
667 744 773 785 babitu
788 745 840 789 siu
863 747 941 787 veste
963 753 1090 779 utantur
1105 769 1113 777 .

237 798 326 830 Prior
346 794 382 834 ef}
394 801 417 836 ',
453 796 499 828 ad
516 793 728 839 designandam
745 802 900 839 propriam
919 796 1112 839 profeffionem

239 847 275 881 (9
290 845 419 887 statum,
439 843 491 887 seu
509 847 703 879 conditionem
714 851 811 879 vitae.
838 849 1020 881 ordinarius
1034 870 1046 886 ‚
1069 853 1114 879 in-

237 947 312 980 dum
330 945 505 989 prepfofitum
524 957 560 979 ac
575 945 771 988 profefflonem
793 949 856 987 ejus
878 955 968 989 aptus
1007 945 1115 979 intelli-

239 1051 314 1080 toris
324 1070 336 1087 ,
361 1058 399 1080 ex
412 1058 468 1088 quo
478 1048 652 1091 intelligitur
665 1048 718 1081 vel
729 1049 808 1089 quod
816 1047 864 1088 iste
874 1046 1032 1086 Senatores}
1045 1071 1056 1087 ‚
1066 1047 1117 1080 vel

240 1097 321 1140 quod
328 1095 379 1137 iste
397 1099 480 1130 miles
496 1109 504 1129 :
530 1101 580 1130 Ita
601 1103 693 1130 etiam
723 1097 882 1132 monachus
901 1098 1007 1132 babere
1031 1097 1116 1131 debet

239 1157 395 1191 congruum
401 1146 467 1189 suae
475 1147 636 1188 profeffioni
645 1148 853 1181 indumentum
864 1174 871 1180 .
899 1150 1002 1182 Altera
1017 1153 1095 1181 ratio
1106 1172 1115 1187 ‚

241 1205 276 1230 ut
286 1196 424 1239 Religiofi
436 1197 489 1230 vel
497 1203 591 1230 inviti
604 1207 742 1241 cogantur
755 1199 886 1243 religiosi
898 1205 1003 1233 vivere
1013 1223 1021 1230 .
1048 1200 1081 1230 si
1093 1209 1119 1230 e-

243 1252 318 1287 nim,
333 1252 448 1287 inquit,
473 1252 542 1288 quis
554 1249 660 1280 videat
670 1247 816 1281 hominem
829 1250 957 1291 aliquem
966 1247 1119 1292 obsi-urum

242 1296 404 1335 cadentem
413 1296 507 1327 alium
518 1305 572 1328 aut
586 1297 794 1330 verberantem
814 1298 933 1339 publice*
943 1324 955 1340 ,
980 1308 1035 1333 aut
1058 1306 1119 1331 tur-

237 1348 321 1387 piter
336 1346 571 1386 proclamantem
591 1370 603 1386 ‚
639 1355 693 1378 aut
720 1352 751 1378 in
777 1348 913 1381 tabernis
940 1356 1000 1381 aut·
1013 1352 1120 1392 ganeis

242 1403 398 1438 agentem,
431 1406 484 1429 nec
507 1395 680 1439 observabit
704 1398 825 1439 quidem
839 1396 944 1438 'facile
965 1396 1120 1441 istiusmodi

244 1443 393 1478 bominem
406 1447 468 1479 'vel
486 1446 606 1480 notabit
628 1470 640 1487 ‚
671 1445 769 1489 silens
793 1459 858 1481 eum
883 1446 1064 1489 consimiliter
1089 1452 1122 1480 in

245 1596 474 1638 aliquidcontra
494 1609 587 1639 quam
597 1597 730 1631 condecet
743 1597 846 1639 facere
859 1624 870 1640 ,
895 1597 1058 1641 observant
1068 1610 1124 1631 om-

246 1647 348 1688 nes&
361 1652 550 1689 2inorepant,
576 1650 611 1682 Θ
625 1649 671 1681 ad
694 1649 844 1691 religionis
871 1650 1060 1692 opprobrium
1071 1651 1123 1682 du-

246 1704 318 1739 cunt
336 1710 357 1727 a.
383 1700 487 1739 ltaque
506 1699 601 1731 veluti
621 1699 806 1743 poedagogus
843 1698 881 1738 est
917 1698 1123 1741 infirmioribus

248 1745 372 1781 habitus
396 1746 567 1791 religiosias,
594 1760 628 1782 ut
654 1754 747 1782 etiam
773 1754 889 1782 invitos
914 1761 961 1783 eos
987 1750 1025 1782 ab
1044 1758 1126 1791 opere

249 1897 375 1932 scilicet
402 1897 501 1932 ssatus
525 1899 712 1943 Religiosus
741 1900 786 1933 est
814 1901 924 1942 purior
950 1899 1124 1934 Domintci

249 1946 360 1992 gregis
382 1949 492 1990 portio
515 1972 526 1988 ‚
555 1948 724 1983 thesaurus
747 1960 886 1992 paterna:
908 1950 1067 1983 sanctitati
1090 1960 1127 1985 ac

252 2104 322 2133 rare
345 2105 414 2127 non
438 2094 550 2137 potuit
571 2119 581 2134 ‚
618 2096 731 2128 saltem
754 2095 840 2128 inter
861 2103 983 2137 paucos
1004 2097 1130 2128 conser-

253 2142 369 2178 vandae
390 2141 549 2176 divinitus
567 2142 747 2176 destinatus
767 2154 806 2177 ac
829 2152 1021 2186 praeparatus
1043 2166 1050 2175 .
1079 2143 1126 2176 In-

252 2203 303 2228 ter
313 2202 440 2227 caeteras
460 2192 558 2236 porro
578 2193 686 2235 primae
698 2190 1053 2238 Christianitatislegaes
1064 2203 1129 2227 erat

253 2242 400 2286 specialis
419 2254 457 2276 ac
476 2242 647 2277 distinstus
670 2241 822 2282 habitus,
840 2243 1019 2288 indignum
1041 2243 1131 2278 enirn

254 2291 443 2335 'judicabant
455 2316 465 2331 ‚
484 2302 522 2326 ut
539 2293 575 2326 in
594 2293 820 2326 consecratum
833 2294 909 2327 Deo
920 2305 1038 2337 corpus
1061 2293 1131 2327 dici

258 2342 383 2384 posset,
408 2340 534 2382 Vespillo
552 2363 563 2379 ,
585 2343 648 2374 leno
670 2366 682 2383 ,
704 2342 810 2381 lanista
833 2352 926 2376 tecum
947 2344 1131 2383 vestiuntur.

259 2390 446 2438 Qiainter
467 2389 679 2425 Christum&
699 2391 800 2426 Belial
823 2393 914 2427 nulla
937 2394 1133 2427 communio

260 2441 326 2480 est,
348 2439 447 2473 etiam
470 2439 579 2483 quoad
591 2440 709 2475 vestem
736 2440 890 2476 volebant
914 2443 932 2476 ὲ
952 2442 1133 2487 gentilibus

258 2489 449 2532 discrepare.
485 2489 685 2524 Communis
709 2491 786 2524 vero
803 2502 873 2526 tum
896 2493 1073 2536 gentilium
1086 2504 1134 2527 ve·

259 2540 315 2574 stis
336 2550 402 2575 erat
416 2549 513 2584 toga.
535 2540 628 2575 Hinc
648 2541 993 2577 enimTertullianus:
1019 2547 1134 2577 Etcer·

259 2591 348 2623 dones
367 2591 400 2623 (35
424 2596 520 2624 omnls
537 2592 741 2634 gladiatorum
757 2597 921 2636 ignominia
947 2602 1049 2638 togata
1067 2602 1135 2636 pro·

259 2642 391 2674 ducitur.
418 2640 507 2687 Quia
520 2652 637 2684 nempe
658 2653 695 2676 ea
705 2653 771 2677 erat
791 2643 1028 2687 generaliffima
1040 2644 1135 2678 vestis

260 2690 414 2725 Romana
436 2715 443 2723 .
471 2689 616 2725 Proinde
641 2691 820 2727 Christiani
854 2695 1045 2738 assumpsere
1070 2694 1135 2738 pal-

261 2741 342 2774 lium
356 2764 366 2779 ‚
386 2740 505 2773 vestem
515 2739 678 2774 humilem
691 2752 728 2775 ac
745 2741 1018 2788 philosophicam
1029 2769 1041 2785 ‚
1057 2756 1133 2778 con·

261 2801 374 2835 gruam
386 2788 501 2824 humili
516 2789 732 2834 philosophiae
745 2791 1008 2829 Christianorum
1020 2819 1027 2827 .
1042 2795 1136 2829 Hinc

261 2843 379 2874 iterum
404 2840 634 2875 Tertullianus
656 2867 662 2873 .
689 2844 786 2875 Enim
807 2847 878 2876 vero
895 2855 960 2877 cum
981 2844 1057 2877 hanc
1074 2851 1136 2886 pri·

261 2892 341 2924 mum
357 2889 540 2933 sapientiam
551 2890 657 2932 vestit,
683 2903 752 2933 quae
769 2895 932 2933 vamfftmis
952 2893 1134 2937 superstitio-

261 2940 348 2974 nibus
366 2946 485 2982 renuit,
507 2950 578 2974 tunc
597 2944 746 2982 certtffime?
775 2945 906 2985 pallium
921 2942 1013 2986 super
1036 2957 1135 2979 omnes

261 2996 392 3025 exuvias
413 2993 449 3025 (9
464 2993 569 3033 peplos
587 2992 710 3036 augusta
731 2993 818 3032 vellis
841 3018 852 3034 ‚
867 2992 1015 3037 superque
1037 3007 1135 3029 omnes

261 3046 361 3083 apices
373 3042 518 3075 &titulos
535 3040 621 3085 sacer
637 3040 787 3088 suggestus
798 3046 918 3077 deducit
927 3047 1038 3079 oculos.
1063 3048 1136 3079 Sua·

261 3093 335 3131 deo,
345 3102 480 3127 reverere
489 3091 625 3126 habitum
637 3117 649 3134 ,
678 3100 766 3128 unius
776 3100 896 3128 interim
906 3101 1012 3129 erroris
1029 3107 1137 3131 renun-

261 3147 419 3175 tiatorem.
449 3142 493 3176 Et
511 3141 615 3177 infra.
645 3147 753 3177 Gaude
763 3147 1136 3189 palliumoexultame-

262 3193 316 3234 lior
329 3194 399 3232 jam
418 3201 447 3225 te
460 3192 650 3236 Philosophia
671 3195 798 3238 dignata
819 3195 857 3235 est
869 3220 879 3235 ,
905 3208 944 3229 ex
966 3208 1021 3239 quo
1042 3196 1135 3232 chri-

258 3241 392 3283 stianum
414 3241 517 3282 vestire
536 3243 650 3285 caepijli
673 3269 679 3276 .
718 3245 826 3280 Vocat
851 3245 998 3281 habitum
1018 3249 1134 3282 erroris

263 3293 529 3339 renuntiatorem
547 3318 555 3326 .
593 3293 682 3340 Qia
720 3306 836 3339 nempe
862 3308 937 3331 cum
965 3299 1134 3333 renuncia·

263 3342 410 3377 tionibus
443 3344 480 3377 in
506 3343 669 3387 baptismo
703 3345 772 3380 fieri
799 3347 965 3381 consuetis
997 3350 1135 3383 assume-

264 3391 359 3426 batur
380 3416 387 3424 .
402 3392 495 3428 Hinc
516 3404 613 3429 enata
638 3393 707 3429 haec
724 3408 927 3441 paganorum
951 3398 986 3432 in
998 3398 1134 3434 Christi-

263 3453 347 3477 anos
358 3441 488 3477 distet-ia
502 3468 509 3476 .
535 3444 670 3487 Impolior
684 3447 718 3480 <ir
726 3459 841 3491 graecus
859 3447 897 3487 est
909 3472 917 3480 .
947 3451 994 3482 De
1012 3457 1081 3494 toga
1093 3449 1137 3482 ad

261 3494 406 3535 pallium.
433 3493 471 3529 Id
491 3494 559 3537 est,
577 3495 615 3531 ab
637 3507 709 3540 equo
729 3499 773 3531 ad
795 3498 924 3541 afinum.
953 3499 997 3534 Et
1009 3498 1054 3537 ita
1068 3498 1152 3546 qui-'

1949 173 2014 221 43

1169 242 1243 280 dem
1266 241 1352 284 fuit,
1373 242 1541 287 quousque
1560 252 1670 276 recens
1690 241 1833 279 Domini
1861 244 1994 290 sanguis
2010 244 2048 278 in

1174 292 1323 327 fidelium
1346 292 1502 328 cordibus
1521 291 1700 327 bulliebat.
1728 292 1776 328 At
1798 294 1973 338 postquam
1985 293 2050 338 ple·

1169 343 1286 378 nitudo
1309 344 1456 388 gentium
1478 343 1611 377 intravit
1635 365 1647 382 ,
1674 352 1781 383 neque
1806 345 1915 379 solum
1949 343 2050 380 stenae

1169 393 1260 434 caeli,
1285 394 1340 428 sed
1361 394 1463 428 etiam
1487 392 1601 427 Arenae
1623 391 1720 425 maris
1743 389 1968 436 Christianum
1990 405 2052 430 no·

1169 455 1244 478 men
1267 443 1502 487 assumpserunt
1523 443 1635 487 potius
1656 451 1755 488 quam
1777 452 1882 476 mores
1905 469 1916 485 ‚
1942 446 2053 479 fervor

1170 495 1227 528 ille
1244 493 1426 536 deferbuit;
1452 505 1554 528 omne
1576 493 1687 537 primae
1708 489 1974 529 Christianitatis
1994 505 2057 529 au·

1170 555 1244 578 rum
1264 544 1461 589 degenerare
1482 544 1575 588 caepit
1596 543 1631 577 in
1667 542 1805 578 scoriam
1826 564 1837 581 ,
1870 553 2053 589 purumque

1170 596 1288 629 vinum
1309 595 1436 629 misceri
1460 604 1570 636 aqua.
1609 592 1775 627 Attamen
1800 591 1934 635 reliquit
1959 595 2055 629 nobis

1172 645 1342 680 Dominus
1362 645 1468 678 semen
1490 656 1498 676 :
1517 643 1700 678 Suscitavit
1723 641 1896 688 religiosas
1918 653 2056 687 congre-

1159 696 1325 740 2gationes
1342 718 1353 736 ‚
1378 696 1413 729 in
1437 693 1556 738 quibus
1579 692 1773 737 Apostolica
1801 717 1812 733 ,
1837 703 2058 738 germaneque

1175 745 1364 780 Christiana
1385 744 1564 789 primorum
1589 742 1737 778 fidelium
1762 742 1831 778 vita
1853 767 1865 784 ,
1887 753 2058 787 tamquam

1177 797 1211 830 in
1235 796 1418 830 firmissimo
1441 807 1480 829 ae
1500 795 1702 838 sempiterno
1722 794 1809 828 risco
1825 818 1837 835 ,
1862 792 1988 838 integre
2003 806 2058 829 cu-

1177 847 1350 880 stodiretur
1366 870 1375 885 ,.
1416 845 1486 879 Hic
1501 846 1603 880 etiam
1634 843 1816 879 custoditur
1832 843 2003 879 distinctus
2023 855 2063 878 ac

1178 896 1324 940 specialis
1356 896 1492 931 amietos
1515 919 1526 937 ,
1554 904 1672 939 utpote
1697 905 1766 937 non
1791 894 1932 929 minima
1951 894 2064 937 portio

1178 947 1335 991 primaevae
1363 947 1495 990 pietatis
1516 970 1525 979 .
1563 945 1664 980 Hanc
1691 954 1778 990 ergo·
1793 954 1861 979 tam
1883 943 1981 979 bonis
2003 955 2067 978 an·-

1177 996 1288 1031 choris
1304 995 1500 1036 subnixam,
1526 1008 1564 1030 ac
1596 1007 1650 1039 pet
1670 1006 1785 1030 omnes
1809 995 1868 1030 sub
1897 994 1978 1030 caelo
2006 994 2069 1029 Ec·

1178 1046 1288 1082 clefias
1310 1046 1459 1079 usitatam
1479 1046 1753 1081 consuetudinem
1772 1046 1881 1081 noluit
1907 1044 2066 1091 Augusti·

1181 1109 1242 1132 nus
1263 1096 1304 1131 ab
1327 1095 1441 1130 Africa
1463 1095 1618 1130 exulare.

1384 1194 1664 1230 CAPUT
1715 1194 1885 1231 XVIII.

1345 1299 1392 1331 De
1419 1296 1571 1342 Augustini
1596 1297 1698 1340 caligis
1725 1307 1759 1330 ac
1785 1297 1910 1329 calceis.

1302 1347 1452 1382 Ideamus
1474 1359 1584 1391 nunc;
1611 1358 1710 1391 quem
1730 1347 1763 1381 &
1790 1347 1922 1390 qualem
1945 1346 2069 1381 vestem

1328 1397 1392 1432 suis
1412 1398 1565 1432 fratribus
1587 1396 1807 1441 praescripserit
1823 1422 1830 1428 .
1866 1396 1983 1431 Primo
2008 1398 2070 1431 ita·

1185 1460 1250 1493 que
1276 1447 1483 1493 Augustinus
1511 1448 1638 1482 inceffit
1666 1447 1874 1492 caligatusac
1887 1448 2068 1482 calceatus.

1189 1497 1347 1534 Testatur
1360 1498 1392 1532 id
1406 1498 1474 1542 ipse
1485 1523 1496 1539 ,
1522 1499 1601 1532 dum
1616 1498 1674 1532 suo
1686 1497 1810 1541 populo
1822 1496 1912 1532 hunc
1923 1499 1953 1533 S.
1968 1497 2066 1532 Lucae

1189 1551 1323 1589 locum,
1349 1548 1455 1582 Nolite
1471 1558 1595 1590 portare
1613 1546 1785 1590 sacculum,
1811 1558 1904 1590 neque
1938 1555 2067 1590 peram,
2089 1560 2171 1607 Cap·
2191 1572 2243 1600 10-

1189 1611 1283 1641 neque
1303 1599 1524 1639 calceamenta,
1547 1599 1582 1631 Θ
1605 1604 1752 1631 neminem
1771 1605 1826 1639 per
1849 1602 1937 1630 viam
1951 1596 2070 1638 saluta·

1189 1654 1296 1684 veritis
1310 1673 1321 1689 ‚
1343 1649 1482 1693 exponit
1504 1650 1538 1683 ὅ(
1550 1648 1633 1682 dicit
1646 1672 1653 1680 .
1680 1648 1890 1681 Calceamenta
1903 1649 1982 1690 quid
1986 1645 2071 1691 sunt3
2091 1665 2180 1700 germ

1192 1698 1537 1741 Calceamenta‚quibus
1554 1703 1666 1732 utImur
1679 1702 1778 1738 ,corIa
1788 1707 1966 1731 mortuorum
1986 1697 2072 1741 sunt,
2089 1724 2149 1761 4²·
2175 1691 2217 1750 de

1192 1751 1276 1783 nobis
1296 1755 1430 1793 tegmina
1453 1751 1571 1791 pedum
1595 1773 1602 1781 .
1630 1751 1690 1782 Per
1714 1748 1766 1781 hoc
1781 1760 1847 1792 ergo
1862 1748 2004 1787 jubemur
2027 1760 2072 1782 re·
2091 1767 2189 1800 sanst-

1193 1804 1329 1834 nunciare
1355 1805 1481 1833 mortuis
1502 1799 1638 1842 operibus
1662 1823 1671 1831 .
1709 1802 1767 1831 Hoc
1785 1805 1817 1831 in
1836 1798 1940 1842 figura
1961 1797 2071 1841 Moyses
2091 1827 2118 1849 c·
2140 1815 2178 1853 6·

1192 1849 1409 1885 admonebatur
1421 1874 1433 1890 ,
1460 1851 1579 1891 quando
1594 1853 1736 1882 Dominus
1757 1849 1879 1890 loquens
1892 1854 1956 1881 ait·
1984 1850 2073 1883 Solve

1192 1903 1393 1935 calceamenta
1415 1901 1453 1933 de
1469 1899 1603 1941 pedibus
1622 1905 1680 1931 tuis
1694 1922 1703 1937 ,
1728 1900 1806 1930 locus
1829 1903 1910 1931 enim
1927 1922 1939 1938 ,
1964 1903 1997 1931 in
2018 1911 2075 1941 quo

1189 1951 1252 1990 sias
1266 1974 1277 1989 ,
1302 1959 1384 1982 terra
1400 1948 1510 1989 sanda
1533 1948 1571 1987 est
1592 1971 1599 1979 .
1630 1947 1718 1990 ,Quid
1729 1949 1801 1987 jam
1830 1957 1915 1981 terra
1939 1946 2076 1990 sutilia,

1196 2010 1286 2042 quam
1299 2001 1357 2031 Dei
1369 1995 1516 2038 Ecclesia?
1543 2002 1580 2030 In
1591 1998 1643 2030 illa
1653 2009 1720 2040 ergo
1725 1996 1831 2036 stemus
1842 2023 1853 2038 ‚
1872 1999 2076 2033 calceamenta

1192 2049 1345 2092 solvamus
1358 2071 1369 2085 ,
1394 2047 1430 2077 id
1447 2046 1486 2085 est
1511 2070 1522 2085 ,
1544 2052 1668 2079 mortuis
1690 2047 1826 2087 operibus
1848 2055 2051 2083 renunciemus
2066 2075 2074 2084 .

1198 2101 1284 2129 Nam
1294 2097 1333 2128 de
1340 2094 1389 2126 bis
1401 2095 1731 2137 calceamentis,quibus
1741 2098 1864 2129 calceati
1873 2099 2078 2139 ambulamus,

1197 2143 1354 2188 consolatur
1364 2155 1410 2176 me
1435 2145 1517 2177 idem
1527 2143 1589 2187 ipse
1601 2148 1746 2177 Dominus
1757 2157 1841 2179 meus
1853 2171 1860 2178 .
1876 2150 1909 2180 Si
1922 2160 2002 2186 enim
2013 2149 2078 2193 ipse

1196 2196 1344 2229 calceatus
1370 2205 1429 2227 non
1449 2194 1513 2238 effer
1531 2219 1542 2234 ‚
1566 2206 1626 2227 non
1645 2196 1683 2228 de
1707 2195 1758 2227 illo
1770 2199 1804 2240 J
1807 2207 1918 2230 oannes
1941 2198 2078 2240 diceret,

1197 2250 1271 2278 Non
1286 2243 1354 2288 sum
1368 2244 1482 2287 dignus
1499 2242 1615 2287 solvere
1633 2250 1790 2288 corrigiam
1801 2247 2075 2283 calceamentorum.

1197 2299 1241 2329 Sit
1262 2306 1329 2339 ergo
1349 2293 1519 2328 obedientia
1531 2318 1542 2334 ,
1563 2305 1620 2327 non
1629 2293 1772 2336 surrepat
1786 2294 1922 2338 superba
1947 2300 2076 2333 duritia.

1199 2350 1264 2389 Ego
1278 2368 1288 2383 ,
1312 2349 1433 2387 inquit,
1459 2346 1662 2388 Evangelium
1671 2345 1778 2387 impleo
1790 2369 1800 2385 ,
1816 2352 1887 2388 quia
1910 2350 2076 2391 nudopede

1199 2395 1333 2428 ambulo.
1360 2397 1404 2426 Tu
1421 2402 1508 2435 potes
1530 2418 1541 2435 ,
1567 2405 1616 2438 ego
1637 2405 1695 2427 non
1711 2396 1840 2438 possum.
1870 2399 1964 2440 ,Quod
1988 2398 2080 2441 simul

1199 2450 1381 2488 accipimus,
1404 2443 1609 2483 custodiamus.
1639 2446 1791 2488 ,Quomodo
1805 2446 1952 2480 charitate
1972 2447 2078 2492 Ragre-

1198 2508 1285 2536 mus,
1311 2499 1439 2528 invicem
1451 2496 1633 2539 diligamus.
1663 2499 1704 2528 Ac
1723 2494 1760 2536 sic
1777 2495 1837 2538 fit,
1854 2503 1888 2530 ut
1909 2509 1959 2540 ego
1977 2509 2076 2532 amem

1192 2546 1408 2589 fortitudinem
1429 2553 1535 2585 tuam,
1556 2547 1590 2580 (ς’
1613 2553 1646 2579 tu
1662 2554 1762 2588 portes
1784 2546 1993 2588 infirmitatem
2017 2559 2077 2582 me-

1199 2609 1250 2629 am
1263 2621 1270 2628 .
1294 2597 1387 2639 ‚Quid
1408 2604 1508 2629 autem
1528 2595 1584 2629 tibi
1605 2596 1750 2638 videtur,
1770 2602 1823 2639 qui
1848 2609 1906 2631 non
1918 2603 1970 2631 vis
1989 2600 2079 2632 intel·

1198 2648 1288 2691 ligere
1300 2670 1311 2687 ‚
1321 2647 1567 2689 quemadmodum
1577 2645 1630 2685 ista
1640 2647 1724 2680 dit‘la
1731 2646 1794 2688 fint
1803 2671 1815 2687 ‚
1836 2649 1871 2682 (5*
1882 2654 1994 2692 cogeris
2000 2656 2076 2690 pra-

1199 2700 1238 2731 ve
1259 2695 1315 2739 ipfi
1332 2699 1458 2729 Domino
1477 2698 1676 2737 calumniari,
1700 2699 1738 2730 de
1756 2698 1859 2731 loculis
1878 2723 1889 2739 ‚
1913 2700 1949 2732 ὁ·
1969 2700 2078 2732 calcea-

1192 2751 1314 2781 ·mentis
1325 2771 1332 2779 .
1353 2744 1473 2782 scribit
1489 2746 1548 2781 ista
1569 2746 1776 2792 Augustinus
1790 2747 1962 2782 adversum
1976 2747 2072 2783 haere·

1199 2798 1243 2831 fin
1263 2798 1358 2831 istam
1380 2807 1459 2831 tunc
1480 2795 1588 2831 adhuc
1609 2798 1798 2838 viventem,
1821 2797 1863 2832 de
1876 2809 1940 2841 qua
1955 2799 2023 2841 ipse
2033 2797 2076 2833 ad

1200 2849 1231 2882 S.
1252 2847 1525 2894 Qodvultdeum
1539 2872 1549 2887 ,
1569 2847 1760 2882 Diaconum
1774 2847 1922 2882 Ecclefiae
1942 2847 2077 2883 Cartha-

1200 2898 1345 2943 ginenfis
1367 2923 1375 2930 .
1402 2897 1456 2938 Est
1473 2899 1535 2930 alia
1556 2896 1672 2938 haerefis
1695 2899 1784 2931 nudis
1805 2898 1933 2939 pedibus
1962 2896 2077 2940 semper
2095 2902 2175 2949 Cap,
2188 2900 2242 2942 68,

1202 2948 1445 2989 ambulantium,
1472 2959 1503 2982 eo
1524 2950 1603 2990 quod
1613 2951 1756 2981 Dominus
1776 2948 1889 2980 dixerit
1908 2948 1953 2981 ad
1963 2947 2077 2993 Moysen

1200 3001 1253 3033 vel
1273 3000 1319 3032 ad
1323 3002 1355 3043 J
1357 2997 1443 3042 osue,
1463 3000 1549 3032 Solve
1568 2998 1793 3031 calceamentum
1805 2999 1843 3031 de
1860 2998 1992 3040 pedibus
2004 3005 2077 3032 tuis.

1200 3053 1248 3083 Et
1272 3051 1352 3091 quod
1376 3047 1527 3092 Propheta
1551 3051 1580 3080 E
1583 3047 1667 3092 sq'as
1679 3050 1773 3081 nudis
1789 3048 2078 3092 pedibus-jussusfu-

1199 3099 1440 3135 critambulare.
1465 3100 1540 3132 Inde
1550 3110 1617 3142 ergo
1627 3098 1742 3139 baerefis
1754 3098 1813 3140 est,
1835 3104 1909 3141 quia
1927 3110 1984 3131 non
2003 3107 2077 3140 pro-

1195 3158 1266 3192 pter
1289 3155 1416 3192 corporis
1437 3147 1671 3191 afflicqionemfic
1691 3150 1849 3183 ambulant
1864 3173 1874 3190 ‚
1889 3147 1944 3191 sed
1953 3154 2023 3190 quia
2032 3156 2075 3183 te-

1193 3200 1337 3239 stimonia
1348 3204 1468 3233 Divina
1489 3194 1588 3232 taliter
1611 3200 1795 3244 intelligunt.
1825 3199 1915 3233 Bene
1927 3199 2076 3234 notanda

1197 3251 1242 3284 est
1266 3250 1335 3283 haec
1354 3249 1517 3284 clausula.
1546 3249 1684 3294 Propter
1705 3250 1851 3294 corporis
1876 3248 1999 3293 quippe
2021 3250 2072 3284 af-

1199 3301 1382 3334 fliffionem
1416 3300 1462 3334 ita
1485 3298 1679 3342 ambulare,
1709 3298 1966 3344 antiquissimum
1978 3309 2076 3344 atque

1199 3348 1428 3384 sanctissimum
1440 3348 1486 3383 est
1500 3373 1508 3382 .
1534 3351 1656 3394 Neque
1665 3351 1769 3385 solum
1782 3350 1800 3383 ὲ
1814 3347 1986 3384 monachis
1998 3375 2008 3391 ,
2021 3349 2075 3384 sed

1198 3401 1296 3434 etiam
1314 3400 1332 3433 ὲ
1352 3399 1554 3444 quibuslibet
1575 3401 1657 3434 olim
1681 3399 1880 3435 Christianis
1903 3401 2074 3435 ufitatum.

1201 3451 1266 3484 Pro
1285 3450 1457 3485 monachis
1477 3451 1567 3484 testis
1577 3450 1622 3484 est
1644 3450 1673 3484 S.
1686 3451 1942 3492 Hieronymus,
1963 3450 2077 3484 dicens

1197 3501 1346 3537 adversus
1369 3500 1583 3546 Jovinianum
1611 3499 1813 3538 monachum
1845 3501 2043 3546 Apossatam
2067 3511 2078 3533 ι

1933 3556 2028 3586 Antea
