<?xml version="1.0" encoding="UTF-8"?>
<!DOCTYPE html PUBLIC "-//W3C//DTD XHTML 1.0 Transitional//EN"
    "http://www.w3.org/TR/xhtml1/DTD/xhtml1-transitional.dtd">
<html xmlns="http://www.w3.org/1999/xhtml" xml:lang="en" lang="en">
 <head>
  <title>
</title>
<meta http-equiv="Content-Type" content="text/html;charset=utf-8" />
  <meta name='ocr-system' content='tesseract 3.04.00' />
  <meta name='ocr-capabilities' content='ocr_page ocr_carea ocr_par ocr_line ocrx_word'/>
</head>
<body>
  <div class='ocr_page' id='page_1' title='image "./operaomniastudio12lupuuoft/operaomniastudio12lupuuoft_0033.png"; bbox 0 0 2384 3770; ppageno 0'>
   <div class='ocr_carea' id='block_1_1' title="bbox 610 108 1141 154">
    <p class='ocr_par' dir='ltr' id='par_1_1' title="bbox 610 108 1141 154">
     <span class='ocr_line' id='line_1_1' title="bbox 610 108 1141 154; baseline -0.006 0"><span class='ocrx_word' id='word_1_1' title='bbox 610 109 946 154; x_wconf 73' lang='lat' dir='ltr'>SANcrt</span> <span class='ocrx_word' id='word_1_2' title='bbox 1032 108 1141 152; x_wconf 85' lang='lat' dir='ltr'>Au</span> 
     </span>
    </p>
   </div>
   <div class='ocr_carea' id='block_1_2' title="bbox 237 188 1147 236">
    <p class='ocr_par' dir='ltr' id='par_1_2' title="bbox 237 188 1147 236">
     <span class='ocr_line' id='line_1_2' title="bbox 237 188 1147 236; baseline -0.009 -6"><span class='ocrx_word' id='word_1_3' title='bbox 237 195 459 234; x_wconf 73' lang='lat' dir='ltr'>Theodorum</span> <span class='ocrx_word' id='word_1_4' title='bbox 472 192 670 230; x_wconf 82' lang='lat' dir='ltr'>Pontificem</span> <span class='ocrx_word' id='word_1_5' title='bbox 687 216 697 233; x_wconf 93' lang='lat'><strong>,</strong></span> <span class='ocrx_word' id='word_1_6' title='bbox 724 201 823 236; x_wconf 84' lang='lat' dir='ltr'>quam</span> <span class='ocrx_word' id='word_1_7' title='bbox 850 189 892 224; x_wconf 76' lang='lat' dir='ltr'>nd</span> <span class='ocrx_word' id='word_1_8' title='bbox 905 188 1124 223; x_wconf 80' lang='lat' dir='ltr'>Constantem</span> <span class='ocrx_word' id='word_1_9' title='bbox 1140 192 1147 206; x_wconf 79' lang='lat'><strong><em>⁹</em></strong></span> 
     </span>
    </p>
   </div>
   <div class='ocr_carea' id='block_1_3' title="bbox 76 239 1147 3229">
    <p class='ocr_par' dir='ltr' id='par_1_3' title="bbox 76 239 1147 3229">
     <span class='ocr_line' id='line_1_3' title="bbox 240 239 1126 290; baseline -0.008 -10"><span class='ocrx_word' id='word_1_10' title='bbox 240 246 428 290; x_wconf 80' lang='lat' dir='ltr'>Augustum</span> <span class='ocrx_word' id='word_1_11' title='bbox 453 244 592 287; x_wconf 85' lang='lat' dir='ltr'>reperies</span> <span class='ocrx_word' id='word_1_12' title='bbox 615 244 648 278; x_wconf 90' lang='lat' dir='ltr'>in</span> <span class='ocrx_word' id='word_1_13' title='bbox 672 241 830 280; x_wconf 74' lang='lat' dir='ltr'>Concilio</span> <span class='ocrx_word' id='word_1_14' title='bbox 847 239 1052 274; x_wconf 80' lang='lat' dir='ltr'>Lateranensi</span> <span class='ocrx_word' id='word_1_15' title='bbox 1068 240 1126 273; x_wconf 90' lang='lat' dir='ltr'>sub</span> 
     </span>
     <span class='ocr_line' id='line_1_4' title="bbox 237 288 1127 338; baseline -0.01 -7"><span class='ocrx_word' id='word_1_16' title='bbox 237 298 348 332; x_wconf 64' lang='lat' dir='ltr'>saneto</span> <span class='ocrx_word' id='word_1_17' title='bbox 370 295 519 330; x_wconf 80' lang='lat' dir='ltr'>Martino</span> <span class='ocrx_word' id='word_1_18' title='bbox 535 295 640 338; x_wconf 87' lang='lat' dir='ltr'>primo</span> <span class='ocrx_word' id='word_1_19' title='bbox 655 317 663 324; x_wconf 88' lang='lat'>.</span> <span class='ocrx_word' id='word_1_20' title='bbox 693 292 805 333; x_wconf 85' lang='lat' dir='ltr'>anue</span> <span class='ocrx_word' id='word_1_21' title='bbox 825 290 939 324; x_wconf 79' lang='lat' dir='ltr'>omnia</span> <span class='ocrx_word' id='word_1_22' title='bbox 963 288 1127 324; x_wconf 81' lang='lat' dir='ltr'>faciebant</span> 
     </span>
     <span class='ocr_line' id='line_1_5' title="bbox 239 340 1128 388; baseline -0.011 -7"><span class='ocrx_word' id='word_1_23' title='bbox 239 349 306 382; x_wconf 86' lang='lat' dir='ltr'>sine</span> <span class='ocrx_word' id='word_1_24' title='bbox 320 347 400 380; x_wconf 89' lang='lat' dir='ltr'>scitu</span> <span class='ocrx_word' id='word_1_25' title='bbox 415 345 567 388; x_wconf 79' lang='lat' dir='ltr'>Episcopi</span> <span class='ocrx_word' id='word_1_26' title='bbox 583 340 863 384; x_wconf 82' lang='lat' dir='ltr'>Carthaginenfis.</span> <span class='ocrx_word' id='word_1_27' title='bbox 892 340 1025 375; x_wconf 61' lang='lat' dir='ltr'>sandius</span> <span class='ocrx_word' id='word_1_28' title='bbox 1038 351 1128 375; x_wconf 84' lang='lat' dir='ltr'>nam·</span> 
     </span>
     <span class='ocr_line' id='line_1_6' title="bbox 238 389 1128 441; baseline -0.009 -10"><span class='ocrx_word' id='word_1_29' title='bbox 238 408 304 441; x_wconf 86' lang='lat' dir='ltr'>que</span> <span class='ocrx_word' id='word_1_30' title='bbox 324 395 530 440; x_wconf 82' lang='lat' dir='ltr'>Augustinus</span> <span class='ocrx_word' id='word_1_31' title='bbox 561 392 747 427; x_wconf 67' lang='lat' dir='ltr'>Traciorias</span> <span class='ocrx_word' id='word_1_32' title='bbox 775 389 930 433; x_wconf 84' lang='lat' dir='ltr'>Episcopi</span> <span class='ocrx_word' id='word_1_33' title='bbox 963 389 1128 424; x_wconf 64' lang='lat' dir='ltr'>Vifiorini</span> 
     </span>
     <span class='ocr_line' id='line_1_7' title="bbox 239 438 1128 492; baseline -0.012 -11"><span class='ocrx_word' id='word_1_34' title='bbox 239 448 362 482; x_wconf 76' lang='lat' dir='ltr'>litteras</span> <span class='ocrx_word' id='word_1_35' title='bbox 388 446 494 492; x_wconf 82' lang='lat' dir='ltr'>arguit</span> <span class='ocrx_word' id='word_1_36' title='bbox 532 441 706 476; x_wconf 80' lang='lat' dir='ltr'>dumtaxat</span> <span class='ocrx_word' id='word_1_37' title='bbox 744 440 785 474; x_wconf 89' lang='lat' dir='ltr'>de</span> <span class='ocrx_word' id='word_1_38' title='bbox 825 438 925 473; x_wconf 90' lang='lat' dir='ltr'>tribus</span> <span class='ocrx_word' id='word_1_39' title='bbox 950 462 957 470; x_wconf 89' lang='lat'><strong>.</strong></span> <span class='ocrx_word' id='word_1_40' title='bbox 993 438 1128 479; x_wconf 84' lang='lat' dir='ltr'>Primo,</span> 
     </span>
     <span class='ocr_line' id='line_1_8' title="bbox 238 489 1129 540; baseline -0.007 -10"><span class='ocrx_word' id='word_1_41' title='bbox 238 496 330 540; x_wconf 87' lang='lat' dir='ltr'>quod</span> <span class='ocrx_word' id='word_1_42' title='bbox 361 507 427 529; x_wconf 91' lang='lat' dir='ltr'>non</span> <span class='ocrx_word' id='word_1_43' title='bbox 455 491 643 527; x_wconf 81' lang='lat' dir='ltr'>constarent</span> <span class='ocrx_word' id='word_1_44' title='bbox 683 490 724 523; x_wconf 92' lang='lat' dir='ltr'>de</span> <span class='ocrx_word' id='word_1_45' title='bbox 763 490 932 525; x_wconf 83' lang='lat' dir='ltr'>scribentis</span> <span class='ocrx_word' id='word_1_46' title='bbox 960 489 1129 530; x_wconf 78' lang='lat' dir='ltr'>Primam,</span> 
     </span>
     <span class='ocr_line' id='line_1_9' title="bbox 238 539 1129 589; baseline -0.011 -9"><span class='ocrx_word' id='word_1_47' title='bbox 238 558 316 582; x_wconf 82' lang='lat' dir='ltr'>eum</span> <span class='ocrx_word' id='word_1_48' title='bbox 343 547 461 589; x_wconf 85' lang='lat' dir='ltr'>quippe</span> <span class='ocrx_word' id='word_1_49' title='bbox 486 543 586 577; x_wconf 84' lang='lat' dir='ltr'>etiam</span> <span class='ocrx_word' id='word_1_50' title='bbox 614 541 801 584; x_wconf 77' lang='lat' dir='ltr'>Xantippus</span> <span class='ocrx_word' id='word_1_51' title='bbox 826 541 920 574; x_wconf 86' lang='lat' dir='ltr'>suum</span> <span class='ocrx_word' id='word_1_52' title='bbox 948 539 1129 574; x_wconf 74' lang='lat' dir='ltr'>asserebat.</span> 
     </span>
     <span class='ocr_line' id='line_1_10' title="bbox 241 588 1130 636; baseline -0.011 -4"><span class='ocrx_word' id='word_1_53' title='bbox 241 595 416 633; x_wconf 80' lang='lat' dir='ltr'>Secundo,</span> <span class='ocrx_word' id='word_1_54' title='bbox 444 592 535 636; x_wconf 83' lang='lat' dir='ltr'>quod</span> <span class='ocrx_word' id='word_1_55' title='bbox 563 592 744 626; x_wconf 84' lang='lat' dir='ltr'>convocati</span> <span class='ocrx_word' id='word_1_56' title='bbox 771 588 812 624; x_wconf 81' lang='lat' dir='ltr'>ad</span> <span class='ocrx_word' id='word_1_57' title='bbox 839 588 1010 633; x_wconf 81' lang='lat' dir='ltr'>synodum</span> <span class='ocrx_word' id='word_1_58' title='bbox 1042 589 1130 633; x_wconf 87' lang='lat' dir='ltr'>Epis-</span> 
     </span>
     <span class='ocr_line' id='line_1_11' title="bbox 242 640 1127 689; baseline -0.01 -8"><span class='ocrx_word' id='word_1_59' title='bbox 242 647 318 689; x_wconf 89' lang='lat' dir='ltr'>copi</span> <span class='ocrx_word' id='word_1_60' title='bbox 351 655 417 678; x_wconf 90' lang='lat' dir='ltr'>non</span> <span class='ocrx_word' id='word_1_61' title='bbox 445 643 546 677; x_wconf 77' lang='lat' dir='ltr'>essent</span> <span class='ocrx_word' id='word_1_62' title='bbox 575 642 681 687; x_wconf 85' lang='lat' dir='ltr'>scripti</span> <span class='ocrx_word' id='word_1_63' title='bbox 710 641 863 685; x_wconf 84' lang='lat' dir='ltr'>legitimo</span> <span class='ocrx_word' id='word_1_64' title='bbox 877 640 1010 673; x_wconf 82' lang='lat' dir='ltr'>ordine.</span> <span class='ocrx_word' id='word_1_65' title='bbox 1039 640 1127 676; x_wconf 86' lang='lat' dir='ltr'>Tet-</span> 
     </span>
     <span class='ocr_line' id='line_1_12' title="bbox 242 690 1130 736; baseline -0.008 -7"><span class='ocrx_word' id='word_1_66' title='bbox 242 697 290 731; x_wconf 79' lang='lat' dir='ltr'>tio</span> <span class='ocrx_word' id='word_1_67' title='bbox 320 719 330 735; x_wconf 91' lang='lat'>‚</span> <span class='ocrx_word' id='word_1_68' title='bbox 357 694 443 736; x_wconf 88' lang='lat' dir='ltr'>quod</span> <span class='ocrx_word' id='word_1_69' title='bbox 472 703 668 727; x_wconf 79' lang='lat' dir='ltr'>convocaret</span> <span class='ocrx_word' id='word_1_70' title='bbox 695 693 793 726; x_wconf 83' lang='lat' dir='ltr'>etiam</span> <span class='ocrx_word' id='word_1_71' title='bbox 822 690 1030 726; x_wconf 67' lang='lat' dir='ltr'>Mauritaniae</span> <span class='ocrx_word' id='word_1_72' title='bbox 1043 690 1130 733; x_wconf 86' lang='lat' dir='ltr'>Epis·</span> 
     </span>
     <span class='ocr_line' id='line_1_13' title="bbox 240 740 1130 788; baseline -0.008 -9"><span class='ocrx_word' id='word_1_73' title='bbox 240 756 342 788; x_wconf 86' lang='lat' dir='ltr'>copos</span> <span class='ocrx_word' id='word_1_74' title='bbox 353 745 420 779; x_wconf 79' lang='lat' dir='ltr'>sine</span> <span class='ocrx_word' id='word_1_75' title='bbox 431 744 579 786; x_wconf 62' lang='lat' dir='ltr'>adjuncta</span> <span class='ocrx_word' id='word_1_76' title='bbox 594 742 785 777; x_wconf 67' lang='lat' dir='ltr'>auctoritate</span> <span class='ocrx_word' id='word_1_77' title='bbox 795 751 832 775; x_wconf 88' lang='lat' dir='ltr'>ac</span> <span class='ocrx_word' id='word_1_78' title='bbox 846 740 983 774; x_wconf 89' lang='lat' dir='ltr'>nomine</span> <span class='ocrx_word' id='word_1_79' title='bbox 998 740 1130 775; x_wconf 87' lang='lat' dir='ltr'>istorum</span> 
     </span>
     <span class='ocr_line' id='line_1_14' title="bbox 243 789 1133 836; baseline -0.007 -8"><span class='ocrx_word' id='word_1_80' title='bbox 243 795 448 832; x_wconf 83' lang='lat' dir='ltr'>Primatum.</span> <span class='ocrx_word' id='word_1_81' title='bbox 490 794 542 829; x_wconf 88' lang='lat' dir='ltr'>De</span> <span class='ocrx_word' id='word_1_82' title='bbox 585 792 734 836; x_wconf 86' lang='lat' dir='ltr'>Episcopi</span> <span class='ocrx_word' id='word_1_83' title='bbox 762 801 870 825; x_wconf 81' lang='lat' dir='ltr'>autem</span> <span class='ocrx_word' id='word_1_84' title='bbox 896 789 1133 834; x_wconf 87' lang='lat' dir='ltr'>Carthaginen-</span> 
     </span>
     <span class='ocr_line' id='line_1_15' title="bbox 242 839 1134 886; baseline -0.007 -7"><span class='ocrx_word' id='word_1_85' title='bbox 242 848 279 880; x_wconf 80' lang='lat' dir='ltr'>iis</span> <span class='ocrx_word' id='word_1_86' title='bbox 309 846 467 885; x_wconf 86' lang='lat' dir='ltr'>nomine,</span> <span class='ocrx_word' id='word_1_87' title='bbox 505 843 593 886; x_wconf 92' lang='lat' dir='ltr'>quod</span> <span class='ocrx_word' id='word_1_88' title='bbox 621 851 867 877; x_wconf 77' lang='lat' dir='ltr'>tamencertum</span> <span class='ocrx_word' id='word_1_89' title='bbox 905 840 950 875; x_wconf 89' lang='lat' dir='ltr'>est</span> <span class='ocrx_word' id='word_1_90' title='bbox 978 839 1134 882; x_wconf 78' lang='lat' dir='ltr'>defuifle,</span> 
     </span>
     <span class='ocr_line' id='line_1_16' title="bbox 249 891 1130 936; baseline -0.009 -6"><span class='ocrx_word' id='word_1_91' title='bbox 249 907 341 930; x_wconf 85' lang='lat' dir='ltr'>totus</span> <span class='ocrx_word' id='word_1_92' title='bbox 367 905 451 929; x_wconf 70' lang='lat' dir='ltr'>tacet</span> <span class='ocrx_word' id='word_1_93' title='bbox 482 892 701 936; x_wconf 83' lang='lat' dir='ltr'>Augustinus.</span> <span class='ocrx_word' id='word_1_94' title='bbox 733 891 989 934; x_wconf 82' lang='lat' dir='ltr'>Ideoque-etiam</span> <span class='ocrx_word' id='word_1_95' title='bbox 1005 901 1130 925; x_wconf 88' lang='lat' dir='ltr'>certum</span> 
     </span>
     <span class='ocr_line' id='line_1_17' title="bbox 243 939 1132 987; baseline -0.009 -7"><span class='ocrx_word' id='word_1_96' title='bbox 243 945 290 980; x_wconf 80' lang='lat' dir='ltr'>est</span> <span class='ocrx_word' id='word_1_97' title='bbox 317 969 328 985; x_wconf 87' lang='lat'>,</span> <span class='ocrx_word' id='word_1_98' title='bbox 356 945 507 987; x_wconf 75' lang='lat' dir='ltr'>Episcopi</span> <span class='ocrx_word' id='word_1_99' title='bbox 536 942 627 976; x_wconf 78' lang='lat' dir='ltr'>istius</span> <span class='ocrx_word' id='word_1_100' title='bbox 655 941 847 976; x_wconf 82' lang='lat' dir='ltr'>consensum</span> <span class='ocrx_word' id='word_1_101' title='bbox 873 939 914 974; x_wconf 86' lang='lat' dir='ltr'>ad</span> <span class='ocrx_word' id='word_1_102' title='bbox 940 950 1132 973; x_wconf 86' lang='lat' dir='ltr'>convocan-</span> 
     </span>
     <span class='ocr_line' id='line_1_18' title="bbox 244 989 1131 1034; baseline -0.011 -3"><span class='ocrx_word' id='word_1_103' title='bbox 244 994 302 1031; x_wconf 85' lang='lat' dir='ltr'>das</span> <span class='ocrx_word' id='word_1_104' title='bbox 329 996 465 1030; x_wconf 78' lang='lat' dir='ltr'>aliarum</span> <span class='ocrx_word' id='word_1_105' title='bbox 493 992 742 1029; x_wconf 73' lang='lat' dir='ltr'>provinciarum</span> <span class='ocrx_word' id='word_1_106' title='bbox 764 989 918 1034; x_wconf 82' lang='lat' dir='ltr'>synodos</span> <span class='ocrx_word' id='word_1_107' title='bbox 946 1000 1014 1025; x_wconf 84' lang='lat' dir='ltr'>non</span> <span class='ocrx_word' id='word_1_108' title='bbox 1037 990 1131 1023; x_wconf 82' lang='lat' dir='ltr'>fuisse</span> 
     </span>
     <span class='ocr_line' id='line_1_19' title="bbox 245 1039 1134 1084; baseline -0.008 -6"><span class='ocrx_word' id='word_1_109' title='bbox 245 1046 456 1079; x_wconf 76' lang='lat' dir='ltr'>necessarium</span> <span class='ocrx_word' id='word_1_110' title='bbox 481 1068 488 1075; x_wconf 89' lang='lat'><strong><em>.</em></strong></span> <span class='ocrx_word' id='word_1_111' title='bbox 515 1042 662 1078; x_wconf 86' lang='lat' dir='ltr'>Proinde</span> <span class='ocrx_word' id='word_1_112' title='bbox 690 1043 761 1077; x_wconf 87' lang='lat' dir='ltr'>Leo</span> <span class='ocrx_word' id='word_1_113' title='bbox 788 1040 877 1084; x_wconf 80' lang='lat' dir='ltr'>Papa</span> <span class='ocrx_word' id='word_1_114' title='bbox 907 1049 1015 1072; x_wconf 90' lang='lat' dir='ltr'>nonus</span> <span class='ocrx_word' id='word_1_115' title='bbox 1047 1039 1134 1072; x_wconf 91' lang='lat' dir='ltr'>vide-</span> 
     </span>
     <span class='ocr_line' id='line_1_20' title="bbox 244 1089 1132 1138; baseline -0.009 -8"><span class='ocrx_word' id='word_1_116' title='bbox 244 1105 297 1130; x_wconf 74' lang='lat' dir='ltr'>tur</span> <span class='ocrx_word' id='word_1_117' title='bbox 323 1093 407 1130; x_wconf 68' lang='lat' dir='ltr'>male</span> <span class='ocrx_word' id='word_1_118' title='bbox 434 1090 595 1133; x_wconf 61' lang='lat' dir='ltr'>asserere-,&#39;</span> <span class='ocrx_word' id='word_1_119' title='bbox 621 1092 711 1138; x_wconf 85' lang='lat' dir='ltr'>quod</span> <span class='ocrx_word' id='word_1_120' title='bbox 746 1092 795 1126; x_wconf 84' lang='lat' dir='ltr'>isti</span> <span class='ocrx_word' id='word_1_121' title='bbox 824 1092 982 1126; x_wconf 74' lang='lat' dir='ltr'>Afrorum</span> <span class='ocrx_word' id='word_1_122' title='bbox 1014 1089 1132 1124; x_wconf 84' lang='lat' dir='ltr'>Prima·</span> 
     </span>
     <span class='ocr_line' id='line_1_21' title="bbox 245 1142 1134 1186; baseline -0.007 -7"><span class='ocrx_word' id='word_1_123' title='bbox 245 1155 294 1180; x_wconf 84' lang='lat' dir='ltr'>tes</span> <span class='ocrx_word' id='word_1_124' title='bbox 334 1156 403 1178; x_wconf 86' lang='lat' dir='ltr'>non</span> <span class='ocrx_word' id='word_1_125' title='bbox 443 1143 607 1186; x_wconf 87' lang='lat' dir='ltr'>potuerint</span> <span class='ocrx_word' id='word_1_126' title='bbox 651 1143 829 1186; x_wconf 76' lang='lat' dir='ltr'>Episcopos</span> <span class='ocrx_word' id='word_1_127' title='bbox 866 1142 1055 1177; x_wconf 86' lang='lat' dir='ltr'>consecrare</span> <span class='ocrx_word' id='word_1_128' title='bbox 1079 1149 1134 1176; x_wconf 83' lang='lat' dir='ltr'>aut</span> 
     </span>
     <span class='ocr_line' id='line_1_22' title="bbox 249 1193 982 1237; baseline -0.005 -9"><span class='ocrx_word' id='word_1_129' title='bbox 249 1196 433 1237; x_wconf 81' lang='lat' dir='ltr'>deponere,</span> <span class='ocrx_word' id='word_1_130' title='bbox 461 1204 566 1237; x_wconf 87' lang='lat' dir='ltr'>neque</span> <span class='ocrx_word' id='word_1_131' title='bbox 594 1193 748 1234; x_wconf 84' lang='lat' dir='ltr'>synodos</span> <span class='ocrx_word' id='word_1_132' title='bbox 773 1201 982 1226; x_wconf 82' lang='lat' dir='ltr'>convocare.</span> 
     </span>
     <span class='ocr_line' id='line_1_23' title="bbox 300 1238 1137 1286; baseline -0.005 -8"><span class='ocrx_word' id='word_1_133' title='bbox 300 1244 499 1286; x_wconf 82' lang='lat' dir='ltr'>Respondeo</span> <span class='ocrx_word' id='word_1_134' title='bbox 527 1243 606 1276; x_wconf 77' lang='lat' dir='ltr'>istos</span> <span class='ocrx_word' id='word_1_135' title='bbox 618 1244 739 1276; x_wconf 80' lang='lat' dir='ltr'>Africae</span> <span class='ocrx_word' id='word_1_136' title='bbox 759 1241 918 1277; x_wconf 74' lang='lat' dir='ltr'>primates</span> <span class='ocrx_word' id='word_1_137' title='bbox 947 1241 1001 1274; x_wconf 91' lang='lat' dir='ltr'>seu</span> <span class='ocrx_word' id='word_1_138' title='bbox 1029 1238 1137 1283; x_wconf 70' lang='lat' dir='ltr'>prime</span> 
     </span>
     <span class='ocr_line' id='line_1_24' title="bbox 247 1289 1135 1335; baseline -0.005 -8"><span class='ocrx_word' id='word_1_139' title='bbox 247 1292 340 1328; x_wconf 76' lang='lat' dir='ltr'>Sedis</span> <span class='ocrx_word' id='word_1_140' title='bbox 371 1292 549 1335; x_wconf 77' lang='lat' dir='ltr'>Episcopus</span> <span class='ocrx_word' id='word_1_141' title='bbox 591 1302 657 1323; x_wconf 90' lang='lat' dir='ltr'>non</span> <span class='ocrx_word' id='word_1_142' title='bbox 704 1290 797 1325; x_wconf 76' lang='lat' dir='ltr'>fuisse</span> <span class='ocrx_word' id='word_1_143' title='bbox 823 1291 857 1326; x_wconf 87' lang='lat' dir='ltr'>in</span> <span class='ocrx_word' id='word_1_144' title='bbox 884 1289 1041 1324; x_wconf 87' lang='lat' dir='ltr'>omnibus</span> <span class='ocrx_word' id='word_1_145' title='bbox 1067 1299 1135 1331; x_wconf 89' lang='lat' dir='ltr'>pro·</span> 
     </span>
     <span class='ocr_line' id='line_1_25' title="bbox 247 1336 1136 1384; baseline -0.003 -9"><span class='ocrx_word' id='word_1_146' title='bbox 247 1342 387 1380; x_wconf 83' lang='lat' dir='ltr'>vinciis,</span> <span class='ocrx_word' id='word_1_147' title='bbox 415 1341 467 1377; x_wconf 84' lang='lat' dir='ltr'>sed</span> <span class='ocrx_word' id='word_1_148' title='bbox 494 1340 668 1375; x_wconf 84' lang='lat' dir='ltr'>dumtaxat</span> <span class='ocrx_word' id='word_1_149' title='bbox 683 1341 715 1374; x_wconf 89' lang='lat' dir='ltr'>in</span> <span class='ocrx_word' id='word_1_150' title='bbox 744 1338 960 1384; x_wconf 85' lang='lat' dir='ltr'>quibusdam.</span> <span class='ocrx_word' id='word_1_151' title='bbox 989 1336 1136 1372; x_wconf 82' lang='lat' dir='ltr'>Patetex</span> 
     </span>
     <span class='ocr_line' id='line_1_26' title="bbox 247 1387 1138 1434; baseline -0.007 -7"><span class='ocrx_word' id='word_1_152' title='bbox 247 1399 378 1427; x_wconf 79' lang='lat' dir='ltr'>canone</span> <span class='ocrx_word' id='word_1_153' title='bbox 404 1388 545 1425; x_wconf 84' lang='lat' dir='ltr'>secundo</span> <span class='ocrx_word' id='word_1_154' title='bbox 558 1391 644 1426; x_wconf 83' lang='lat' dir='ltr'>tertii</span> <span class='ocrx_word' id='word_1_155' title='bbox 660 1389 931 1434; x_wconf 79' lang='lat' dir='ltr'>Carthaginensis</span> <span class='ocrx_word' id='word_1_156' title='bbox 966 1387 1138 1429; x_wconf 86' lang='lat' dir='ltr'>Concilii,</span> 
     </span>
     <span class='ocr_line' id='line_1_27' title="bbox 249 1437 1140 1486; baseline -0.009 -10"><span class='ocrx_word' id='word_1_157' title='bbox 249 1442 339 1486; x_wconf 87' lang='lat' dir='ltr'>quod</span> <span class='ocrx_word' id='word_1_158' title='bbox 351 1440 391 1476; x_wconf 85' lang='lat' dir='ltr'>de</span> <span class='ocrx_word' id='word_1_159' title='bbox 404 1441 563 1475; x_wconf 77' lang='lat' dir='ltr'>Concilio</span> <span class='ocrx_word' id='word_1_160' title='bbox 575 1438 864 1484; x_wconf 75' lang='lat' dir='ltr'>Nationaliagens</span> <span class='ocrx_word' id='word_1_161' title='bbox 890 1439 931 1473; x_wconf 85' lang='lat' dir='ltr'>sic</span> <span class='ocrx_word' id='word_1_162' title='bbox 957 1437 1038 1472; x_wconf 87' lang='lat' dir='ltr'>dicit</span> <span class='ocrx_word' id='word_1_163' title='bbox 1054 1460 1062 1469; x_wconf 90' lang='lat'>.</span> <span class='ocrx_word' id='word_1_164' title='bbox 1091 1440 1140 1473; x_wconf 67' lang='lat' dir='ltr'>Ad</span> 
     </span>
     <span class='ocr_line' id='line_1_28' title="bbox 252 1488 1137 1535; baseline -0.008 -9"><span class='ocrx_word' id='word_1_165' title='bbox 252 1493 331 1535; x_wconf 79' lang='lat' dir='ltr'>quod</span> <span class='ocrx_word' id='word_1_166' title='bbox 339 1502 436 1524; x_wconf 83' lang='lat' dir='ltr'>omnes</span> <span class='ocrx_word' id='word_1_167' title='bbox 457 1497 625 1533; x_wconf 67' lang='lat' dir='ltr'>provincie</span> <span class='ocrx_word' id='word_1_168' title='bbox 638 1515 648 1533; x_wconf 89' lang='lat'>‚</span> <span class='ocrx_word' id='word_1_169' title='bbox 676 1503 743 1533; x_wconf 81' lang='lat' dir='ltr'>quae</span> <span class='ocrx_word' id='word_1_170' title='bbox 753 1497 874 1532; x_wconf 78' lang='lat' dir='ltr'>prtmas</span> <span class='ocrx_word' id='word_1_171' title='bbox 899 1489 987 1533; x_wconf 79' lang='lat' dir='ltr'>sedes</span> <span class='ocrx_word' id='word_1_172' title='bbox 1013 1488 1137 1528; x_wconf 79' lang='lat' dir='ltr'>habene,</span> 
     </span>
     <span class='ocr_line' id='line_1_29' title="bbox 249 1538 1138 1588; baseline -0.004 -13"><span class='ocrx_word' id='word_1_173' title='bbox 249 1545 360 1588; x_wconf 82' lang='lat' dir='ltr'>legatos</span> <span class='ocrx_word' id='word_1_174' title='bbox 395 1546 540 1575; x_wconf 64' lang='lat' dir='ltr'>mittant.</span> <span class='ocrx_word' id='word_1_175' title='bbox 568 1541 637 1575; x_wconf 81' lang='lat' dir='ltr'>Cur</span> <span class='ocrx_word' id='word_1_176' title='bbox 663 1547 861 1584; x_wconf 77' lang='lat' dir='ltr'>quaeprlmas</span> <span class='ocrx_word' id='word_1_177' title='bbox 885 1539 972 1583; x_wconf 81' lang='lat' dir='ltr'>sedes</span> <span class='ocrx_word' id='word_1_178' title='bbox 1003 1538 1138 1572; x_wconf 78' lang='lat' dir='ltr'>habent?</span> 
     </span>
     <span class='ocr_line' id='line_1_30' title="bbox 251 1589 1140 1640; baseline -0.002 -16"><span class='ocrx_word' id='word_1_179' title='bbox 251 1591 498 1640; x_wconf 79' lang='lat' dir='ltr'>Qiaquaedam</span> <span class='ocrx_word' id='word_1_180' title='bbox 528 1589 607 1627; x_wconf 73' lang='lat' dir='ltr'>tales</span> <span class='ocrx_word' id='word_1_181' title='bbox 636 1593 819 1625; x_wconf 72' lang='lat' dir='ltr'>sedes,non</span> <span class='ocrx_word' id='word_1_182' title='bbox 847 1589 1034 1627; x_wconf 82' lang='lat' dir='ltr'>habebant.</span> <span class='ocrx_word' id='word_1_183' title='bbox 1061 1589 1140 1626; x_wconf 80' lang='lat' dir='ltr'>Cla-</span> 
     </span>
     <span class='ocr_line' id='line_1_31' title="bbox 252 1640 1140 1685; baseline -0.003 -9"><span class='ocrx_word' id='word_1_184' title='bbox 252 1643 321 1676; x_wconf 76' lang='lat' dir='ltr'>tius</span> <span class='ocrx_word' id='word_1_185' title='bbox 348 1641 378 1675; x_wconf 91' lang='lat' dir='ltr'>id</span> <span class='ocrx_word' id='word_1_186' title='bbox 407 1651 495 1683; x_wconf 85' lang='lat' dir='ltr'>patet</span> <span class='ocrx_word' id='word_1_187' title='bbox 529 1652 570 1676; x_wconf 74' lang='lat' dir='ltr'>ex</span> <span class='ocrx_word' id='word_1_188' title='bbox 594 1640 719 1676; x_wconf 25' lang='lat' dir='ltr'>*codice</span> <span class='ocrx_word' id='word_1_189' title='bbox 757 1652 866 1685; x_wconf 72' lang='lat' dir='ltr'>graeco</span> <span class='ocrx_word' id='word_1_190' title='bbox 905 1640 1140 1676; x_wconf 79' lang='lat' dir='ltr'>Africanorum</span> 
     </span>
     <span class='ocr_line' id='line_1_32' title="bbox 76 1687 1140 1737; baseline -0.005 -10"><span class='ocrx_word' id='word_1_191' title='bbox 76 1687 164 1734; x_wconf 56' lang='grc' dir='ltr'>(ἴδει</span> <span class='ocrx_word' id='word_1_192' title='bbox 182 1698 238 1737; x_wconf 76' lang='lat'>17·</span> <span class='ocrx_word' id='word_1_193' title='bbox 253 1702 420 1725; x_wconf 85' lang='lat' dir='ltr'>canonum</span> <span class='ocrx_word' id='word_1_194' title='bbox 443 1715 454 1731; x_wconf 93' lang='lat'>,</span> <span class='ocrx_word' id='word_1_195' title='bbox 482 1692 514 1724; x_wconf 91' lang='lat' dir='ltr'>in</span> <span class='ocrx_word' id='word_1_196' title='bbox 543 1702 611 1734; x_wconf 86' lang='lat' dir='ltr'>quo</span> <span class='ocrx_word' id='word_1_197' title='bbox 636 1693 680 1727; x_wconf 83' lang='lat' dir='ltr'>fic</span> <span class='ocrx_word' id='word_1_198' title='bbox 706 1691 881 1725; x_wconf 83' lang='lat' dir='ltr'>habemus.</span> <span class='ocrx_word' id='word_1_199' title='bbox 910 1693 1033 1724; x_wconf 77' lang='lat' dir='ltr'>Placuit</span> <span class='ocrx_word' id='word_1_200' title='bbox 1055 1713 1065 1729; x_wconf 94' lang='lat'>,</span> <span class='ocrx_word' id='word_1_201' title='bbox 1104 1699 1140 1722; x_wconf 83' lang='lat' dir='ltr'>ut</span> 
     </span>
     <span class='ocr_line' id='line_1_33' title="bbox 255 1740 1143 1786; baseline -0.005 -11"><span class='ocrx_word' id='word_1_202' title='bbox 255 1740 613 1786; x_wconf 66' lang='lat' dir='ltr'>Mauritania.5!t{fenfis</span> <span class='ocrx_word' id='word_1_203' title='bbox 636 1765 647 1784; x_wconf 81' lang='lat'>‚</span> <span class='ocrx_word' id='word_1_204' title='bbox 687 1749 720 1776; x_wconf 77' lang='lat' dir='ltr'>ut</span> <span class='ocrx_word' id='word_1_205' title='bbox 742 1741 906 1783; x_wconf 68' lang='lat' dir='ltr'>postulavit</span> <span class='ocrx_word' id='word_1_206' title='bbox 927 1766 938 1781; x_wconf 89' lang='lat'>‚</span> <span class='ocrx_word' id='word_1_207' title='bbox 977 1742 1143 1775; x_wconf 74' lang='lat' dir='ltr'>Primatem</span> 
     </span>
     <span class='ocr_line' id='line_1_34' title="bbox 260 1790 1143 1836; baseline -0.002 -11"><span class='ocrx_word' id='word_1_208' title='bbox 260 1795 431 1827; x_wconf 66' lang='lat' dir='ltr'>Provincia</span> <span class='ocrx_word' id='word_1_209' title='bbox 458 1793 620 1826; x_wconf 71' lang='lat' dir='ltr'>Numidtae</span> <span class='ocrx_word' id='word_1_210' title='bbox 641 1813 652 1830; x_wconf 86' lang='lat'>‚</span> <span class='ocrx_word' id='word_1_211' title='bbox 680 1802 719 1828; x_wconf 82' lang='lat' dir='ltr'>ex</span> <span class='ocrx_word' id='word_1_212' title='bbox 745 1793 833 1832; x_wconf 82' lang='lat' dir='ltr'>cujus</span> <span class='ocrx_word' id='word_1_213' title='bbox 861 1801 938 1826; x_wconf 75' lang='lat' dir='ltr'>caetu</span> <span class='ocrx_word' id='word_1_214' title='bbox 957 1790 1143 1836; x_wconf 83' lang='lat' dir='ltr'>separatur,</span> 
     </span>
     <span class='ocr_line' id='line_1_35' title="bbox 255 1840 1144 1885; baseline -0.002 -9"><span class='ocrx_word' id='word_1_215' title='bbox 255 1853 320 1876; x_wconf 76' lang='lat' dir='ltr'>tum</span> <span class='ocrx_word' id='word_1_216' title='bbox 347 1840 457 1875; x_wconf 80' lang='lat' dir='ltr'>habeat</span> <span class='ocrx_word' id='word_1_217' title='bbox 470 1844 663 1877; x_wconf 68' lang='lat' dir='ltr'>Primatem:</span> <span class='ocrx_word' id='word_1_218' title='bbox 697 1843 796 1885; x_wconf 76' lang='lat' dir='ltr'>‚Quem</span> <span class='ocrx_word' id='word_1_219' title='bbox 823 1840 1067 1884; x_wconf 67' lang='lat' dir='ltr'>consencientibus</span> <span class='ocrx_word' id='word_1_220' title='bbox 1086 1852 1144 1874; x_wconf 81' lang='lat' dir='ltr'>om·</span> 
     </span>
     <span class='ocr_line' id='line_1_36' title="bbox 256 1891 1146 1932; baseline -0.001 -7"><span class='ocrx_word' id='word_1_221' title='bbox 256 1893 344 1926; x_wconf 68' lang='lat' dir='ltr'>nibus</span> <span class='ocrx_word' id='word_1_222' title='bbox 373 1891 558 1926; x_wconf 70' lang='lat' dir='ltr'>Primanbus</span> <span class='ocrx_word' id='word_1_223' title='bbox 578 1894 811 1927; x_wconf 69' lang='lat' dir='ltr'>Provenctarum</span> <span class='ocrx_word' id='word_1_224' title='bbox 841 1891 1070 1932; x_wconf 76' lang='lat' dir='ltr'>Africanarum,</span> <span class='ocrx_word' id='word_1_225' title='bbox 1095 1892 1146 1924; x_wconf 81' lang='lat' dir='ltr'>vel</span> 
     </span>
     <span class='ocr_line' id='line_1_37' title="bbox 255 1940 1147 1985; baseline -0.003 -11"><span class='ocrx_word' id='word_1_226' title='bbox 255 1942 393 1975; x_wconf 72' lang='lat' dir='ltr'>omnibus</span> <span class='ocrx_word' id='word_1_227' title='bbox 421 1940 575 1984; x_wconf 78' lang='lat' dir='ltr'>Episcopis</span> <span class='ocrx_word' id='word_1_228' title='bbox 597 1966 607 1981; x_wconf 94' lang='lat'><strong>,</strong></span> <span class='ocrx_word' id='word_1_229' title='bbox 630 1950 753 1984; x_wconf 84' lang='lat' dir='ltr'>propter</span> <span class='ocrx_word' id='word_1_230' title='bbox 779 1942 1024 1985; x_wconf 80' lang='lat' dir='ltr'>longinquitatem</span> <span class='ocrx_word' id='word_1_231' title='bbox 1040 1941 1147 1973; x_wconf 81' lang='lat' dir='ltr'>babere</span> 
     </span>
     <span class='ocr_line' id='line_1_38' title="bbox 255 1991 1147 2035; baseline -0.002 -12"><span class='ocrx_word' id='word_1_232' title='bbox 255 1991 395 2032; x_wconf 78' lang='lat' dir='ltr'>permrffae</span> <span class='ocrx_word' id='word_1_233' title='bbox 419 1991 478 2029; x_wconf 75' lang='lat' dir='ltr'>est.</span> <span class='ocrx_word' id='word_1_234' title='bbox 508 1991 640 2032; x_wconf 79' lang='lat' dir='ltr'>Utique</span> <span class='ocrx_word' id='word_1_235' title='bbox 666 1992 942 2035; x_wconf 81' lang='lat' dir='ltr'>longinquitatem</span> <span class='ocrx_word' id='word_1_236' title='bbox 969 1993 986 2022; x_wconf 78' lang='lat' dir='ltr'>a</span> <span class='ocrx_word' id='word_1_237' title='bbox 1015 1991 1147 2022; x_wconf 81' lang='lat' dir='ltr'>civitate</span> 
     </span>
     <span class='ocr_line' id='line_1_39' title="bbox 259 2038 1147 2084; baseline -0.001 -12"><span class='ocrx_word' id='word_1_238' title='bbox 259 2050 298 2072; x_wconf 87' lang='lat' dir='ltr'>ae</span> <span class='ocrx_word' id='word_1_239' title='bbox 338 2038 505 2081; x_wconf 87' lang='lat' dir='ltr'>provincia</span> <span class='ocrx_word' id='word_1_240' title='bbox 540 2038 820 2084; x_wconf 78' lang='lat' dir='ltr'>Carthaginensi.</span> <span class='ocrx_word' id='word_1_241' title='bbox 860 2038 993 2073; x_wconf 84' lang='lat' dir='ltr'>Etenim</span> <span class='ocrx_word' id='word_1_242' title='bbox 1031 2049 1147 2074; x_wconf 85' lang='lat' dir='ltr'>omnes</span> 
     </span>
     <span class='ocr_line' id='line_1_40' title="bbox 257 2086 1146 2130; baseline 0 -12"><span class='ocrx_word' id='word_1_243' title='bbox 257 2088 424 2130; x_wconf 79' lang='lat' dir='ltr'>proprium</span> <span class='ocrx_word' id='word_1_244' title='bbox 462 2086 637 2120; x_wconf 81' lang='lat' dir='ltr'>Primatem</span> <span class='ocrx_word' id='word_1_245' title='bbox 676 2097 744 2118; x_wconf 87' lang='lat' dir='ltr'>non</span> <span class='ocrx_word' id='word_1_246' title='bbox 774 2086 932 2120; x_wconf 81' lang='lat' dir='ltr'>habentes</span> <span class='ocrx_word' id='word_1_247' title='bbox 973 2087 1146 2128; x_wconf 72' lang='lat' dir='ltr'>provincia</span> 
     </span>
     <span class='ocr_line' id='line_1_41' title="bbox 257 2133 1144 2178; baseline -0.003 -8"><span class='ocrx_word' id='word_1_248' title='bbox 257 2136 410 2170; x_wconf 85' lang='lat' dir='ltr'>suberant</span> <span class='ocrx_word' id='word_1_249' title='bbox 438 2133 694 2169; x_wconf 75' lang='lat' dir='ltr'>Archi-primati</span> <span class='ocrx_word' id='word_1_250' title='bbox 711 2133 982 2178; x_wconf 70' lang='lat' dir='ltr'>Carthaginensi.</span> <span class='ocrx_word' id='word_1_251' title='bbox 1013 2135 1055 2167; x_wconf 87' lang='lat' dir='ltr'>Et</span> <span class='ocrx_word' id='word_1_252' title='bbox 1068 2135 1144 2177; x_wconf 87' lang='lat' dir='ltr'>quia</span> 
     </span>
     <span class='ocr_line' id='line_1_42' title="bbox 257 2184 1146 2231; baseline 0.002 -13"><span class='ocrx_word' id='word_1_253' title='bbox 257 2187 425 2231; x_wconf 81' lang='lat' dir='ltr'>provincia</span> <span class='ocrx_word' id='word_1_254' title='bbox 453 2184 613 2220; x_wconf 80' lang='lat' dir='ltr'>Sitifensis</span> <span class='ocrx_word' id='word_1_255' title='bbox 640 2184 681 2217; x_wconf 90' lang='lat' dir='ltr'>ab</span> <span class='ocrx_word' id='word_1_256' title='bbox 709 2185 768 2218; x_wconf 78' lang='lat' dir='ltr'>isla</span> <span class='ocrx_word' id='word_1_257' title='bbox 796 2185 964 2228; x_wconf 88' lang='lat' dir='ltr'>provincia</span> <span class='ocrx_word' id='word_1_258' title='bbox 990 2184 1092 2228; x_wconf 80' lang='lat' dir='ltr'>longe</span> <span class='ocrx_word' id='word_1_259' title='bbox 1113 2196 1146 2220; x_wconf 78' lang='lat' dir='ltr'>a·</span> 
     </span>
     <span class='ocr_line' id='line_1_43' title="bbox 259 2235 1142 2278; baseline -0.001 -8"><span class='ocrx_word' id='word_1_260' title='bbox 259 2238 374 2276; x_wconf 89' lang='lat' dir='ltr'>berat,</span> <span class='ocrx_word' id='word_1_261' title='bbox 399 2244 466 2271; x_wconf 83' lang='lat' dir='ltr'>erat</span> <span class='ocrx_word' id='word_1_262' title='bbox 494 2245 604 2268; x_wconf 84' lang='lat' dir='ltr'>autem</span> <span class='ocrx_word' id='word_1_263' title='bbox 632 2236 783 2278; x_wconf 78' lang='lat' dir='ltr'>proxima</span> <span class='ocrx_word' id='word_1_264' title='bbox 810 2235 1001 2274; x_wconf 75' lang='lat' dir='ltr'>Numidiae,</span> <span class='ocrx_word' id='word_1_265' title='bbox 1028 2235 1142 2269; x_wconf 85' lang='lat' dir='ltr'>fuerat-</span> 
     </span>
     <span class='ocr_line' id='line_1_44' title="bbox 259 2285 1143 2330; baseline 0 -11"><span class='ocrx_word' id='word_1_266' title='bbox 259 2297 323 2330; x_wconf 86' lang='lat' dir='ltr'>que</span> <span class='ocrx_word' id='word_1_267' title='bbox 349 2296 423 2321; x_wconf 87' lang='lat' dir='ltr'>cum</span> <span class='ocrx_word' id='word_1_268' title='bbox 452 2285 508 2319; x_wconf 84' lang='lat' dir='ltr'>illa</span> <span class='ocrx_word' id='word_1_269' title='bbox 536 2286 620 2319; x_wconf 90' lang='lat' dir='ltr'>olim</span> <span class='ocrx_word' id='word_1_270' title='bbox 651 2296 717 2319; x_wconf 83' lang='lat' dir='ltr'>una</span> <span class='ocrx_word' id='word_1_271' title='bbox 746 2286 940 2327; x_wconf 83' lang='lat' dir='ltr'>provincia,</span> <span class='ocrx_word' id='word_1_272' title='bbox 967 2285 1084 2330; x_wconf 78' lang='lat' dir='ltr'>petivit</span> <span class='ocrx_word' id='word_1_273' title='bbox 1106 2296 1143 2319; x_wconf 85' lang='lat' dir='ltr'>ac</span> 
     </span>
     <span class='ocr_line' id='line_1_45' title="bbox 261 2334 1144 2380; baseline -0.001 -11"><span class='ocrx_word' id='word_1_274' title='bbox 261 2334 433 2374; x_wconf 84' lang='lat' dir='ltr'>obtinuit,</span> <span class='ocrx_word' id='word_1_275' title='bbox 460 2346 529 2367; x_wconf 88' lang='lat' dir='ltr'>non</span> <span class='ocrx_word' id='word_1_276' title='bbox 558 2334 693 2380; x_wconf 87' lang='lat' dir='ltr'>quidem</span> <span class='ocrx_word' id='word_1_277' title='bbox 721 2334 842 2370; x_wconf 82' lang='lat' dir='ltr'>reuniri</span> <span class='ocrx_word' id='word_1_278' title='bbox 876 2336 910 2368; x_wconf 88' lang='lat' dir='ltr'>in</span> <span class='ocrx_word' id='word_1_279' title='bbox 940 2346 1040 2370; x_wconf 87' lang='lat' dir='ltr'>unam</span> <span class='ocrx_word' id='word_1_280' title='bbox 1069 2346 1144 2378; x_wconf 91' lang='lat' dir='ltr'>pro-</span> 
     </span>
     <span class='ocr_line' id='line_1_46' title="bbox 262 2383 1142 2427; baseline 0.002 -10"><span class='ocrx_word' id='word_1_281' title='bbox 262 2386 429 2423; x_wconf 84' lang='lat' dir='ltr'>vinciam,</span> <span class='ocrx_word' id='word_1_282' title='bbox 457 2394 564 2417; x_wconf 85' lang='lat' dir='ltr'>tamen</span> <span class='ocrx_word' id='word_1_283' title='bbox 593 2383 682 2417; x_wconf 81' lang='lat' dir='ltr'>illius</span> <span class='ocrx_word' id='word_1_284' title='bbox 709 2384 869 2427; x_wconf 84' lang='lat' dir='ltr'>subjacere</span> <span class='ocrx_word' id='word_1_285' title='bbox 885 2384 1042 2420; x_wconf 86' lang='lat' dir='ltr'>Primati.</span> <span class='ocrx_word' id='word_1_286' title='bbox 1071 2385 1142 2419; x_wconf 88' lang='lat' dir='ltr'>Ta·</span> 
     </span>
     <span class='ocr_line' id='line_1_47' title="bbox 259 2432 1143 2478; baseline 0.003 -11"><span class='ocrx_word' id='word_1_287' title='bbox 259 2435 308 2467; x_wconf 81' lang='lat' dir='ltr'>les</span> <span class='ocrx_word' id='word_1_288' title='bbox 336 2435 443 2477; x_wconf 87' lang='lat' dir='ltr'>itaque</span> <span class='ocrx_word' id='word_1_289' title='bbox 469 2432 627 2467; x_wconf 85' lang='lat' dir='ltr'>Primates</span> <span class='ocrx_word' id='word_1_290' title='bbox 653 2433 837 2470; x_wconf 85' lang='lat' dir='ltr'>habuerunt</span> <span class='ocrx_word' id='word_1_291' title='bbox 875 2436 1045 2478; x_wconf 82' lang='lat' dir='ltr'>provincia</span> <span class='ocrx_word' id='word_1_292' title='bbox 1073 2436 1143 2470; x_wconf 89' lang='lat' dir='ltr'>Nu-</span> 
     </span>
     <span class='ocr_line' id='line_1_48' title="bbox 259 2482 1146 2529; baseline 0.002 -12"><span class='ocrx_word' id='word_1_293' title='bbox 259 2482 384 2523; x_wconf 74' lang='lat' dir='ltr'>midiae,</span> <span class='ocrx_word' id='word_1_294' title='bbox 415 2484 582 2525; x_wconf 82' lang='lat' dir='ltr'>provincia</span> <span class='ocrx_word' id='word_1_295' title='bbox 611 2483 819 2520; x_wconf 71' lang='lat' dir='ltr'>Mauritaniae</span> <span class='ocrx_word' id='word_1_296' title='bbox 831 2485 1048 2527; x_wconf 76' lang='lat' dir='ltr'>Caesarienfis,</span> <span class='ocrx_word' id='word_1_297' title='bbox 1076 2497 1146 2529; x_wconf 87' lang='lat' dir='ltr'>pro·</span> 
     </span>
     <span class='ocr_line' id='line_1_49' title="bbox 262 2533 1142 2580; baseline 0.005 -14"><span class='ocrx_word' id='word_1_298' title='bbox 262 2533 373 2569; x_wconf 86' lang='lat' dir='ltr'>vincia</span> <span class='ocrx_word' id='word_1_299' title='bbox 407 2533 579 2575; x_wconf 82' lang='lat' dir='ltr'>Byzacena</span> <span class='ocrx_word' id='word_1_300' title='bbox 602 2557 612 2575; x_wconf 92' lang='lat'>,</span> <span class='ocrx_word' id='word_1_301' title='bbox 649 2546 687 2569; x_wconf 84' lang='lat' dir='ltr'>ac</span> <span class='ocrx_word' id='word_1_302' title='bbox 716 2536 883 2577; x_wconf 82' lang='lat' dir='ltr'>provincia</span> <span class='ocrx_word' id='word_1_303' title='bbox 910 2536 1142 2580; x_wconf 83' lang='lat' dir='ltr'>Tripolitana.</span> 
     </span>
     <span class='ocr_line' id='line_1_50' title="bbox 261 2583 1144 2631; baseline 0.001 -11"><span class='ocrx_word' id='word_1_304' title='bbox 261 2587 389 2620; x_wconf 87' lang='lat' dir='ltr'>Omnes</span> <span class='ocrx_word' id='word_1_305' title='bbox 414 2584 484 2618; x_wconf 83' lang='lat' dir='ltr'>aliae</span> <span class='ocrx_word' id='word_1_306' title='bbox 510 2583 761 2620; x_wconf 85' lang='lat' dir='ltr'>subiiciebantur</span> <span class='ocrx_word' id='word_1_307' title='bbox 773 2585 1056 2631; x_wconf 86' lang='lat' dir='ltr'>Archi-Episcopo</span> <span class='ocrx_word' id='word_1_308' title='bbox 1070 2586 1144 2621; x_wconf 85' lang='lat' dir='ltr'>Car-</span> 
     </span>
     <span class='ocr_line' id='line_1_51' title="bbox 261 2634 1145 2680; baseline 0.002 -12"><span class='ocrx_word' id='word_1_309' title='bbox 261 2634 448 2680; x_wconf 83' lang='lat' dir='ltr'>thaginensi</span> <span class='ocrx_word' id='word_1_310' title='bbox 465 2657 476 2673; x_wconf 87' lang='lat'><strong><em>‚</em></strong></span> <span class='ocrx_word' id='word_1_311' title='bbox 504 2644 611 2677; x_wconf 88' lang='lat' dir='ltr'>praeter</span> <span class='ocrx_word' id='word_1_312' title='bbox 637 2634 824 2670; x_wconf 82' lang='lat' dir='ltr'>Sitifensem</span> <span class='ocrx_word' id='word_1_313' title='bbox 840 2658 850 2674; x_wconf 92' lang='lat'>‚</span> <span class='ocrx_word' id='word_1_314' title='bbox 875 2647 972 2679; x_wconf 88' lang='lat' dir='ltr'>quam</span> <span class='ocrx_word' id='word_1_315' title='bbox 998 2637 1063 2678; x_wconf 86' lang='lat' dir='ltr'>jam</span> <span class='ocrx_word' id='word_1_316' title='bbox 1092 2648 1145 2670; x_wconf 88' lang='lat' dir='ltr'>au-</span> 
     </span>
     <span class='ocr_line' id='line_1_52' title="bbox 261 2683 1141 2731; baseline 0.003 -13"><span class='ocrx_word' id='word_1_317' title='bbox 261 2684 404 2720; x_wconf 78' lang='lat' dir='ltr'>divimus</span> <span class='ocrx_word' id='word_1_318' title='bbox 431 2683 653 2719; x_wconf 77' lang='lat' dir='ltr'>Numidarum</span> <span class='ocrx_word' id='word_1_319' title='bbox 675 2685 809 2720; x_wconf 84' lang='lat' dir='ltr'>Primati</span> <span class='ocrx_word' id='word_1_320' title='bbox 838 2687 931 2721; x_wconf 79' lang='lat' dir='ltr'>fuisse</span> <span class='ocrx_word' id='word_1_321' title='bbox 959 2687 1141 2731; x_wconf 65' lang='lat' dir='ltr'>subjectam.</span> 
     </span>
     <span class='ocr_line' id='line_1_53' title="bbox 261 2734 1144 2784; baseline 0.003 -15"><span class='ocrx_word' id='word_1_322' title='bbox 261 2734 367 2784; x_wconf 82' lang='lat' dir='ltr'>Qod</span> <span class='ocrx_word' id='word_1_323' title='bbox 406 2734 504 2776; x_wconf 79' lang='lat' dir='ltr'>porro</span> <span class='ocrx_word' id='word_1_324' title='bbox 542 2735 641 2769; x_wconf 87' lang='lat' dir='ltr'>etiam</span> <span class='ocrx_word' id='word_1_325' title='bbox 677 2734 742 2768; x_wconf 87' lang='lat' dir='ltr'>haec</span> <span class='ocrx_word' id='word_1_326' title='bbox 767 2736 850 2770; x_wconf 86' lang='lat' dir='ltr'>olim</span> <span class='ocrx_word' id='word_1_327' title='bbox 880 2737 1017 2782; x_wconf 70' lang='lat' dir='ltr'>subjecta</span> <span class='ocrx_word' id='word_1_328' title='bbox 1045 2740 1144 2774; x_wconf 84' lang='lat' dir='ltr'>suerit</span> 
     </span>
     <span class='ocr_line' id='line_1_54' title="bbox 262 2783 1143 2832; baseline 0.003 -13"><span class='ocrx_word' id='word_1_329' title='bbox 262 2787 315 2819; x_wconf 77' lang='lat' dir='ltr'>isti</span> <span class='ocrx_word' id='word_1_330' title='bbox 344 2783 622 2828; x_wconf 81' lang='lat' dir='ltr'>Archi-Episcopo</span> <span class='ocrx_word' id='word_1_331' title='bbox 640 2808 650 2827; x_wconf 86' lang='lat'>‚</span> <span class='ocrx_word' id='word_1_332' title='bbox 676 2784 762 2820; x_wconf 70' lang='lat' dir='ltr'>clare</span> <span class='ocrx_word' id='word_1_333' title='bbox 790 2795 877 2830; x_wconf 81' lang='lat' dir='ltr'>patet</span> <span class='ocrx_word' id='word_1_334' title='bbox 902 2799 941 2821; x_wconf 84' lang='lat' dir='ltr'>ex</span> <span class='ocrx_word' id='word_1_335' title='bbox 971 2786 1143 2832; x_wconf 89' lang='lat' dir='ltr'>Episcopa-</span> 
     </span>
     <span class='ocr_line' id='line_1_55' title="bbox 264 2831 1144 2878; baseline 0.006 -10"><span class='ocrx_word' id='word_1_336' title='bbox 264 2834 349 2869; x_wconf 86' lang='lat' dir='ltr'>libus</span> <span class='ocrx_word' id='word_1_337' title='bbox 376 2831 666 2878; x_wconf 84' lang='lat' dir='ltr'>subscriptionibus</span> <span class='ocrx_word' id='word_1_338' title='bbox 693 2834 789 2878; x_wconf 83' lang='lat' dir='ltr'>primi</span> <span class='ocrx_word' id='word_1_339' title='bbox 817 2836 1144 2873; x_wconf 79' lang='lat' dir='ltr'>ConciliiArelaten·</span> 
     </span>
     <span class='ocr_line' id='line_1_56' title="bbox 262 2885 1143 2930; baseline 0.003 -12"><span class='ocrx_word' id='word_1_340' title='bbox 262 2885 322 2919; x_wconf 80' lang='lat' dir='ltr'>sis:</span> <span class='ocrx_word' id='word_1_341' title='bbox 350 2885 400 2919; x_wconf 89' lang='lat' dir='ltr'>lbi</span> <span class='ocrx_word' id='word_1_342' title='bbox 429 2894 569 2928; x_wconf 84' lang='lat' dir='ltr'>namque</span> <span class='ocrx_word' id='word_1_343' title='bbox 595 2887 788 2929; x_wconf 80' lang='lat' dir='ltr'>Surgentius</span> <span class='ocrx_word' id='word_1_344' title='bbox 808 2886 988 2930; x_wconf 86' lang='lat' dir='ltr'>Episcopus</span> <span class='ocrx_word' id='word_1_345' title='bbox 1013 2890 1143 2923; x_wconf 85' lang='lat' dir='ltr'>Sitifen-</span> 
     </span>
     <span class='ocr_line' id='line_1_57' title="bbox 261 2933 1144 2981; baseline 0.006 -13"><span class='ocrx_word' id='word_1_346' title='bbox 261 2934 301 2968; x_wconf 86' lang='lat' dir='ltr'>fis</span> <span class='ocrx_word' id='word_1_347' title='bbox 330 2933 496 2969; x_wconf 77' lang='lat' dir='ltr'>subscribit</span> <span class='ocrx_word' id='word_1_348' title='bbox 521 2945 688 2979; x_wconf 78' lang='lat' dir='ltr'>tamquam</span> <span class='ocrx_word' id='word_1_349' title='bbox 703 2936 881 2979; x_wconf 84' lang='lat' dir='ltr'>Episcopus</span> <span class='ocrx_word' id='word_1_350' title='bbox 908 2938 950 2970; x_wconf 89' lang='lat' dir='ltr'>de</span> <span class='ocrx_word' id='word_1_351' title='bbox 976 2939 1144 2981; x_wconf 86' lang='lat' dir='ltr'>provincia</span> 
     </span>
     <span class='ocr_line' id='line_1_58' title="bbox 262 2983 1143 3032; baseline 0.007 -15"><span class='ocrx_word' id='word_1_352' title='bbox 262 2983 538 3028; x_wconf 82' lang='lat' dir='ltr'>Carthaginensi.</span> <span class='ocrx_word' id='word_1_353' title='bbox 566 2985 609 3018; x_wconf 90' lang='lat' dir='ltr'>Et</span> <span class='ocrx_word' id='word_1_354' title='bbox 637 2984 768 3029; x_wconf 90' lang='lat' dir='ltr'>quidem</span> <span class='ocrx_word' id='word_1_355' title='bbox 796 2987 965 3021; x_wconf 77' lang='lat' dir='ltr'>Numidia:</span> <span class='ocrx_word' id='word_1_356' title='bbox 993 2988 1143 3032; x_wconf 70' lang='lat' dir='ltr'>Primus,</span> 
     </span>
     <span class='ocr_line' id='line_1_59' title="bbox 260 3033 1144 3082; baseline 0.006 -14"><span class='ocrx_word' id='word_1_357' title='bbox 260 3033 451 3078; x_wconf 73' lang='lat' dir='ltr'>primasque</span> <span class='ocrx_word' id='word_1_358' title='bbox 487 3035 684 3071; x_wconf 84' lang='lat' dir='ltr'>Caesariensis</span> <span class='ocrx_word' id='word_1_359' title='bbox 712 3036 850 3071; x_wconf 82' lang='lat' dir='ltr'>habuere</span> <span class='ocrx_word' id='word_1_360' title='bbox 876 3037 946 3079; x_wconf 81' lang='lat' dir='ltr'>jura</span> <span class='ocrx_word' id='word_1_361' title='bbox 973 3049 1010 3071; x_wconf 85' lang='lat' dir='ltr'>ac</span> <span class='ocrx_word' id='word_1_362' title='bbox 1050 3040 1144 3082; x_wconf 86' lang='lat' dir='ltr'>privi-</span> 
     </span>
     <span class='ocr_line' id='line_1_60' title="bbox 261 3084 1143 3130; baseline 0.003 -10"><span class='ocrx_word' id='word_1_363' title='bbox 261 3086 348 3130; x_wconf 87' lang='lat' dir='ltr'>legia</span> <span class='ocrx_word' id='word_1_364' title='bbox 377 3084 524 3130; x_wconf 82' lang='lat' dir='ltr'>quaedam</span> <span class='ocrx_word' id='word_1_365' title='bbox 554 3086 781 3130; x_wconf 84' lang='lat' dir='ltr'>particularia,</span> <span class='ocrx_word' id='word_1_366' title='bbox 810 3098 868 3129; x_wconf 87' lang='lat' dir='ltr'>pro</span> <span class='ocrx_word' id='word_1_367' title='bbox 895 3087 1013 3129; x_wconf 86' lang='lat' dir='ltr'>quibus</span> <span class='ocrx_word' id='word_1_368' title='bbox 1026 3088 1070 3123; x_wconf 86' lang='lat' dir='ltr'>ita</span> <span class='ocrx_word' id='word_1_369' title='bbox 1083 3092 1143 3123; x_wconf 82' lang='lat' dir='ltr'>cla·</span> 
     </span>
     <span class='ocr_line' id='line_1_61' title="bbox 261 3134 1144 3179; baseline 0.005 -9"><span class='ocrx_word' id='word_1_370' title='bbox 261 3146 387 3170; x_wconf 85' lang='lat' dir='ltr'>matum</span> <span class='ocrx_word' id='word_1_371' title='bbox 414 3134 460 3170; x_wconf 89' lang='lat' dir='ltr'>est</span> <span class='ocrx_word' id='word_1_372' title='bbox 487 3135 528 3170; x_wconf 85' lang='lat' dir='ltr'>ab</span> <span class='ocrx_word' id='word_1_373' title='bbox 554 3136 710 3169; x_wconf 86' lang='lat' dir='ltr'>omnibus</span> <span class='ocrx_word' id='word_1_374' title='bbox 735 3137 905 3179; x_wconf 77' lang='lat' dir='ltr'>Episcopis</span> <span class='ocrx_word' id='word_1_375' title='bbox 920 3137 1144 3174; x_wconf 86' lang='lat' dir='ltr'>ConciliiMi-</span> 
     </span>
     <span class='ocr_line' id='line_1_62' title="bbox 259 3185 1142 3229; baseline 0.003 -9"><span class='ocrx_word' id='word_1_376' title='bbox 259 3185 417 3220; x_wconf 87' lang='lat' dir='ltr'>levitani.</span> <span class='ocrx_word' id='word_1_377' title='bbox 445 3187 536 3219; x_wconf 75' lang='lat' dir='ltr'>Salvo</span> <span class='ocrx_word' id='word_1_378' title='bbox 555 3188 628 3229; x_wconf 82' lang='lat' dir='ltr'>jure</span> <span class='ocrx_word' id='word_1_379' title='bbox 653 3188 811 3221; x_wconf 71' lang='lat' dir='ltr'>Primam:</span> <span class='ocrx_word' id='word_1_380' title='bbox 839 3189 1142 3224; x_wconf 64' lang='lat' dir='ltr'>Numidraeemau-</span> 
     </span>
    </p>
   </div>
   <div class='ocr_carea' id='block_1_4' title="bbox 259 3234 1158 3381">
    <p class='ocr_par' dir='ltr' id='par_1_4' title="bbox 259 3234 1158 3381">
     <span class='ocr_line' id='line_1_63' title="bbox 259 3234 1158 3283; baseline 0.007 -15"><span class='ocrx_word' id='word_1_381' title='bbox 259 3240 401 3269; x_wconf 75' lang='lat' dir='ltr'>ritantae.</span> <span class='ocrx_word' id='word_1_382' title='bbox 431 3234 533 3269; x_wconf 86' lang='lat' dir='ltr'>Erant</span> <span class='ocrx_word' id='word_1_383' title='bbox 560 3235 625 3277; x_wconf 80' lang='lat' dir='ltr'>jura</span> <span class='ocrx_word' id='word_1_384' title='bbox 641 3247 781 3282; x_wconf 83' lang='lat' dir='ltr'>magna.</span> <span class='ocrx_word' id='word_1_385' title='bbox 812 3238 944 3281; x_wconf 84' lang='lat' dir='ltr'>anue,</span> <span class='ocrx_word' id='word_1_386' title='bbox 972 3241 1158 3283; x_wconf 54' lang='lat' dir='ltr'>praesertim,</span> 
     </span>
     <span class='ocr_line' id='line_1_64' title="bbox 261 3284 1158 3334; baseline 0.006 -14"><span class='ocrx_word' id='word_1_387' title='bbox 261 3286 436 3320; x_wconf 89' lang='lat' dir='ltr'>Numidici</span> <span class='ocrx_word' id='word_1_388' title='bbox 464 3284 627 3321; x_wconf 72' lang='lat' dir='ltr'>primatus</span> <span class='ocrx_word' id='word_1_389' title='bbox 653 3286 742 3331; x_wconf 84' lang='lat' dir='ltr'>jura,</span> <span class='ocrx_word' id='word_1_390' title='bbox 770 3296 806 3320; x_wconf 89' lang='lat' dir='ltr'>ut</span> <span class='ocrx_word' id='word_1_391' title='bbox 834 3288 890 3321; x_wconf 85' lang='lat' dir='ltr'>ista</span> <span class='ocrx_word' id='word_1_392' title='bbox 917 3289 970 3323; x_wconf 91' lang='lat' dir='ltr'>via</span> <span class='ocrx_word' id='word_1_393' title='bbox 998 3290 1158 3334; x_wconf 72' lang='lat' dir='ltr'>Caecilia·i</span> 
     </span>
     <span class='ocr_line' id='line_1_65' title="bbox 261 3335 1157 3381; baseline 0.009 -13"><span class='ocrx_word' id='word_1_394' title='bbox 261 3337 295 3369; x_wconf 91' lang='lat' dir='ltr'>ni</span> <span class='ocrx_word' id='word_1_395' title='bbox 323 3335 585 3381; x_wconf 83' lang='lat' dir='ltr'>Carthaginensis</span> <span class='ocrx_word' id='word_1_396' title='bbox 611 3335 692 3370; x_wconf 90' lang='lat' dir='ltr'>olim</span> <span class='ocrx_word' id='word_1_397' title='bbox 718 3336 868 3381; x_wconf 84' lang='lat' dir='ltr'>Episcopi</span> <span class='ocrx_word' id='word_1_398' title='bbox 898 3338 1157 3377; x_wconf 80' lang='lat' dir='ltr'>ordinationem&#39;</span> 
     </span>
    </p>
   </div>
   <div class='ocr_carea' id='block_1_5' title="bbox 258 3386 1145 3484">
    <p class='ocr_par' dir='ltr' id='par_1_5' title="bbox 258 3386 1145 3484">
     <span class='ocr_line' id='line_1_66' title="bbox 258 3386 1143 3433; baseline 0.008 -14"><span class='ocrx_word' id='word_1_399' title='bbox 258 3386 380 3421; x_wconf 83' lang='lat' dir='ltr'>irritam</span> <span class='ocrx_word' id='word_1_400' title='bbox 397 3387 588 3427; x_wconf 85' lang='lat' dir='ltr'>redderent,</span> <span class='ocrx_word' id='word_1_401' title='bbox 616 3387 747 3433; x_wconf 88' lang='lat' dir='ltr'>largiter</span> <span class='ocrx_word' id='word_1_402' title='bbox 759 3390 914 3430; x_wconf 82' lang='lat' dir='ltr'>ampliare</span> <span class='ocrx_word' id='word_1_403' title='bbox 941 3392 1051 3424; x_wconf 89' lang='lat' dir='ltr'>conati</span> <span class='ocrx_word' id='word_1_404' title='bbox 1068 3393 1143 3426; x_wconf 87' lang='lat' dir='ltr'>sunt</span> 
     </span>
     <span class='ocr_line' id='line_1_67' title="bbox 259 3435 1145 3484; baseline 0.005 -11"><span class='ocrx_word' id='word_1_405' title='bbox 259 3435 462 3473; x_wconf 81' lang='lat' dir='ltr'>Donatistae.</span> <span class='ocrx_word' id='word_1_406' title='bbox 493 3436 588 3472; x_wconf 82' lang='lat' dir='ltr'>Patet</span> <span class='ocrx_word' id='word_1_407' title='bbox 616 3437 650 3472; x_wconf 90' lang='lat' dir='ltr'>id</span> <span class='ocrx_word' id='word_1_408' title='bbox 677 3449 720 3473; x_wconf 85' lang='lat' dir='ltr'>ex</span> <span class='ocrx_word' id='word_1_409' title='bbox 733 3437 924 3484; x_wconf 79' lang='lat' dir='ltr'>Augustino</span> <span class='ocrx_word' id='word_1_410' title='bbox 950 3440 990 3475; x_wconf 84' lang='lat' dir='ltr'>fic</span> <span class='ocrx_word' id='word_1_411' title='bbox 1004 3442 1145 3477; x_wconf 84' lang='lat' dir='ltr'>scriben-</span> 
     </span>
    </p>
   </div>
   <div class='ocr_carea' id='block_1_6' title="bbox 1136 261 1167 1413">
    <p class='ocr_par' dir='ltr' id='par_1_6' title="bbox 1136 261 1167 1413">
     <span class='ocr_line' id='line_1_68' title="bbox 1136 261 1167 1413; baseline 0 0"><span class='ocrx_word' id='word_1_412' title='bbox 1136 261 1167 1413; x_wconf 95' lang='lat' dir='ltr'> </span> 
     </span>
    </p>
   </div>
   <div class='ocr_carea' id='block_1_7' title="bbox 1147 1510 1169 1918">
    <p class='ocr_par' dir='ltr' id='par_1_7' title="bbox 1147 1510 1169 1918">
     <span class='ocr_line' id='line_1_69' title="bbox 1147 1510 1169 1918; baseline 0 1852"><span class='ocrx_word' id='word_1_413' title='bbox 1147 1510 1169 1918; x_wconf 95' lang='lat' dir='ltr'> </span> 
     </span>
    </p>
   </div>
   <div class='ocr_carea' id='block_1_8' title="bbox 1145 1969 1173 3210">
    <p class='ocr_par' dir='ltr' id='par_1_8' title="bbox 1145 1969 1173 3210">
     <span class='ocr_line' id='line_1_70' title="bbox 1145 1969 1173 3210; baseline 0 0"><span class='ocrx_word' id='word_1_414' title='bbox 1145 1969 1173 3210; x_wconf 95' lang='lat' dir='ltr'> </span> 
     </span>
    </p>
   </div>
   <div class='ocr_carea' id='block_1_9' title="bbox 1173 118 2031 159">
    <p class='ocr_par' dir='ltr' id='par_1_9' title="bbox 1173 118 2031 159">
     <span class='ocr_line' id='line_1_71' title="bbox 1173 118 2031 159; baseline 0.002 -9"><span class='ocrx_word' id='word_1_415' title='bbox 1173 118 1575 152; x_wconf 74' lang='grc' dir='ltr'>συετιΝι.</span> <span class='ocrx_word' id='word_1_416' title='bbox 1972 119 2031 159; x_wconf 83' lang='lat'>19</span> 
     </span>
    </p>
   </div>
   <div class='ocr_carea' id='block_1_10' title="bbox 1168 185 2234 232">
    <p class='ocr_par' dir='ltr' id='par_1_10' title="bbox 1168 185 2234 232">
     <span class='ocr_line' id='line_1_72' title="bbox 1168 185 2234 232; baseline -0.001 -11"><span class='ocrx_word' id='word_1_417' title='bbox 1168 199 1215 222; x_wconf 56' lang='lat' dir='ltr'>tte</span> <span class='ocrx_word' id='word_1_418' title='bbox 1238 189 1270 222; x_wconf 91' lang='lat' dir='ltr'>in</span> <span class='ocrx_word' id='word_1_419' title='bbox 1299 188 1472 223; x_wconf 88' lang='lat' dir='ltr'>Breviculo</span> <span class='ocrx_word' id='word_1_420' title='bbox 1489 189 1760 225; x_wconf 85' lang='lat' dir='ltr'>collationiscum</span> <span class='ocrx_word' id='word_1_421' title='bbox 1773 189 1972 227; x_wconf 86' lang='lat' dir='ltr'>Donatistis.</span> <span class='ocrx_word' id='word_1_422' title='bbox 2009 185 2115 221; x_wconf 82' lang='lat' dir='ltr'><strong>Do·L.</strong></span> <span class='ocrx_word' id='word_1_423' title='bbox 2134 197 2164 232; x_wconf 84' lang='grc' dir='ltr'>ς.</span> <span class='ocrx_word' id='word_1_424' title='bbox 2201 198 2234 221; x_wconf 82' lang='lat' dir='ltr'>c·</span> 
     </span>
    </p>
   </div>
   <div class='ocr_carea' id='block_1_11' title="bbox 1170 234 2254 3541">
    <p class='ocr_par' dir='ltr' id='par_1_11' title="bbox 1170 234 2134 1585">
     <span class='ocr_line' id='line_1_73' title="bbox 1170 234 2134 288; baseline 0.003 -16"><span class='ocrx_word' id='word_1_425' title='bbox 1170 234 1303 288; x_wconf 30' lang='grc' dir='ltr'>’,κατέβα</span> <span class='ocrx_word' id='word_1_426' title='bbox 1327 240 1416 282; x_wconf 84' lang='lat' dir='ltr'>longa</span> <span class='ocrx_word' id='word_1_427' title='bbox 1438 237 1636 281; x_wconf 75' lang='lat' dir='ltr'>prosecutione</span> <span class='ocrx_word' id='word_1_428' title='bbox 1662 242 1788 284; x_wconf 81' lang='lat' dir='ltr'>agebant</span> <span class='ocrx_word' id='word_1_429' title='bbox 1803 266 1812 280; x_wconf 89' lang='lat'><em>‚</em></span> <span class='ocrx_word' id='word_1_430' title='bbox 1838 242 1916 283; x_wconf 79' lang='lat' dir='ltr'>quod</span> <span class='ocrx_word' id='word_1_431' title='bbox 1939 251 1999 274; x_wconf 82' lang='lat' dir='ltr'>non</span> <span class='ocrx_word' id='word_1_432' title='bbox 2011 251 2050 273; x_wconf 77' lang='lat' dir='ltr'>ex</span> <span class='ocrx_word' id='word_1_433' title='bbox 2084 238 2134 275; x_wconf 88' lang='lat'>16-</span> 
     </span>
     <span class='ocr_line' id='line_1_74' title="bbox 1179 289 2066 332; baseline 0 -11"><span class='ocrx_word' id='word_1_434' title='bbox 1179 289 1351 332; x_wconf 67' lang='lat' dir='ltr'>pec‘laverit</span> <span class='ocrx_word' id='word_1_435' title='bbox 1379 290 1563 324; x_wconf 61' lang='lat' dir='ltr'>emilianus</span> <span class='ocrx_word' id='word_1_436' title='bbox 1589 313 1599 328; x_wconf 84' lang='lat'>,</span> <span class='ocrx_word' id='word_1_437' title='bbox 1638 299 1672 322; x_wconf 83' lang='lat' dir='ltr'>ut</span> <span class='ocrx_word' id='word_1_438' title='bbox 1699 293 1840 332; x_wconf 64' lang='lat' dir='ltr'>Princeps</span> <span class='ocrx_word' id='word_1_439' title='bbox 1865 292 1887 324; x_wconf 75' lang='grc' dir='ltr'>ιὶ</span> <span class='ocrx_word' id='word_1_440' title='bbox 1925 293 2066 329; x_wconf 72' lang='lat' dir='ltr'>Principe</span> 
     </span>
     <span class='ocr_line' id='line_1_75' title="bbox 1172 338 2070 434; baseline 0.002 -64"><span class='ocrx_word' id='word_1_441' title='bbox 1172 340 1393 433; x_wconf 49' lang='lat' dir='ltr'>⁸Ja&#39;i&#39;narj’fur:</span> <span class='ocrx_word' id='word_1_442' title='bbox 1419 342 1498 371; x_wconf 84' lang='lat' dir='ltr'>Cum</span> <span class='ocrx_word' id='word_1_443' title='bbox 1525 339 1613 374; x_wconf 82' lang='lat' dir='ltr'>aliud</span> <span class='ocrx_word' id='word_1_444' title='bbox 1639 338 1764 420; x_wconf 46' lang='lat' dir='ltr'>habeat!</span> <span class='ocrx_word' id='word_1_445' title='bbox 1779 341 1944 434; x_wconf 53' lang='lat' dir='ltr'>Catbpsflcae</span> <span class='ocrx_word' id='word_1_446' title='bbox 1968 340 2070 373; x_wconf 75' lang='lat' dir='ltr'>Eccle-</span> 
     </span>
     <span class='ocr_line' id='line_1_76' title="bbox 1173 391 2067 431; baseline 0.001 -10"><span class='ocrx_word' id='word_1_447' title='bbox 1173 400 1232 426; x_wconf 61' lang='grc' dir='ltr'>,ιι</span> <span class='ocrx_word' id='word_1_448' title='bbox 1258 400 1309 421; x_wconf 85' lang='lat' dir='ltr'>con</span> <span class='ocrx_word' id='word_1_449' title='bbox 1325 391 1434 423; x_wconf 79' lang='lat' dir='ltr'>uetudo</span> <span class='ocrx_word' id='word_1_450' title='bbox 1457 413 1468 429; x_wconf 90' lang='lat'>‚</span> <span class='ocrx_word' id='word_1_451' title='bbox 1496 398 1529 423; x_wconf 81' lang='lat' dir='ltr'>ut</span> <span class='ocrx_word' id='word_1_452' title='bbox 1555 400 1613 421; x_wconf 87' lang='lat' dir='ltr'>non</span> <span class='ocrx_word' id='word_1_453' title='bbox 1641 393 1739 423; x_wconf 76' lang='lat' dir='ltr'>Numi</span> <span class='ocrx_word' id='word_1_454' title='bbox 1763 397 1799 421; x_wconf 80' lang='lat' dir='ltr'>1ae</span> <span class='ocrx_word' id='word_1_455' title='bbox 1820 413 1829 427; x_wconf 90' lang='lat'>,</span> <span class='ocrx_word' id='word_1_456' title='bbox 1881 394 1920 424; x_wconf 76' lang='lat' dir='ltr'>ed</span> <span class='ocrx_word' id='word_1_457' title='bbox 1968 395 2067 431; x_wconf 71' lang='lat' dir='ltr'>ropin-</span> 
     </span>
     <span class='ocr_line' id='line_1_77' title="bbox 1173 399 2065 483; baseline 0.001 -12"><span class='ocrx_word' id='word_1_458' title='bbox 1173 429 1303 482; x_wconf 73' lang='lat' dir='ltr'>iquiores</span> <span class='ocrx_word' id='word_1_459' title='bbox 1331 437 1473 481; x_wconf 67' lang='lat' dir='ltr'>Epist-opi</span> <span class='ocrx_word' id='word_1_460' title='bbox 1502 437 1681 482; x_wconf 73' lang='lat' dir='ltr'>Episcopum</span> <span class='ocrx_word' id='word_1_461' title='bbox 1711 437 1840 480; x_wconf 79' lang='lat' dir='ltr'>Ecclefiae</span> <span class='ocrx_word' id='word_1_462' title='bbox 1866 399 2065 483; x_wconf 51' lang='lat' dir='ltr'>Cartgaginis</span> 
     </span>
     <span class='ocr_line' id='line_1_78' title="bbox 1189 488 2069 530; baseline 0.001 -10"><span class='ocrx_word' id='word_1_463' title='bbox 1189 491 1350 522; x_wconf 75' lang='lat' dir='ltr'>ordinent.-</span> <span class='ocrx_word' id='word_1_464' title='bbox 1377 491 1456 523; x_wconf 70' lang='lat' dir='ltr'>Sicut</span> <span class='ocrx_word' id='word_1_465' title='bbox 1483 500 1534 523; x_wconf 84' lang='lat' dir='ltr'>nec</span> <span class='ocrx_word' id='word_1_466' title='bbox 1559 493 1704 523; x_wconf 65' lang='lat' dir='ltr'>Romana</span> <span class='ocrx_word' id='word_1_467' title='bbox 1731 488 1863 530; x_wconf 79' lang='lat' dir='ltr'>Ecclefiae</span> <span class='ocrx_word' id='word_1_468' title='bbox 1889 494 2010 524; x_wconf 72' lang='lat' dir='ltr'>ordinat</span> <span class='ocrx_word' id='word_1_469' title='bbox 2035 501 2069 521; x_wconf 82' lang='lat' dir='ltr'>a·</span> 
     </span>
     <span class='ocr_line' id='line_1_79' title="bbox 1189 536 2068 582; baseline -0.003 -10"><span class='ocrx_word' id='word_1_470' title='bbox 1189 541 1278 581; x_wconf 70' lang='lat' dir='ltr'>liquis</span> <span class='ocrx_word' id='word_1_471' title='bbox 1305 541 1559 581; x_wconf 63' lang='lat' dir='ltr'>Metropolitanus</span> <span class='ocrx_word' id='word_1_472' title='bbox 1587 563 1597 579; x_wconf 91' lang='lat'><strong>,</strong></span> <span class='ocrx_word' id='word_1_473' title='bbox 1630 538 1688 582; x_wconf 82' lang='lat' dir='ltr'>sed</span> <span class='ocrx_word' id='word_1_474' title='bbox 1712 541 1749 574; x_wconf 84' lang='lat' dir='ltr'>de</span> <span class='ocrx_word' id='word_1_475' title='bbox 1772 545 1910 581; x_wconf 80' lang='lat' dir='ltr'>proximo</span> <span class='ocrx_word' id='word_1_476' title='bbox 1936 536 2068 580; x_wconf 72' lang='lat' dir='ltr'>ostienfis</span> 
     </span>
     <span class='ocr_line' id='line_1_80' title="bbox 1190 587 2070 633; baseline -0.001 -11"><span class='ocrx_word' id='word_1_477' title='bbox 1190 589 1374 633; x_wconf 63' lang='lat' dir='ltr'>Episcopus.</span> <span class='ocrx_word' id='word_1_478' title='bbox 1403 592 1458 622; x_wconf 81' lang='lat' dir='ltr'>Hoc</span> <span class='ocrx_word' id='word_1_479' title='bbox 1476 599 1574 622; x_wconf 83' lang='lat' dir='ltr'>autem</span> <span class='ocrx_word' id='word_1_480' title='bbox 1600 591 1730 623; x_wconf 73' lang='lat' dir='ltr'>dicentes</span> <span class='ocrx_word' id='word_1_481' title='bbox 1757 592 1794 622; x_wconf 86' lang='lat' dir='ltr'>de</span> <span class='ocrx_word' id='word_1_482' title='bbox 1816 587 1875 633; x_wconf 82' lang='lat' dir='ltr'>sua</span> <span class='ocrx_word' id='word_1_483' title='bbox 1891 590 2070 632; x_wconf 74' lang='lat' dir='ltr'>consuetudi-</span> 
     </span>
     <span class='ocr_line' id='line_1_81' title="bbox 1191 638 2070 684; baseline -0.003 -11"><span class='ocrx_word' id='word_1_484' title='bbox 1191 651 1226 673; x_wconf 86' lang='lat' dir='ltr'>ne</span> <span class='ocrx_word' id='word_1_485' title='bbox 1256 665 1266 680; x_wconf 95' lang='lat'><strong><em>,</em></strong></span> <span class='ocrx_word' id='word_1_486' title='bbox 1294 651 1386 681; x_wconf 84' lang='lat' dir='ltr'>quam</span> <span class='ocrx_word' id='word_1_487' title='bbox 1411 638 1507 684; x_wconf 71' lang='lat' dir='ltr'>nescio</span> <span class='ocrx_word' id='word_1_488' title='bbox 1533 642 1654 682; x_wconf 81' lang='lat' dir='ltr'>quando</span> <span class='ocrx_word' id='word_1_489' title='bbox 1679 640 1868 680; x_wconf 68' lang='lat' dir='ltr'>Instituerunt</span> <span class='ocrx_word' id='word_1_490' title='bbox 1893 663 1902 677; x_wconf 83' lang='lat'>‚</span> <span class='ocrx_word' id='word_1_491' title='bbox 1940 638 2070 678; x_wconf 81' lang='lat' dir='ltr'>Ecclefiae</span> 
     </span>
     <span class='ocr_line' id='line_1_82' title="bbox 1191 688 2072 732; baseline -0.002 -10"><span class='ocrx_word' id='word_1_492' title='bbox 1191 690 1352 726; x_wconf 72' lang='lat' dir='ltr'>Catboltcae</span> <span class='ocrx_word' id='word_1_493' title='bbox 1375 691 1578 731; x_wconf 72' lang='lat' dir='ltr'>praejudr&#39;care</span> <span class='ocrx_word' id='word_1_494' title='bbox 1603 691 1788 725; x_wconf 81' lang='lat' dir='ltr'>conabantur</span> <span class='ocrx_word' id='word_1_495' title='bbox 1817 702 1823 721; x_wconf 95' lang='lat'>:</span> <span class='ocrx_word' id='word_1_496' title='bbox 1852 691 1933 732; x_wconf 51' lang='grc' dir='ltr'>,ραι</span> <span class='ocrx_word' id='word_1_497' title='bbox 1959 688 2072 729; x_wconf 77' lang='lat' dir='ltr'>consue·</span> 
     </span>
     <span class='ocr_line' id='line_1_83' title="bbox 1193 739 2074 783; baseline -0.005 -10"><span class='ocrx_word' id='word_1_498' title='bbox 1193 741 1262 775; x_wconf 81' lang='lat' dir='ltr'>tudo</span> <span class='ocrx_word' id='word_1_499' title='bbox 1283 739 1313 782; x_wconf 84' lang='lat' dir='ltr'><em>fi</em></span> <span class='ocrx_word' id='word_1_500' title='bbox 1334 747 1463 783; x_wconf 70' lang='lat' dir='ltr'>antiqua</span> <span class='ocrx_word' id='word_1_501' title='bbox 1488 741 1556 782; x_wconf 82' lang='lat' dir='ltr'>esset</span> <span class='ocrx_word' id='word_1_502' title='bbox 1572 764 1582 780; x_wconf 91' lang='lat'>‚</span> <span class='ocrx_word' id='word_1_503' title='bbox 1609 740 1660 773; x_wconf 87' lang='lat' dir='ltr'>boc</span> <span class='ocrx_word' id='word_1_504' title='bbox 1686 739 1784 782; x_wconf 74' lang='lat' dir='ltr'>ipsum</span> <span class='ocrx_word' id='word_1_505' title='bbox 1809 739 1973 781; x_wconf 68' lang='lat' dir='ltr'>objecissent</span> <span class='ocrx_word' id='word_1_506' title='bbox 2000 742 2074 770; x_wconf 67' lang='lat' dir='ltr'>(3ae-</span> 
     </span>
     <span class='ocr_line' id='line_1_84' title="bbox 1184 786 2076 839; baseline -0.003 -16"><span class='ocrx_word' id='word_1_507' title='bbox 1184 791 1317 830; x_wconf 63' lang='lat' dir='ltr'>trumo,</span> <span class='ocrx_word' id='word_1_508' title='bbox 1346 792 1466 832; x_wconf 84' lang='lat' dir='ltr'>quando</span> <span class='ocrx_word' id='word_1_509' title='bbox 1493 801 1548 825; x_wconf 84' lang='lat' dir='ltr'>non</span> <span class='ocrx_word' id='word_1_510' title='bbox 1573 789 1721 832; x_wconf 81' lang='lat' dir='ltr'>absentem</span> <span class='ocrx_word' id='word_1_511' title='bbox 1731 792 1957 826; x_wconf 77' lang='lat' dir='ltr'>damnaverunt</span> <span class='ocrx_word' id='word_1_512' title='bbox 1972 813 1980 820; x_wconf 91' lang='lat'><strong>.</strong></span> <span class='ocrx_word' id='word_1_513' title='bbox 2008 786 2076 839; x_wconf 54' lang='lat' dir='ltr'>Vp-</span> 
     </span>
     <span class='ocr_line' id='line_1_85' title="bbox 1194 839 2076 884; baseline -0.002 -12"><span class='ocrx_word' id='word_1_514' title='bbox 1194 852 1265 874; x_wconf 82' lang='lat' dir='ltr'>rum</span> <span class='ocrx_word' id='word_1_515' title='bbox 1288 840 1329 875; x_wconf 91' lang='lat' dir='ltr'>de</span> <span class='ocrx_word' id='word_1_516' title='bbox 1356 839 1443 877; x_wconf 84' lang='lat' dir='ltr'>hisce</span> <span class='ocrx_word' id='word_1_517' title='bbox 1469 840 1627 876; x_wconf 86' lang='lat' dir='ltr'>omnibus</span> <span class='ocrx_word' id='word_1_518' title='bbox 1654 843 1743 884; x_wconf 88' lang='lat' dir='ltr'>plura</span> <span class='ocrx_word' id='word_1_519' title='bbox 1773 850 1899 883; x_wconf 90' lang='lat' dir='ltr'>tempus</span> <span class='ocrx_word' id='word_1_520' title='bbox 1926 850 1994 873; x_wconf 87' lang='lat' dir='ltr'>non</span> <span class='ocrx_word' id='word_1_521' title='bbox 2023 848 2076 880; x_wconf 82' lang='lat' dir='ltr'>pa-</span> 
     </span>
     <span class='ocr_line' id='line_1_86' title="bbox 1195 888 2078 935; baseline -0.003 -11"><span class='ocrx_word' id='word_1_522' title='bbox 1195 892 1273 925; x_wconf 87' lang='lat' dir='ltr'>titur</span> <span class='ocrx_word' id='word_1_523' title='bbox 1300 900 1405 934; x_wconf 87' lang='lat' dir='ltr'>neque</span> <span class='ocrx_word' id='word_1_524' title='bbox 1430 890 1521 926; x_wconf 84' lang='lat' dir='ltr'>locus</span> <span class='ocrx_word' id='word_1_525' title='bbox 1545 917 1553 928; x_wconf 88' lang='lat'>.</span> <span class='ocrx_word' id='word_1_526' title='bbox 1589 891 1679 929; x_wconf 87' lang='lat' dir='ltr'>Dico</span> <span class='ocrx_word' id='word_1_527' title='bbox 1708 892 1818 935; x_wconf 85' lang='lat' dir='ltr'>itaque</span> <span class='ocrx_word' id='word_1_528' title='bbox 1842 891 1991 926; x_wconf 89' lang='lat' dir='ltr'>Leonem</span> <span class='ocrx_word' id='word_1_529' title='bbox 2019 888 2078 922; x_wconf 82' lang='lat' dir='ltr'>Pa-</span> 
     </span>
     <span class='ocr_line' id='line_1_87' title="bbox 1196 939 2078 983; baseline -0.003 -9"><span class='ocrx_word' id='word_1_530' title='bbox 1196 951 1268 983; x_wconf 90' lang='lat' dir='ltr'>pam</span> <span class='ocrx_word' id='word_1_531' title='bbox 1292 951 1419 974; x_wconf 87' lang='lat' dir='ltr'>nonum</span> <span class='ocrx_word' id='word_1_532' title='bbox 1441 951 1517 977; x_wconf 86' lang='lat' dir='ltr'>cum</span> <span class='ocrx_word' id='word_1_533' title='bbox 1542 942 1635 975; x_wconf 89' lang='lat' dir='ltr'>omni</span> <span class='ocrx_word' id='word_1_534' title='bbox 1659 940 1721 975; x_wconf 89' lang='lat' dir='ltr'>isto</span> <span class='ocrx_word' id='word_1_535' title='bbox 1746 945 1778 976; x_wconf 92' lang='lat' dir='ltr'>in</span> <span class='ocrx_word' id='word_1_536' title='bbox 1801 942 2001 975; x_wconf 87' lang='lat' dir='ltr'>contrarium</span> <span class='ocrx_word' id='word_1_537' title='bbox 2024 939 2078 973; x_wconf 84' lang='lat' dir='ltr'>ad·</span> 
     </span>
     <span class='ocr_line' id='line_1_88' title="bbox 1195 989 2079 1038; baseline -0.003 -14"><span class='ocrx_word' id='word_1_538' title='bbox 1195 992 1293 1024; x_wconf 74' lang='lat' dir='ltr'>dusto</span> <span class='ocrx_word' id='word_1_539' title='bbox 1318 989 1477 1030; x_wconf 79' lang='lat' dir='ltr'>Africano</span> <span class='ocrx_word' id='word_1_540' title='bbox 1497 1002 1626 1025; x_wconf 85' lang='lat' dir='ltr'>canone</span> <span class='ocrx_word' id='word_1_541' title='bbox 1645 1002 1743 1038; x_wconf 83' lang='lat' dir='ltr'>quam</span> <span class='ocrx_word' id='word_1_542' title='bbox 1770 990 1896 1034; x_wconf 76' lang='lat' dir='ltr'>optime</span> <span class='ocrx_word' id='word_1_543' title='bbox 1907 989 2079 1025; x_wconf 81' lang='lat' dir='ltr'>cohaerere.</span> 
     </span>
     <span class='ocr_line' id='line_1_89' title="bbox 1197 1039 2080 1085; baseline 0.002 -12"><span class='ocrx_word' id='word_1_544' title='bbox 1197 1040 1250 1077; x_wconf 84' lang='lat' dir='ltr'>Isti</span> <span class='ocrx_word' id='word_1_545' title='bbox 1272 1039 1393 1082; x_wconf 74' lang='lat' dir='ltr'>quippe</span> <span class='ocrx_word' id='word_1_546' title='bbox 1405 1050 1523 1074; x_wconf 85' lang='lat' dir='ltr'>omnes</span> <span class='ocrx_word' id='word_1_547' title='bbox 1536 1041 1688 1077; x_wconf 73' lang='lat' dir='ltr'>Africani</span> <span class='ocrx_word' id='word_1_548' title='bbox 1703 1052 1846 1079; x_wconf 80' lang='lat' dir='ltr'>canones</span> <span class='ocrx_word' id='word_1_549' title='bbox 1862 1066 1872 1082; x_wconf 95' lang='lat'>,</span> <span class='ocrx_word' id='word_1_550' title='bbox 1899 1042 2080 1085; x_wconf 81' lang='lat' dir='ltr'>omniaque</span> 
     </span>
     <span class='ocr_line' id='line_1_90' title="bbox 1196 1090 2081 1135; baseline 0.001 -12"><span class='ocrx_word' id='word_1_551' title='bbox 1196 1102 1235 1123; x_wconf 82' lang='lat' dir='ltr'>ex</span> <span class='ocrx_word' id='word_1_552' title='bbox 1259 1091 1365 1123; x_wconf 69' lang='lat' dir='ltr'>sancto</span> <span class='ocrx_word' id='word_1_553' title='bbox 1387 1090 1577 1134; x_wconf 78' lang='lat' dir='ltr'>Augustino</span> <span class='ocrx_word' id='word_1_554' title='bbox 1602 1091 1740 1128; x_wconf 69' lang='lat' dir='ltr'>adducta</span> <span class='ocrx_word' id='word_1_555' title='bbox 1763 1093 1911 1134; x_wconf 83' lang='lat' dir='ltr'>exempla</span> <span class='ocrx_word' id='word_1_556' title='bbox 1936 1092 2081 1135; x_wconf 90' lang='lat' dir='ltr'>loquun-</span> 
     </span>
     <span class='ocr_line' id='line_1_91' title="bbox 1198 1138 2080 1186; baseline 0.002 -14"><span class='ocrx_word' id='word_1_557' title='bbox 1198 1151 1249 1173; x_wconf 85' lang='lat' dir='ltr'>tur</span> <span class='ocrx_word' id='word_1_558' title='bbox 1269 1139 1311 1173; x_wconf 88' lang='lat' dir='ltr'>de</span> <span class='ocrx_word' id='word_1_559' title='bbox 1334 1140 1510 1183; x_wconf 87' lang='lat' dir='ltr'>provinciis</span> <span class='ocrx_word' id='word_1_560' title='bbox 1532 1138 1708 1174; x_wconf 80' lang='lat' dir='ltr'>Primatem</span> <span class='ocrx_word' id='word_1_561' title='bbox 1722 1141 1940 1180; x_wconf 75' lang='lat' dir='ltr'>habentibus,</span> <span class='ocrx_word' id='word_1_562' title='bbox 1961 1140 2080 1186; x_wconf 86' lang='lat' dir='ltr'>quibus</span> 
     </span>
     <span class='ocr_line' id='line_1_92' title="bbox 1198 1187 2080 1235; baseline -0.001 -12"><span class='ocrx_word' id='word_1_563' title='bbox 1198 1192 1262 1226; x_wconf 73' lang='lat' dir='ltr'>sine</span> <span class='ocrx_word' id='word_1_564' title='bbox 1283 1187 1550 1235; x_wconf 70' lang='lat' dir='ltr'>Carthagi‘nensis</span> <span class='ocrx_word' id='word_1_565' title='bbox 1564 1189 1845 1225; x_wconf 53' lang='lat' dir='ltr'>‘Archi-Primatis</span> <span class='ocrx_word' id='word_1_566' title='bbox 1869 1192 2029 1227; x_wconf 71' lang='lat' dir='ltr'>mandato</span> <span class='ocrx_word' id='word_1_567' title='bbox 2041 1200 2080 1223; x_wconf 85' lang='lat' dir='ltr'>ac</span> 
     </span>
     <span class='ocr_line' id='line_1_93' title="bbox 1198 1240 2082 1287; baseline -0.002 -12"><span class='ocrx_word' id='word_1_568' title='bbox 1198 1242 1359 1277; x_wconf 86' lang='lat' dir='ltr'>consensu</span> <span class='ocrx_word' id='word_1_569' title='bbox 1381 1240 1523 1274; x_wconf 86' lang='lat' dir='ltr'>omnino</span> <span class='ocrx_word' id='word_1_570' title='bbox 1546 1240 1666 1277; x_wconf 77' lang='lat' dir='ltr'>licebat</span> <span class='ocrx_word' id='word_1_571' title='bbox 1703 1242 1883 1287; x_wconf 88' lang='lat' dir='ltr'>Episcopos</span> <span class='ocrx_word' id='word_1_572' title='bbox 1909 1251 2018 1277; x_wconf 79' lang='lat' dir='ltr'>creare</span> <span class='ocrx_word' id='word_1_573' title='bbox 2044 1249 2082 1273; x_wconf 83' lang='lat' dir='ltr'>ac</span> 
     </span>
     <span class='ocr_line' id='line_1_94' title="bbox 1198 1290 2083 1338; baseline -0.002 -12"><span class='ocrx_word' id='word_1_574' title='bbox 1198 1292 1381 1334; x_wconf 86' lang='lat' dir='ltr'>deponere,</span> <span class='ocrx_word' id='word_1_575' title='bbox 1409 1290 1616 1338; x_wconf 85' lang='lat' dir='ltr'>conciliaque</span> <span class='ocrx_word' id='word_1_576' title='bbox 1644 1292 1856 1335; x_wconf 70' lang='lat' dir='ltr'>provincialia</span> <span class='ocrx_word' id='word_1_577' title='bbox 1882 1302 2025 1336; x_wconf 82' lang='lat' dir='ltr'>cogere3</span> <span class='ocrx_word' id='word_1_578' title='bbox 2049 1299 2083 1324; x_wconf 84' lang='lat' dir='ltr'>at</span> 
     </span>
     <span class='ocr_line' id='line_1_95' title="bbox 1201 1339 2084 1386; baseline 0.001 -12"><span class='ocrx_word' id='word_1_579' title='bbox 1201 1342 1276 1375; x_wconf 79' lang='lat' dir='ltr'>vero</span> <span class='ocrx_word' id='word_1_580' title='bbox 1304 1341 1372 1377; x_wconf 89' lang='lat' dir='ltr'>Leo</span> <span class='ocrx_word' id='word_1_581' title='bbox 1395 1339 1482 1384; x_wconf 85' lang='lat' dir='ltr'>Papa</span> <span class='ocrx_word' id='word_1_582' title='bbox 1506 1352 1614 1378; x_wconf 81' lang='lat' dir='ltr'>nonus</span> <span class='ocrx_word' id='word_1_583' title='bbox 1635 1343 1676 1379; x_wconf 88' lang='lat' dir='ltr'>de</span> <span class='ocrx_word' id='word_1_584' title='bbox 1702 1343 1881 1386; x_wconf 83' lang='lat' dir='ltr'>provinciis</span> <span class='ocrx_word' id='word_1_585' title='bbox 1904 1341 2084 1378; x_wconf 77' lang='lat' dir='ltr'>primatem</span> 
     </span>
     <span class='ocr_line' id='line_1_96' title="bbox 1200 1391 2087 1438; baseline -0.002 -12"><span class='ocrx_word' id='word_1_586' title='bbox 1200 1403 1266 1426; x_wconf 83' lang='lat' dir='ltr'>non</span> <span class='ocrx_word' id='word_1_587' title='bbox 1292 1391 1487 1426; x_wconf 82' lang='lat' dir='ltr'>habentibus</span> <span class='ocrx_word' id='word_1_588' title='bbox 1518 1391 1664 1435; x_wconf 89' lang='lat' dir='ltr'>loquitur</span> <span class='ocrx_word' id='word_1_589' title='bbox 1690 1415 1700 1433; x_wconf 85' lang='lat'>‚</span> <span class='ocrx_word' id='word_1_590' title='bbox 1736 1393 1841 1438; x_wconf 87' lang='lat' dir='ltr'>deque</span> <span class='ocrx_word' id='word_1_591' title='bbox 1864 1403 1973 1427; x_wconf 86' lang='lat' dir='ltr'>earum</span> <span class='ocrx_word' id='word_1_592' title='bbox 1998 1392 2087 1436; x_wconf 87' lang='lat' dir='ltr'>Epis-</span> 
     </span>
     <span class='ocr_line' id='line_1_97' title="bbox 1200 1440 2087 1485; baseline 0.001 -9"><span class='ocrx_word' id='word_1_593' title='bbox 1200 1442 1290 1485; x_wconf 86' lang='lat' dir='ltr'>copis</span> <span class='ocrx_word' id='word_1_594' title='bbox 1314 1466 1325 1481; x_wconf 94' lang='lat'>,</span> <span class='ocrx_word' id='word_1_595' title='bbox 1362 1440 1481 1485; x_wconf 77' lang='lat' dir='ltr'>quibus</span> <span class='ocrx_word' id='word_1_596' title='bbox 1500 1442 1559 1476; x_wconf 79' lang='lat' dir='ltr'>isia</span> <span class='ocrx_word' id='word_1_597' title='bbox 1580 1441 1693 1478; x_wconf 85' lang='lat' dir='ltr'>omnia</span> <span class='ocrx_word' id='word_1_598' title='bbox 1725 1444 1790 1479; x_wconf 84' lang='lat' dir='ltr'>sine</span> <span class='ocrx_word' id='word_1_599' title='bbox 1825 1445 1888 1479; x_wconf 83' lang='lat' dir='ltr'>isto</span> <span class='ocrx_word' id='word_1_600' title='bbox 1925 1442 2087 1478; x_wconf 84' lang='lat' dir='ltr'>consensu</span> 
     </span>
     <span class='ocr_line' id='line_1_98' title="bbox 1202 1490 2089 1541; baseline 0.003 -16"><span class='ocrx_word' id='word_1_601' title='bbox 1202 1503 1268 1525; x_wconf 91' lang='lat' dir='ltr'>non</span> <span class='ocrx_word' id='word_1_602' title='bbox 1294 1490 1452 1530; x_wconf 84' lang='lat' dir='ltr'>licebant.</span> <span class='ocrx_word' id='word_1_603' title='bbox 1483 1492 1537 1527; x_wconf 82' lang='lat' dir='ltr'>De</span> <span class='ocrx_word' id='word_1_604' title='bbox 1562 1493 1619 1528; x_wconf 85' lang='lat' dir='ltr'>tali</span> <span class='ocrx_word' id='word_1_605' title='bbox 1645 1502 1785 1539; x_wconf 84' lang='lat' dir='ltr'>namque</span> <span class='ocrx_word' id='word_1_606' title='bbox 1815 1494 1984 1541; x_wconf 89' lang='lat' dir='ltr'>provincia</span> <span class='ocrx_word' id='word_1_607' title='bbox 2018 1501 2089 1528; x_wconf 79' lang='lat' dir='ltr'>erat</span> 
     </span>
     <span class='ocr_line' id='line_1_99' title="bbox 1203 1541 1769 1585; baseline 0.002 -9"><span class='ocrx_word' id='word_1_608' title='bbox 1203 1541 1260 1576; x_wconf 86' lang='lat' dir='ltr'>iste</span> <span class='ocrx_word' id='word_1_609' title='bbox 1288 1541 1473 1585; x_wconf 81' lang='lat' dir='ltr'>Episcopus</span> <span class='ocrx_word' id='word_1_610' title='bbox 1501 1543 1769 1579; x_wconf 83' lang='lat' dir='ltr'>Gummitanus.·</span> 
     </span>
    </p>

    <p class='ocr_par' dir='ltr' id='par_1_12' title="bbox 1198 1586 2254 3489">
     <span class='ocr_line' id='line_1_100' title="bbox 1255 1586 2094 1639; baseline 0.001 -14"><span class='ocrx_word' id='word_1_611' title='bbox 1255 1593 1302 1628; x_wconf 74' lang='lat' dir='ltr'>At</span> <span class='ocrx_word' id='word_1_612' title='bbox 1325 1591 1452 1639; x_wconf 75' lang='lat' dir='ltr'>inquies</span> <span class='ocrx_word' id='word_1_613' title='bbox 1466 1615 1476 1633; x_wconf 93' lang='lat'>,</span> <span class='ocrx_word' id='word_1_614' title='bbox 1499 1602 1590 1627; x_wconf 82' lang='lat' dir='ltr'>erant</span> <span class='ocrx_word' id='word_1_615' title='bbox 1612 1593 1645 1628; x_wconf 90' lang='lat' dir='ltr'>in</span> <span class='ocrx_word' id='word_1_616' title='bbox 1672 1592 1785 1631; x_wconf 83' lang='lat' dir='ltr'>Africa</span> <span class='ocrx_word' id='word_1_617' title='bbox 1797 1603 1946 1636; x_wconf 66' lang='lat' dir='ltr'>¹quatuor·</span> <span class='ocrx_word' id='word_1_618' title='bbox 1967 1586 2094 1627; x_wconf 83' lang='lat' dir='ltr'>Prima·</span> 
     </span>
     <span class='ocr_line' id='line_1_101' title="bbox 1203 1642 2091 1688; baseline -0.001 -9"><span class='ocrx_word' id='word_1_619' title='bbox 1203 1655 1274 1685; x_wconf 80' lang='lat' dir='ltr'>tes,</span> <span class='ocrx_word' id='word_1_620' title='bbox 1299 1643 1413 1686; x_wconf 83' lang='lat' dir='ltr'>eisque</span> <span class='ocrx_word' id='word_1_621' title='bbox 1440 1642 1585 1684; x_wconf 70' lang='lat' dir='ltr'>rubjectae</span> <span class='ocrx_word' id='word_1_622' title='bbox 1610 1644 1786 1687; x_wconf 67' lang='lat' dir='ltr'>provincie</span> <span class='ocrx_word' id='word_1_623' title='bbox 1812 1646 1960 1688; x_wconf 85' lang='lat' dir='ltr'>quinque</span> <span class='ocrx_word' id='word_1_624' title='bbox 1982 1668 1991 1685; x_wconf 87' lang='lat'><em>,</em></span> <span class='ocrx_word' id='word_1_625' title='bbox 2019 1643 2091 1678; x_wconf 60' lang='lat' dir='ltr'>Nu*</span> 
     </span>
     <span class='ocr_line' id='line_1_102' title="bbox 1205 1690 2090 1738; baseline -0.003 -9"><span class='ocrx_word' id='word_1_626' title='bbox 1205 1692 1312 1729; x_wconf 79' lang='lat' dir='ltr'>midiae</span> <span class='ocrx_word' id='word_1_627' title='bbox 1336 1691 1424 1727; x_wconf 86' lang='lat' dir='ltr'>enim</span> <span class='ocrx_word' id='word_1_628' title='bbox 1454 1690 1590 1727; x_wconf 84' lang='lat' dir='ltr'>Primas&#39;</span> <span class='ocrx_word' id='word_1_629' title='bbox 1609 1703 1737 1736; x_wconf 69' lang='lat' dir='ltr'>praeerat</span> <span class='ocrx_word' id='word_1_630' title='bbox 1763 1695 1943 1738; x_wconf 86' lang='lat' dir='ltr'>provinciis</span> <span class='ocrx_word' id='word_1_631' title='bbox 1955 1692 2090 1727; x_wconf 77' lang='lat' dir='ltr'>duabus:</span> 
     </span>
     <span class='ocr_line' id='line_1_103' title="bbox 1204 1743 2097 1788; baseline 0.002 -12"><span class='ocrx_word' id='word_1_632' title='bbox 1204 1746 1236 1780; x_wconf 78' lang='lat' dir='ltr'>Si</span> <span class='ocrx_word' id='word_1_633' title='bbox 1260 1751 1340 1787; x_wconf 84' lang='lat' dir='ltr'>ergo</span> <span class='ocrx_word' id='word_1_634' title='bbox 1364 1743 1516 1776; x_wconf 85' lang='lat' dir='ltr'>omnium</span> <span class='ocrx_word' id='word_1_635' title='bbox 1540 1743 1673 1777; x_wconf 80' lang='lat' dir='ltr'>istarum</span> <span class='ocrx_word' id='word_1_636' title='bbox 1688 1747 1929 1788; x_wconf 77' lang='lat' dir='ltr'>provinciarum</span> <span class='ocrx_word' id='word_1_637' title='bbox 1959 1743 2097 1786; x_wconf 77' lang='lat' dir='ltr'>Episco-</span> 
     </span>
     <span class='ocr_line' id='line_1_104' title="bbox 1205 1792 2092 1839; baseline 0.001 -12"><span class='ocrx_word' id='word_1_638' title='bbox 1205 1795 1237 1839; x_wconf 86' lang='lat' dir='ltr'>pi</span> <span class='ocrx_word' id='word_1_639' title='bbox 1257 1793 1422 1838; x_wconf 88' lang='lat' dir='ltr'>potuerint</span> <span class='ocrx_word' id='word_1_640' title='bbox 1442 1794 1586 1828; x_wconf 86' lang='lat' dir='ltr'>ordinari</span> <span class='ocrx_word' id='word_1_641' title='bbox 1609 1795 1627 1828; x_wconf 71' lang='lat' dir='ltr'>a</span> <span class='ocrx_word' id='word_1_642' title='bbox 1653 1795 1715 1829; x_wconf 85' lang='lat' dir='ltr'>suis</span> <span class='ocrx_word' id='word_1_643' title='bbox 1736 1795 1933 1831; x_wconf 75' lang='lat' dir='ltr'>primatibus</span> <span class='ocrx_word' id='word_1_644' title='bbox 1957 1818 1966 1833; x_wconf 91' lang='lat'>,</span> <span class='ocrx_word' id='word_1_645' title='bbox 2006 1792 2092 1828; x_wconf 86' lang='lat' dir='ltr'>unde</span> 
     </span>
     <span class='ocr_line' id='line_1_105' title="bbox 1206 1843 2093 1890; baseline -0.002 -12"><span class='ocrx_word' id='word_1_646' title='bbox 1206 1844 1315 1890; x_wconf 82' lang='lat' dir='ltr'>potuit</span> <span class='ocrx_word' id='word_1_647' title='bbox 1331 1843 1585 1880; x_wconf 64' lang='lat' dir='ltr'>Archi-primas</span> <span class='ocrx_word' id='word_1_648' title='bbox 1613 1843 1880 1889; x_wconf 75' lang='lat' dir='ltr'>Carthaginenfis</span> <span class='ocrx_word' id='word_1_649' title='bbox 1908 1854 1962 1887; x_wconf 87' lang='lat' dir='ltr'>per</span> <span class='ocrx_word' id='word_1_650' title='bbox 1985 1844 2093 1886; x_wconf 86' lang='lat' dir='ltr'>singu-</span> 
     </span>
     <span class='ocr_line' id='line_1_106' title="bbox 1208 1892 2095 1937; baseline -0.005 -8"><span class='ocrx_word' id='word_1_651' title='bbox 1208 1898 1253 1930; x_wconf 78' lang='lat' dir='ltr'>las</span> <span class='ocrx_word' id='word_1_652' title='bbox 1287 1894 1389 1930; x_wconf 74' lang='lat' dir='ltr'>ferme</span> <span class='ocrx_word' id='word_1_653' title='bbox 1423 1895 1620 1929; x_wconf 79' lang='lat' dir='ltr'>Dominicas</span> <span class='ocrx_word' id='word_1_654' title='bbox 1650 1893 1769 1929; x_wconf 83' lang='lat' dir='ltr'>habere</span> <span class='ocrx_word' id='word_1_655' title='bbox 1804 1893 1985 1937; x_wconf 84' lang='lat' dir='ltr'>Episcopos</span> <span class='ocrx_word' id='word_1_656' title='bbox 2005 1892 2095 1927; x_wconf 86' lang='lat' dir='ltr'>ordi·</span> 
     </span>
     <span class='ocr_line' id='line_1_107' title="bbox 1209 1941 2096 1986; baseline 0.003 -11"><span class='ocrx_word' id='word_1_657' title='bbox 1209 1944 1358 1979; x_wconf 73' lang='lat' dir='ltr'>nandos?</span> <span class='ocrx_word' id='word_1_658' title='bbox 1387 1943 1583 1983; x_wconf 86' lang='lat' dir='ltr'>Respondeo</span> <span class='ocrx_word' id='word_1_659' title='bbox 1595 1941 1626 1974; x_wconf 86' lang='lat' dir='ltr'>id</span> <span class='ocrx_word' id='word_1_660' title='bbox 1641 1943 1714 1978; x_wconf 86' lang='lat' dir='ltr'>sciri</span> <span class='ocrx_word' id='word_1_661' title='bbox 1738 1945 1825 1986; x_wconf 69' lang='lat' dir='ltr'>posse</span> <span class='ocrx_word' id='word_1_662' title='bbox 1845 1953 1886 1977; x_wconf 79' lang='lat' dir='ltr'>ex</span> <span class='ocrx_word' id='word_1_663' title='bbox 1911 1942 2096 1986; x_wconf 77' lang='lat' dir='ltr'>ipsiussan-</span> 
     </span>
     <span class='ocr_line' id='line_1_108' title="bbox 1207 1989 2093 2035; baseline 0.003 -11"><span class='ocrx_word' id='word_1_664' title='bbox 1207 1995 1248 2028; x_wconf 69' lang='lat' dir='ltr'>sti</span> <span class='ocrx_word' id='word_1_665' title='bbox 1274 1991 1400 2024; x_wconf 84' lang='lat' dir='ltr'>Aurelii</span> <span class='ocrx_word' id='word_1_666' title='bbox 1426 1989 1530 2025; x_wconf 87' lang='lat' dir='ltr'>verbis</span> <span class='ocrx_word' id='word_1_667' title='bbox 1555 2014 1566 2031; x_wconf 93' lang='lat'>‚</span> <span class='ocrx_word' id='word_1_668' title='bbox 1602 1992 1734 2035; x_wconf 85' lang='lat' dir='ltr'>prolatis</span> <span class='ocrx_word' id='word_1_669' title='bbox 1758 1994 1791 2026; x_wconf 90' lang='lat' dir='ltr'>in</span> <span class='ocrx_word' id='word_1_670' title='bbox 1812 1994 1911 2030; x_wconf 87' lang='lat' dir='ltr'>tertio</span> <span class='ocrx_word' id='word_1_671' title='bbox 1934 1993 2093 2028; x_wconf 86' lang='lat' dir='ltr'>Concilio</span> 
     </span>
     <span class='ocr_line' id='line_1_109' title="bbox 1208 2041 2094 2089; baseline 0.005 -15"><span class='ocrx_word' id='word_1_672' title='bbox 1208 2041 1456 2083; x_wconf 72' lang='lat' dir='ltr'>Carthaginensi</span> <span class='ocrx_word' id='word_1_673' title='bbox 1471 2063 1478 2070; x_wconf 92' lang='lat'><strong>.</strong></span> <span class='ocrx_word' id='word_1_674' title='bbox 1508 2041 1694 2083; x_wconf 85' lang='lat' dir='ltr'>Epigonius</span> <span class='ocrx_word' id='word_1_675' title='bbox 1717 2044 1751 2076; x_wconf 89' lang='lat'>&amp;</span> <span class='ocrx_word' id='word_1_676' title='bbox 1773 2044 1921 2089; x_wconf 83' lang='lat' dir='ltr'>Julianus</span> <span class='ocrx_word' id='word_1_677' title='bbox 1944 2067 1954 2084; x_wconf 85' lang='lat'>‚</span> <span class='ocrx_word' id='word_1_678' title='bbox 1983 2046 2094 2078; x_wconf 87' lang='lat' dir='ltr'>nescio</span> 
     </span>
     <span class='ocr_line' id='line_1_110' title="bbox 1207 2088 2098 2136; baseline 0.006 -14"><span class='ocrx_word' id='word_1_679' title='bbox 1207 2089 1346 2132; x_wconf 76' lang='lat' dir='ltr'>quarum</span> <span class='ocrx_word' id='word_1_680' title='bbox 1375 2088 1589 2124; x_wconf 78' lang='lat' dir='ltr'>Eeclefiarum</span> <span class='ocrx_word' id='word_1_681' title='bbox 1618 2089 1796 2134; x_wconf 84' lang='lat' dir='ltr'>Episcopi,</span> <span class='ocrx_word' id='word_1_682' title='bbox 1825 2095 1969 2136; x_wconf 85' lang='lat' dir='ltr'>graviter</span> <span class='ocrx_word' id='word_1_683' title='bbox 1993 2094 2098 2128; x_wconf 77' lang='lat' dir='ltr'>ibidi-</span> 
     </span>
     <span class='ocr_line' id='line_1_111' title="bbox 1208 2137 2096 2187; baseline 0.007 -15"><span class='ocrx_word' id='word_1_684' title='bbox 1208 2137 1372 2175; x_wconf 77' lang='lat' dir='ltr'>micabant</span> <span class='ocrx_word' id='word_1_685' title='bbox 1398 2148 1455 2180; x_wconf 89' lang='lat' dir='ltr'>pro</span> <span class='ocrx_word' id='word_1_686' title='bbox 1477 2138 1622 2182; x_wconf 84' lang='lat' dir='ltr'>quodam</span> <span class='ocrx_word' id='word_1_687' title='bbox 1647 2141 1767 2174; x_wconf 89' lang='lat' dir='ltr'>clerico</span> <span class='ocrx_word' id='word_1_688' title='bbox 1782 2165 1793 2181; x_wconf 92' lang='lat'>‚</span> <span class='ocrx_word' id='word_1_689' title='bbox 1811 2153 1909 2187; x_wconf 88' lang='lat' dir='ltr'>quem</span> <span class='ocrx_word' id='word_1_690' title='bbox 1937 2145 2096 2186; x_wconf 84' lang='lat' dir='ltr'>Epigoni·</span> 
     </span>
     <span class='ocr_line' id='line_1_112' title="bbox 1208 2189 2096 2238; baseline 0.005 -15"><span class='ocrx_word' id='word_1_691' title='bbox 1208 2201 1244 2223; x_wconf 89' lang='lat' dir='ltr'>us</span> <span class='ocrx_word' id='word_1_692' title='bbox 1266 2190 1323 2222; x_wconf 88' lang='lat' dir='ltr'>sibi</span> <span class='ocrx_word' id='word_1_693' title='bbox 1340 2198 1528 2234; x_wconf 85' lang='lat' dir='ltr'>praereptum</span> <span class='ocrx_word' id='word_1_694' title='bbox 1542 2189 1799 2227; x_wconf 67' lang='lat' dir='ltr'>cauffabantura</span> <span class='ocrx_word' id='word_1_695' title='bbox 1827 2193 1975 2238; x_wconf 61' lang='lat' dir='ltr'>iuliano:</span> <span class='ocrx_word' id='word_1_696' title='bbox 2005 2193 2096 2229; x_wconf 77' lang='lat' dir='ltr'>Ideo·</span> 
     </span>
     <span class='ocr_line' id='line_1_113' title="bbox 1206 2239 2093 2286; baseline 0.007 -13"><span class='ocrx_word' id='word_1_697' title='bbox 1206 2251 1269 2283; x_wconf 89' lang='lat' dir='ltr'>que</span> <span class='ocrx_word' id='word_1_698' title='bbox 1292 2239 1448 2275; x_wconf 82' lang='lat' dir='ltr'>statutum</span> <span class='ocrx_word' id='word_1_699' title='bbox 1468 2240 1512 2272; x_wconf 89' lang='lat' dir='ltr'>est</span> <span class='ocrx_word' id='word_1_700' title='bbox 1527 2262 1537 2279; x_wconf 89' lang='lat'>,</span> <span class='ocrx_word' id='word_1_701' title='bbox 1564 2250 1604 2274; x_wconf 87' lang='lat' dir='ltr'>ne</span> <span class='ocrx_word' id='word_1_702' title='bbox 1627 2241 1700 2284; x_wconf 88' lang='lat' dir='ltr'>quis</span> <span class='ocrx_word' id='word_1_703' title='bbox 1723 2242 1904 2286; x_wconf 85' lang='lat' dir='ltr'>Episcopus</span> <span class='ocrx_word' id='word_1_704' title='bbox 1928 2244 1990 2277; x_wconf 86' lang='lat' dir='ltr'>tale</span> <span class='ocrx_word' id='word_1_705' title='bbox 2003 2243 2093 2285; x_wconf 87' lang='lat' dir='ltr'>pium</span> 
     </span>
     <span class='ocr_line' id='line_1_114' title="bbox 1209 2289 2096 2338; baseline 0.005 -14"><span class='ocrx_word' id='word_1_706' title='bbox 1209 2290 1354 2334; x_wconf 81' lang='lat' dir='ltr'>plagium</span> <span class='ocrx_word' id='word_1_707' title='bbox 1391 2289 1431 2322; x_wconf 90' lang='lat' dir='ltr'>de</span> <span class='ocrx_word' id='word_1_708' title='bbox 1464 2300 1581 2324; x_wconf 78' lang='lat' dir='ltr'>caetero</span> <span class='ocrx_word' id='word_1_709' title='bbox 1613 2294 1835 2327; x_wconf 87' lang='lat' dir='ltr'>committeret</span> <span class='ocrx_word' id='word_1_710' title='bbox 1858 2318 1865 2326; x_wconf 91' lang='lat'><strong>.</strong></span> <span class='ocrx_word' id='word_1_711' title='bbox 1916 2295 2096 2338; x_wconf 81' lang='lat' dir='ltr'>Episcopus</span> 
     </span>
     <span class='ocr_line' id='line_1_115' title="bbox 1207 2338 2095 2388; baseline 0.007 -16"><span class='ocrx_word' id='word_1_712' title='bbox 1207 2340 1302 2383; x_wconf 85' lang='lat' dir='ltr'>porro</span> <span class='ocrx_word' id='word_1_713' title='bbox 1326 2338 1591 2382; x_wconf 71' lang='lat' dir='ltr'>carthaginensis</span> <span class='ocrx_word' id='word_1_714' title='bbox 1624 2340 1745 2377; x_wconf 82' lang='lat' dir='ltr'>solebat</span> <span class='ocrx_word' id='word_1_715' title='bbox 1782 2344 1799 2377; x_wconf 70' lang='lat' dir='ltr'>a</span> <span class='ocrx_word' id='word_1_716' title='bbox 1837 2342 2095 2388; x_wconf 86' lang='lat' dir='ltr'>quibuscumque</span> 
     </span>
     <span class='ocr_line' id='line_1_116' title="bbox 1207 2388 2094 2435; baseline 0.006 -11"><span class='ocrx_word' id='word_1_717' title='bbox 1207 2388 1371 2424; x_wconf 84' lang='lat' dir='ltr'>Africanis</span> <span class='ocrx_word' id='word_1_718' title='bbox 1401 2390 1549 2424; x_wconf 85' lang='lat' dir='ltr'>Ecclesiis</span> <span class='ocrx_word' id='word_1_719' title='bbox 1581 2393 1688 2435; x_wconf 85' lang='lat' dir='ltr'>rogari</span> <span class='ocrx_word' id='word_1_720' title='bbox 1715 2416 1725 2433; x_wconf 90' lang='lat'><em>‚</em></span> <span class='ocrx_word' id='word_1_721' title='bbox 1774 2404 1841 2425; x_wconf 90' lang='lat' dir='ltr'>non</span> <span class='ocrx_word' id='word_1_722' title='bbox 1884 2393 2094 2429; x_wconf 78' lang='lat' dir='ltr'>solummodo</span> 
     </span>
     <span class='ocr_line' id='line_1_117' title="bbox 1207 2440 2095 2487; baseline 0.006 -14"><span class='ocrx_word' id='word_1_723' title='bbox 1207 2440 1365 2483; x_wconf 85' lang='lat' dir='ltr'>quosdam</span> <span class='ocrx_word' id='word_1_724' title='bbox 1393 2441 1537 2473; x_wconf 89' lang='lat' dir='ltr'>minores</span> <span class='ocrx_word' id='word_1_725' title='bbox 1558 2440 1694 2476; x_wconf 88' lang='lat' dir='ltr'>clericos</span> <span class='ocrx_word' id='word_1_726' title='bbox 1718 2467 1727 2481; x_wconf 93' lang='lat'><em>‚</em></span> <span class='ocrx_word' id='word_1_727' title='bbox 1758 2443 1808 2477; x_wconf 91' lang='lat' dir='ltr'>sed</span> <span class='ocrx_word' id='word_1_728' title='bbox 1833 2445 1930 2478; x_wconf 82' lang='lat' dir='ltr'>etiam</span> <span class='ocrx_word' id='word_1_729' title='bbox 1958 2445 2095 2487; x_wconf 80' lang='lat' dir='ltr'>Presby-</span> 
     </span>
     <span class='ocr_line' id='line_1_118' title="bbox 1207 2490 2094 2539; baseline 0.005 -15"><span class='ocrx_word' id='word_1_730' title='bbox 1207 2502 1294 2525; x_wconf 86' lang='lat' dir='ltr'>teros</span> <span class='ocrx_word' id='word_1_731' title='bbox 1319 2502 1357 2527; x_wconf 85' lang='lat' dir='ltr'>ac</span> <span class='ocrx_word' id='word_1_732' title='bbox 1386 2490 1582 2535; x_wconf 68' lang='lat' dir='ltr'>episcopos.</span> <span class='ocrx_word' id='word_1_733' title='bbox 1616 2492 1657 2525; x_wconf 89' lang='lat' dir='ltr'>Et</span> <span class='ocrx_word' id='word_1_734' title='bbox 1676 2493 1751 2536; x_wconf 85' lang='lat' dir='ltr'>quia</span> <span class='ocrx_word' id='word_1_735' title='bbox 1774 2504 1829 2528; x_wconf 85' lang='lat' dir='ltr'>eos</span> <span class='ocrx_word' id='word_1_736' title='bbox 1842 2505 1958 2529; x_wconf 86' lang='lat' dir='ltr'>omnes</span> <span class='ocrx_word' id='word_1_737' title='bbox 1979 2494 2094 2539; x_wconf 84' lang='lat' dir='ltr'>elargi-</span> 
     </span>
     <span class='ocr_line' id='line_1_119' title="bbox 1207 2540 2095 2586; baseline 0.006 -13"><span class='ocrx_word' id='word_1_738' title='bbox 1207 2542 1230 2573; x_wconf 89' lang='lat' dir='ltr'>ri</span> <span class='ocrx_word' id='word_1_739' title='bbox 1256 2551 1323 2574; x_wconf 88' lang='lat' dir='ltr'>non</span> <span class='ocrx_word' id='word_1_740' title='bbox 1351 2550 1477 2583; x_wconf 82' lang='lat' dir='ltr'>poterat</span> <span class='ocrx_word' id='word_1_741' title='bbox 1502 2540 1542 2574; x_wconf 91' lang='lat' dir='ltr'>de</span> <span class='ocrx_word' id='word_1_742' title='bbox 1568 2542 1695 2586; x_wconf 82' lang='lat' dir='ltr'>gremio</span> <span class='ocrx_word' id='word_1_743' title='bbox 1722 2543 1871 2578; x_wconf 83' lang='lat' dir='ltr'>Ecclesiae</span> <span class='ocrx_word' id='word_1_744' title='bbox 1896 2545 1957 2578; x_wconf 87' lang='lat' dir='ltr'>suae</span> <span class='ocrx_word' id='word_1_745' title='bbox 1984 2569 1995 2585; x_wconf 92' lang='lat'>,</span> <span class='ocrx_word' id='word_1_746' title='bbox 2018 2556 2095 2578; x_wconf 89' lang='lat' dir='ltr'>evo-</span> 
     </span>
     <span class='ocr_line' id='line_1_120' title="bbox 1206 2591 2095 2638; baseline 0.006 -15"><span class='ocrx_word' id='word_1_747' title='bbox 1206 2602 1279 2624; x_wconf 87' lang='lat' dir='ltr'>care</span> <span class='ocrx_word' id='word_1_748' title='bbox 1300 2601 1356 2624; x_wconf 85' lang='lat' dir='ltr'>eos</span> <span class='ocrx_word' id='word_1_749' title='bbox 1383 2591 1506 2624; x_wconf 80' lang='lat' dir='ltr'>solebat</span> <span class='ocrx_word' id='word_1_750' title='bbox 1531 2592 1572 2627; x_wconf 90' lang='lat' dir='ltr'>de</span> <span class='ocrx_word' id='word_1_751' title='bbox 1597 2591 1667 2625; x_wconf 85' lang='lat' dir='ltr'>aliis</span> <span class='ocrx_word' id='word_1_752' title='bbox 1689 2594 1950 2638; x_wconf 86' lang='lat' dir='ltr'>quibuscumque</span> <span class='ocrx_word' id='word_1_753' title='bbox 1973 2606 2027 2638; x_wconf 86' lang='lat' dir='ltr'>per</span> <span class='ocrx_word' id='word_1_754' title='bbox 2048 2595 2095 2631; x_wconf 82' lang='lat' dir='ltr'>A·</span> 
     </span>
     <span class='ocr_line' id='line_1_121' title="bbox 1206 2641 2093 2681; baseline 0.008 -8"><span class='ocrx_word' id='word_1_755' title='bbox 1206 2642 1324 2676; x_wconf 85' lang='lat' dir='ltr'>fricam</span> <span class='ocrx_word' id='word_1_756' title='bbox 1351 2641 1519 2678; x_wconf 78' lang='lat' dir='ltr'>Ecclesiis.</span> <span class='ocrx_word' id='word_1_757' title='bbox 1549 2642 1640 2677; x_wconf 89' lang='lat' dir='ltr'>Hinc</span> <span class='ocrx_word' id='word_1_758' title='bbox 1663 2642 1777 2677; x_wconf 84' lang='lat' dir='ltr'>deisto</span> <span class='ocrx_word' id='word_1_759' title='bbox 1799 2656 1928 2681; x_wconf 84' lang='lat' dir='ltr'>canone</span> <span class='ocrx_word' id='word_1_760' title='bbox 1940 2656 2093 2680; x_wconf 89' lang='lat' dir='ltr'>exortum</span> 
     </span>
     <span class='ocr_line' id='line_1_122' title="bbox 1204 2689 2093 2739; baseline 0.004 -15"><span class='ocrx_word' id='word_1_761' title='bbox 1204 2691 1250 2724; x_wconf 87' lang='lat' dir='ltr'>est</span> <span class='ocrx_word' id='word_1_762' title='bbox 1271 2689 1408 2725; x_wconf 91' lang='lat' dir='ltr'>dubium</span> <span class='ocrx_word' id='word_1_763' title='bbox 1431 2715 1442 2731; x_wconf 91' lang='lat'>,</span> <span class='ocrx_word' id='word_1_764' title='bbox 1467 2701 1509 2724; x_wconf 89' lang='lat' dir='ltr'>an</span> <span class='ocrx_word' id='word_1_765' title='bbox 1534 2692 1638 2735; x_wconf 86' lang='lat' dir='ltr'>ipsum</span> <span class='ocrx_word' id='word_1_766' title='bbox 1667 2694 1766 2727; x_wconf 80' lang='lat' dir='ltr'>etiam</span> <span class='ocrx_word' id='word_1_767' title='bbox 1801 2695 2093 2739; x_wconf 81' lang='lat' dir='ltr'>Carthaginensem</span> 
     </span>
     <span class='ocr_line' id='line_1_123' title="bbox 1208 2740 2094 2787; baseline 0.007 -14"><span class='ocrx_word' id='word_1_768' title='bbox 1208 2740 1407 2784; x_wconf 84' lang='lat' dir='ltr'>Episcopum</span> <span class='ocrx_word' id='word_1_769' title='bbox 1430 2741 1592 2785; x_wconf 84' lang='lat' dir='ltr'>obligaret</span> <span class='ocrx_word' id='word_1_770' title='bbox 1620 2766 1627 2774; x_wconf 94' lang='lat'><strong><em>.</em></strong></span> <span class='ocrx_word' id='word_1_771' title='bbox 1656 2744 1809 2787; x_wconf 84' lang='lat' dir='ltr'>Cumque</span> <span class='ocrx_word' id='word_1_772' title='bbox 1842 2746 1965 2782; x_wconf 70' lang='lat' dir='ltr'>sancius</span> <span class='ocrx_word' id='word_1_773' title='bbox 1990 2748 2094 2779; x_wconf 86' lang='lat' dir='ltr'>Aure·</span> 
     </span>
     <span class='ocr_line' id='line_1_124' title="bbox 1206 2791 2094 2840; baseline 0.006 -16"><span class='ocrx_word' id='word_1_774' title='bbox 1206 2791 1267 2825; x_wconf 87' lang='lat' dir='ltr'>lius</span> <span class='ocrx_word' id='word_1_775' title='bbox 1290 2791 1419 2826; x_wconf 73' lang='lat' dir='ltr'>dixisset</span> <span class='ocrx_word' id='word_1_776' title='bbox 1442 2791 1482 2825; x_wconf 88' lang='lat' dir='ltr'>ad</span> <span class='ocrx_word' id='word_1_777' title='bbox 1506 2791 1616 2828; x_wconf 82' lang='lat' dir='ltr'>Patres</span> <span class='ocrx_word' id='word_1_778' title='bbox 1639 2818 1649 2834; x_wconf 91' lang='lat'>‚</span> <span class='ocrx_word' id='word_1_779' title='bbox 1690 2795 1816 2831; x_wconf 87' lang='lat' dir='ltr'>nullum</span> <span class='ocrx_word' id='word_1_780' title='bbox 1848 2798 1865 2829; x_wconf 73' lang='lat' dir='ltr'>a</span> <span class='ocrx_word' id='word_1_781' title='bbox 1901 2798 1931 2830; x_wconf 90' lang='lat' dir='ltr'>se</span> <span class='ocrx_word' id='word_1_782' title='bbox 1946 2806 2094 2840; x_wconf 84' lang='lat' dir='ltr'>unquam</span> 
     </span>
     <span class='ocr_line' id='line_1_125' title="bbox 1203 2842 2093 2889; baseline 0.003 -14"><span class='ocrx_word' id='word_1_783' title='bbox 1203 2842 1336 2876; x_wconf 85' lang='lat' dir='ltr'>evocari</span> <span class='ocrx_word' id='word_1_784' title='bbox 1355 2842 1498 2876; x_wconf 82' lang='lat' dir='ltr'>alienum</span> <span class='ocrx_word' id='word_1_785' title='bbox 1518 2843 1673 2877; x_wconf 84' lang='lat' dir='ltr'>clericum</span> <span class='ocrx_word' id='word_1_786' title='bbox 1697 2868 1706 2884; x_wconf 86' lang='lat'><strong><em>‚</em></strong></span> <span class='ocrx_word' id='word_1_787' title='bbox 1748 2845 1803 2880; x_wconf 79' lang='lat' dir='ltr'>nisi</span> <span class='ocrx_word' id='word_1_788' title='bbox 1828 2846 1916 2889; x_wconf 86' lang='lat' dir='ltr'>prius</span> <span class='ocrx_word' id='word_1_789' title='bbox 1938 2847 2093 2880; x_wconf 78' lang='lat' dir='ltr'>consulto</span> 
     </span>
     <span class='ocr_line' id='line_1_126' title="bbox 1203 2891 2254 2950; baseline 0.01 -26"><span class='ocrx_word' id='word_1_790' title='bbox 1203 2891 1269 2934; x_wconf 83' lang='lat' dir='ltr'>ejus</span> <span class='ocrx_word' id='word_1_791' title='bbox 1293 2894 1424 2937; x_wconf 85' lang='lat' dir='ltr'>proprio</span> <span class='ocrx_word' id='word_1_792' title='bbox 1446 2892 1632 2935; x_wconf 85' lang='lat' dir='ltr'>Episcopo,</span> <span class='ocrx_word' id='word_1_793' title='bbox 1655 2895 1694 2927; x_wconf 86' lang='lat' dir='ltr'>sic</span> <span class='ocrx_word' id='word_1_794' title='bbox 1723 2895 1831 2932; x_wconf 85' lang='lat' dir='ltr'>subdit</span> <span class='ocrx_word' id='word_1_795' title='bbox 1853 2920 1859 2927; x_wconf 94' lang='lat'>.</span> <span class='ocrx_word' id='word_1_796' title='bbox 1893 2900 1924 2930; x_wconf 74' lang='lat'>5¹</span> <span class='ocrx_word' id='word_1_797' title='bbox 1949 2900 2022 2931; x_wconf 75' lang='lat' dir='ltr'>verd</span> <span class='ocrx_word' id='word_1_798' title='bbox 2051 2899 2090 2930; x_wconf 85' lang='grc' dir='ltr'>Ε·</span> <span class='ocrx_word' id='word_1_799' title='bbox 2108 2900 2254 2950; x_wconf 84' lang='lat' dir='ltr'>Cap.44.</span> 
     </span>
     <span class='ocr_line' id='line_1_127' title="bbox 1202 2941 2161 2998; baseline 0.005 -24"><span class='ocrx_word' id='word_1_800' title='bbox 1202 2941 1338 2988; x_wconf 72' lang='lat' dir='ltr'>piscopur</span> <span class='ocrx_word' id='word_1_801' title='bbox 1366 2944 1526 2977; x_wconf 77' lang='lat' dir='ltr'>indevotus</span> <span class='ocrx_word' id='word_1_802' title='bbox 1553 2943 1699 2982; x_wconf 73' lang='lat' dir='ltr'>exstiterit</span> <span class='ocrx_word' id='word_1_803' title='bbox 1727 2968 1737 2983; x_wconf 90' lang='lat'>,</span> <span class='ocrx_word' id='word_1_804' title='bbox 1786 2948 1863 2989; x_wconf 69' lang='lat' dir='ltr'>quid</span> <span class='ocrx_word' id='word_1_805' title='bbox 1885 2945 1982 2990; x_wconf 80' lang='lat' dir='ltr'>censet</span> <span class='ocrx_word' id='word_1_806' title='bbox 2010 2946 2090 2980; x_wconf 83' lang='lat' dir='ltr'>Cha·</span> <span class='ocrx_word' id='word_1_807' title='bbox 2107 2962 2161 2998; x_wconf 78' lang='lat'>45,</span> 
     </span>
     <span class='ocr_line' id='line_1_128' title="bbox 1204 2992 2091 3038; baseline 0.005 -13"><span class='ocrx_word' id='word_1_808' title='bbox 1204 2999 1284 3025; x_wconf 79' lang='lat' dir='ltr'>ritas</span> <span class='ocrx_word' id='word_1_809' title='bbox 1313 2992 1410 3033; x_wconf 81' lang='lat' dir='ltr'>vestra</span> <span class='ocrx_word' id='word_1_810' title='bbox 1440 2992 1619 3037; x_wconf 74' lang='lat' dir='ltr'>faciendum</span> <span class='ocrx_word' id='word_1_811' title='bbox 1645 2995 1661 3025; x_wconf 86' lang='lat'><em>?</em></span> <span class='ocrx_word' id='word_1_812' title='bbox 1699 2997 1764 3038; x_wconf 84' lang='lat' dir='ltr'>Ego</span> <span class='ocrx_word' id='word_1_813' title='bbox 1800 3002 1880 3030; x_wconf 74' lang='lat' dir='ltr'>enim</span> <span class='ocrx_word' id='word_1_814' title='bbox 1916 2998 2091 3032; x_wconf 58' lang='lat' dir='ltr'>cundarum</span> 
     </span>
     <span class='ocr_line' id='line_1_129' title="bbox 1205 3042 2090 3090; baseline 0.006 -15"><span class='ocrx_word' id='word_1_815' title='bbox 1205 3042 1398 3084; x_wconf 75' lang='lat' dir='ltr'>Ecclefiarum</span> <span class='ocrx_word' id='word_1_816' title='bbox 1421 3067 1431 3083; x_wconf 89' lang='lat'><em>,</em></span> <span class='ocrx_word' id='word_1_817' title='bbox 1460 3045 1633 3086; x_wconf 65' lang='lat' dir='ltr'>dignatione</span> <span class='ocrx_word' id='word_1_818' title='bbox 1659 3048 1714 3077; x_wconf 74' lang='lat' dir='ltr'>Dei</span> <span class='ocrx_word' id='word_1_819' title='bbox 1736 3069 1747 3085; x_wconf 91' lang='lat'><strong>,</strong></span> <span class='ocrx_word' id='word_1_820' title='bbox 1786 3055 1819 3081; x_wconf 80' lang='lat' dir='ltr'>ut</span> <span class='ocrx_word' id='word_1_821' title='bbox 1835 3046 1921 3089; x_wconf 66' lang='lat' dir='ltr'>fietis</span> <span class='ocrx_word' id='word_1_822' title='bbox 1940 3047 2062 3090; x_wconf 73' lang='lat' dir='ltr'>fratrer</span> <span class='ocrx_word' id='word_1_823' title='bbox 2079 3072 2090 3088; x_wconf 86' lang='lat'>‚</span> 
     </span>
     <span class='ocr_line' id='line_1_130' title="bbox 1198 3091 2092 3143; baseline 0.006 -18"><span class='ocrx_word' id='word_1_824' title='bbox 1198 3091 1428 3136; x_wconf 65' lang='lat' dir='ltr'>sollicitudinem</span> <span class='ocrx_word' id='word_1_825' title='bbox 1447 3092 1572 3138; x_wconf 69' lang='lat' dir='ltr'>fitlimeo</span> <span class='ocrx_word' id='word_1_826' title='bbox 1595 3118 1602 3125; x_wconf 90' lang='lat'><strong>.</strong></span> <span class='ocrx_word' id='word_1_827' title='bbox 1642 3094 1705 3129; x_wconf 82' lang='lat' dir='ltr'>Cui</span> <span class='ocrx_word' id='word_1_828' title='bbox 1734 3095 1775 3128; x_wconf 87' lang='lat' dir='ltr'>sic</span> <span class='ocrx_word' id='word_1_829' title='bbox 1802 3097 1969 3143; x_wconf 84' lang='lat' dir='ltr'>respondit</span> <span class='ocrx_word' id='word_1_830' title='bbox 1998 3098 2092 3139; x_wconf 85' lang='lat' dir='ltr'>Epis·</span> 
     </span>
     <span class='ocr_line' id='line_1_131' title="bbox 1203 3143 2087 3187; baseline 0.005 -11"><span class='ocrx_word' id='word_1_831' title='bbox 1203 3154 1304 3185; x_wconf 86' lang='lat' dir='ltr'>copus</span> <span class='ocrx_word' id='word_1_832' title='bbox 1334 3143 1534 3177; x_wconf 86' lang='lat' dir='ltr'>Numidius.</span> <span class='ocrx_word' id='word_1_833' title='bbox 1564 3147 1639 3177; x_wconf 78' lang='lat' dir='ltr'>Fuit</span> <span class='ocrx_word' id='word_1_834' title='bbox 1657 3143 1774 3187; x_wconf 84' lang='lat' dir='ltr'>semper</span> <span class='ocrx_word' id='word_1_835' title='bbox 1788 3146 1851 3180; x_wconf 79' lang='lat' dir='ltr'>baec</span> <span class='ocrx_word' id='word_1_836' title='bbox 1873 3148 1995 3183; x_wconf 69' lang='lat' dir='ltr'>licentia</span> <span class='ocrx_word' id='word_1_837' title='bbox 2019 3146 2087 3180; x_wconf 74' lang='lat' dir='ltr'>huic</span> 
     </span>
     <span class='ocr_line' id='line_1_132' title="bbox 1198 3191 2090 3240; baseline 0.009 -17"><span class='ocrx_word' id='word_1_838' title='bbox 1198 3191 1287 3238; x_wconf 77' lang='lat' dir='ltr'>sedi,</span> <span class='ocrx_word' id='word_1_839' title='bbox 1317 3195 1397 3227; x_wconf 84' lang='lat' dir='ltr'>unde</span> <span class='ocrx_word' id='word_1_840' title='bbox 1426 3194 1517 3226; x_wconf 81' lang='lat' dir='ltr'>vellet</span> <span class='ocrx_word' id='word_1_841' title='bbox 1534 3217 1543 3231; x_wconf 93' lang='lat'>,</span> <span class='ocrx_word' id='word_1_842' title='bbox 1569 3195 1603 3227; x_wconf 67' lang='grc' dir='ltr'>(τ</span> <span class='ocrx_word' id='word_1_843' title='bbox 1628 3195 1665 3227; x_wconf 87' lang='lat' dir='ltr'>de</span> <span class='ocrx_word' id='word_1_844' title='bbox 1676 3197 1758 3235; x_wconf 84' lang='lat' dir='ltr'>cujus</span> <span class='ocrx_word' id='word_1_845' title='bbox 1781 3202 1896 3230; x_wconf 84' lang='lat' dir='ltr'>nomine</span> <span class='ocrx_word' id='word_1_846' title='bbox 1911 3196 2015 3240; x_wconf 71' lang='lat' dir='ltr'>fuisset</span> <span class='ocrx_word' id='word_1_847' title='bbox 2025 3208 2090 3231; x_wconf 81' lang='lat' dir='ltr'>con-</span> 
     </span>
     <span class='ocr_line' id='line_1_133' title="bbox 1203 3242 2091 3289; baseline 0.006 -14"><span class='ocrx_word' id='word_1_848' title='bbox 1203 3252 1312 3276; x_wconf 81' lang='lat' dir='ltr'>ventus</span> <span class='ocrx_word' id='word_1_849' title='bbox 1337 3266 1346 3283; x_wconf 90' lang='lat'>,</span> <span class='ocrx_word' id='word_1_850' title='bbox 1382 3251 1436 3284; x_wconf 79' lang='lat' dir='ltr'>pro</span> <span class='ocrx_word' id='word_1_851' title='bbox 1463 3242 1600 3284; x_wconf 77' lang='lat' dir='ltr'>defiderio</span> <span class='ocrx_word' id='word_1_852' title='bbox 1623 3244 1764 3289; x_wconf 80' lang='lat' dir='ltr'>cujusque</span> <span class='ocrx_word' id='word_1_853' title='bbox 1783 3245 1917 3286; x_wconf 76' lang='lat' dir='ltr'>Ecclefiae</span> <span class='ocrx_word' id='word_1_854' title='bbox 1948 3249 2091 3281; x_wconf 70' lang='lat' dir='ltr'>ordinare</span> 
     </span>
     <span class='ocr_line' id='line_1_134' title="bbox 1202 3291 2091 3341; baseline 0.008 -16"><span class='ocrx_word' id='word_1_855' title='bbox 1202 3291 1404 3336; x_wconf 78' lang='lat' dir='ltr'>Episcopum.</span> <span class='ocrx_word' id='word_1_856' title='bbox 1437 3292 1624 3336; x_wconf 84' lang='lat' dir='ltr'>Respondit</span> <span class='ocrx_word' id='word_1_857' title='bbox 1648 3297 1756 3331; x_wconf 89' lang='lat' dir='ltr'>eidem</span> <span class='ocrx_word' id='word_1_858' title='bbox 1783 3296 1880 3330; x_wconf 84' lang='lat' dir='ltr'>etiam</span> <span class='ocrx_word' id='word_1_859' title='bbox 1909 3296 2091 3341; x_wconf 83' lang='lat' dir='ltr'>Episcopus</span> 
     </span>
     <span class='ocr_line' id='line_1_135' title="bbox 1204 3343 2089 3390; baseline 0.007 -15"><span class='ocrx_word' id='word_1_860' title='bbox 1204 3343 1389 3386; x_wconf 83' lang='lat' dir='ltr'>Epigonius</span> <span class='ocrx_word' id='word_1_861' title='bbox 1405 3365 1416 3384; x_wconf 88' lang='lat'>,</span> <span class='ocrx_word' id='word_1_862' title='bbox 1443 3343 1477 3377; x_wconf 90' lang='lat' dir='ltr'>in</span> <span class='ocrx_word' id='word_1_863' title='bbox 1502 3344 1593 3386; x_wconf 83' lang='lat' dir='ltr'>cujus</span> <span class='ocrx_word' id='word_1_864' title='bbox 1604 3345 1741 3389; x_wconf 87' lang='lat' dir='ltr'>gratiam</span> <span class='ocrx_word' id='word_1_865' title='bbox 1760 3345 1843 3383; x_wconf 79' lang='lat' dir='ltr'>latus</span> <span class='ocrx_word' id='word_1_866' title='bbox 1862 3348 1926 3382; x_wconf 88' lang='lat' dir='ltr'>suit</span> <span class='ocrx_word' id='word_1_867' title='bbox 1950 3348 2008 3381; x_wconf 83' lang='lat' dir='ltr'>isle</span> <span class='ocrx_word' id='word_1_868' title='bbox 2022 3347 2089 3390; x_wconf 84' lang='lat' dir='ltr'>jam</span> 
     </span>
     <span class='ocr_line' id='line_1_136' title="bbox 1200 3391 2089 3441; baseline 0.004 -16"><span class='ocrx_word' id='word_1_869' title='bbox 1200 3391 1301 3426; x_wconf 65' lang='lat' dir='ltr'>diuus</span> <span class='ocrx_word' id='word_1_870' title='bbox 1336 3403 1442 3426; x_wconf 87' lang='lat' dir='ltr'>canon</span> <span class='ocrx_word' id='word_1_871' title='bbox 1477 3393 1626 3427; x_wconf 78' lang='lat' dir='ltr'>adversus</span> <span class='ocrx_word' id='word_1_872' title='bbox 1661 3395 1861 3440; x_wconf 84' lang='lat' dir='ltr'>Episcopum</span> <span class='ocrx_word' id='word_1_873' title='bbox 1900 3397 2089 3441; x_wconf 74' lang='lat' dir='ltr'>Iulianum.-</span> 
     </span>
     <span class='ocr_line' id='line_1_137' title="bbox 1202 3441 2086 3489; baseline 0.007 -14"><span class='ocrx_word' id='word_1_874' title='bbox 1202 3445 1329 3477; x_wconf 69' lang='lat' dir='ltr'>Bonitas</span> <span class='ocrx_word' id='word_1_875' title='bbox 1351 3441 1514 3486; x_wconf 78' lang='lat' dir='ltr'>sequestrae</span> <span class='ocrx_word' id='word_1_876' title='bbox 1532 3444 1765 3486; x_wconf 74' lang='lat' dir='ltr'>poffibt&#39;lttatem.</span> <span class='ocrx_word' id='word_1_877' title='bbox 1800 3448 1903 3483; x_wconf 56' lang='lat' dir='ltr'>Minas</span> <span class='ocrx_word' id='word_1_878' title='bbox 1919 3454 2086 3489; x_wconf 73' lang='lat' dir='ltr'>enlmprae⁴</span> 
     </span>
    </p>

    <p class='ocr_par' dir='ltr' id='par_1_13' title="bbox 1949 3497 2043 3541">
     <span class='ocr_line' id='line_1_138' title="bbox 1949 3497 2043 3541; baseline 0.011 -10"><span class='ocrx_word' id='word_1_879' title='bbox 1949 3497 2043 3541; x_wconf 79' lang='lat' dir='ltr'>sumis</span> 
     </span>
    </p>
   </div>
  </div>
 </body>
</html>
