2384 3770
557 173 720 234 Qgin
757 169 1121 216 SurStcNta

234 266 277 297 ιε
296 254 465 300 cogniti0;
492 253 743 299 atquieognitio
755 253 797 286 rei
810 251 991 296 significatae
1002 251 1095 283 caus-

236 306 361 341 saturin
388 304 502 343 nobis,
529 316 597 338 non
609 316 647 338 ex
659 303 887 346 impositione,
914 301 965 333 sed
978 311 1019 333 ex
1032 300 1098 343 ipsa

236 354 647 400 signiatbitrariientitate3
674 351 840 396 ergoillud
854 375 864 390 ‚
890 361 956 391 quo
969 349 1099 393 signum

237 404 439 440 arbitrarium
464 405 641 450 fignificat,
669 412 736 434 non
758 400 803 433 est
830 400 1019 442 impositio,
1047 398 1121 432 sed·

239 455 389 499 ipsiffima
413 455 467 489 sna
488 453 621 488 entitas.
653 442 1101 484 Probaturminorindufflone:

242 516 271 539 v.
285 517 316 550 g.
342 504 421 539 dum
443 502 525 538 mihi
549 502 708 545 profertur
719 511 784 534 vox
799 525 808 540 ,
835 500 942 540 bomo,
967 499 1049 533 illud
1062 510 1102 532 ex

242 566 309 598 quo
330 554 364 588 in
389 565 440 588 me
459 551 618 587 caussatur
641 562 760 584 naturae
772 550 921 584 humana:
930 549 1104 594 cognitio,

243 615 282 638 ac
292 602 486 649 significatio
499 626 510 641 ,
535 613 603 636 non
615 600 660 634 est
672 601 835 644 impositio
848 600 954 642 vocis;
987 600 1040 634 sed
1052 611 1105 632 en-

243 655 320 688 titas
346 652 457 690 vocis,
484 652 547 686 five
569 652 704 695 ipsamet
717 663 808 692 vox,·
835 661 915 695 ergo
936 649 1015 683 illud
1029 673 1040 689 ,
1065 660 1106 682 ex

245 702 482 747 quocaussatur
503 701 655 746 cognitio
680 700 874 745 significati,
903 712 970 734 non
981 698 1106 734 estim-

245 752 388 798 pofitio,
415 751 467 785 sed
489 751 554 794 ipsa
575 752 693 786 entitas
703 750 971 795 figniarbitrarii.
998 748 1107 782 Proba·

247 812 298 836 tur
305 800 479 844 amec.quia
492 802 643 846 cognitio
656 812 777 835 natutae
790 800 938 834 humanae
948 801 1108 834 caussatur

247 853 284 888 in
296 862 347 887 me
358 849 520 885 mediante
539 851 673 891 auditu,
698 861 737 883 eit
749 851 856 891 aliqua
871 861 905 883 re
915 850 1026 883 audita
1038 862 1049 881 .·
1075 848 1108 881 si-

246 912 352 946 gnum
374 900 462 934 enim
471 901 516 935 est
530 900 562 934 id
575 925 585 941 ,
605 899 694 942 quod
711 900 875 934 mediante
888 899 932 932 sui
947 898 1110 943 cognitio-

246 961 291 986 ne
303 950 449 985 sensitiva
462 949 593 985 deducit
611 950 808 984 intelledtum
833 951 867 983 in
882 948 1110 993 cognitionem

247 1001 296 1036 sui
318 1001 515 1044 significati.-
536 1000 625 1044 atqui
650 999 729 1032 illud
748 1024 758 1039 ,
785 999 872 1041 quod
895 997 1016 1038 audio,
1044 1007 1111 1031 non

247 1050 294 1085 est
307 1051 396 1084 vocis
419 1050 601 1093 impositi03
627 1047 693 1083 haec
715 1049 802 1082 enim
816 1060 889 1083 cuin
902 1051 989 1083 atius
1001 1047 1112 1081 volun-

248 1100 557 1143 tatisincorporeus
577 1101 638 1139 sit.
663 1099 696 1133 ἀ
717 1100 733 1132 a
757 1100 863 1135 multo
874 1110 1019 1141 tempore
1031 1109 1115 1131 tran·

247 1148 355 1189 fierit,
372 1149 478 1183 audiri
492 1147 572 1183 vnon
600 1149 702 1192 potest
714 1173 726 1189 ,
749 1150 804 1182 sed
825 1149 871 1182 est
884 1149 1015 1192 ipsamet
1029 1158 1115 1189 vox3

247 1211 332 1244 ergo
344 1210 386 1233 ex
396 1199 463 1242 ipsa
483 1210 562 1233 voce
572 1223 583 1240 ,
596 1200 630 1234 &
643 1210 712 1233 non
724 1209 764 1233 ex
774 1198 986 1241 impositione
995 1199 1113 1232 caussa·

249 1250 347 1283 turin
361 1260 413 1282 me
425 1258 541 1282 naturae
553 1247 880 1292 humanaecogniti03
902 1249 934 1282 &
945 1249 987 1281 sic
997 1250 1117 1282 entitas

250 1299 329 1337 sua,
353 1297 388 1330 δε
410 1309 477 1331 non
502 1298 665 1340 impositio
687 1297 732 1331 est
747 1299 819 1332 voci
832 1299 935 1337 illud,
961 1309 1015 1342 per
1027 1296 1116 1341 quod

246 1345 427 1392 fignificat.

248 1424 252 1426 >
301 1393 361 1434 28·
385 1397 532 1431 Probatur
554 1396 829 1442 conclufiosecundbz
857 1399 932 1441 quia
943 1399 1116 1432 sacramen-

250 1456 286 1484 ta
298 1447 479 1492 novaelegis
489 1471 499 1487 ‚
515 1459 583 1489 quae
595 1450 682 1493 signa
695 1449 840 1492 quaedam
853 1449 1019 1482 arbitraria
1032 1448 1118 1486 sunt,

237 1492 323 1534 ‘non
343 1496 590 1541 significantper
602 1498 862 1541 impositionem,
892 1498 947 1531 sed
960 1509 1014 1541 per
1026 1498 1114 1530 suam

245 1547 445 1590 .entitatem;
472 1557 551 1591 ergo
564 1546 651 1581 idem
668 1548 844 1583 dicendum
856 1548 898 1580 est
911 1548 951 1581 de
963 1547 1116 1580 omnibus

251 1597 328 1636 aliis
337 1596 432 1641 signis
456 1596 646 1641 arbitrariis;
673 1609 750 1632 cum
759 1598 908 1632 omnium
920 1598 1032 1631 eadem
1047 1608 1115 1630 om-

253 1646 338 1681 nino
355 1647 394 1679 sit
424 1647 527 1680 ratio.
556 1647 700 1681 Probatur
720 1655 814 1681 antec.
835 1648 909 1690 quia
923 1649 1116 1681 sacramenta

252 1695 323 1734 haec
335 1720 347 1737 ‚
372 1707 445 1730 cum
456 1697 545 1742 signa
557 1697 694 1742 prastica
705 1698 766 1731 sint
775 1723 786 1738 ,
816 1698 896 1731 illud
910 1698 1094 1742 significant
1106 1721 1117 1737 ‚

252 1746 346 1790 quod
358 1747 501 1781 caussam
514 1759 524 1789 ;
542 1748 574 1782 ὅ(
587 1759 642 1791 per
655 1747 736 1782 illud
747 1748 929 1792 significant
941 1771 952 1786 ,
965 1759 1018 1791 per
1028 1748 1116 1791 quod

251 1797 417 1834 mussant,
442 1798 532 1841 atqui
544 1797 742 1832 sacramenta
755 1796 821 1832 haec
832 1798 968 1842 gratiam
981 1821 992 1836 ,
1019 1808 1115 1841 quam

253 1846 439 1890 significant
450 1870 462 1886 ,
480 1857 548 1882 non
561 1848 704 1881 cauffant
719 1859 772 1890 per
783 1848 1024 1891 impositionem
1036 1871 1047 1888 ,
1066 1848 1117 1881 seu

249 1896 496 1932 institutionem
523 1898 611 1930 suam
631 1909 640 1940 ;
667 1897 719 1931 sed
741 1909 794 1940 per
815 1899 904 1932 suam
926 1898 1118 1937 entitatem;

255 1955 337 1987 ergo
349 1945 493 1978 similiter
502 1946 684 1989 significant
694 1971 704 1986 ‚
717 1957 784 1979 non
799 1957 851 1987 per
863 1946 1118 1989 impositionem,

257 1993 315 2028 sed
336 2003 392 2035 per
420 1994 508 2026 suam
529 1995 719 2028 entitatem.
750 1997 841 2027 Patet
859 2000 930 2027 min.
943 1997 956 2036 (
971 1995 1117 2037 suppono

258 2052 368 2077 autem
389 2053 430 2075 ex
451 2043 607 2078 sententia
631 2043 849 2078 communiori
868 2044 901 2078 ὃ(
916 2045 1050 2084 veriori,
1077 2045 1118 2077 sa·

251 2101 419 2126 eramenta
439 2093 577 2134 gratiam
599 2094 736 2126 caussare
757 2093 884 2126 realiter
904 2104 942 2127 ac
966 2091 1119 2134 physice)

252 2140 331 2183 quia
353 2140 516 2182 impositio
529 2141 582 2174 seu
611 2141 775 2175 institutio
786 2142 1057 2175 sacramentorum
1071 2141 1116 2173 ni·

253 2189 304 2225 hil
324 2190 368 2223 est
386 2189 474 2234 aliud
489 2214 499 2230 ,
526 2201 624 2233 quam
648 2191 801 2225 voluntas
819 2187 940 2225 Christi
961 2190 1091 2224 domini
1106 2215 1116 2231 ,

252 2251 319 2281 qua
341 2249 387 2273 res
410 2239 592 2280 sensibiles,
618 2240 697 2275 dum
718 2239 774 2274 hic
795 2241 830 2274 in
852 2240 943 2274 terris
955 2240 1115 2274 mundum

253 2289 478 2331 redempturus
498 2288 618 2324 viveret
631 2313 642 2328 ,
668 2290 827 2331 elevavit;
854 2300 890 2323 ut
913 2292 1014 2323 essent
1033 2291 1117 2323 caus-

254 2338 295 2376 ἴε
328 2337 585 2372 instrumentales
614 2338 725 2382 gratiz
752 2339 785 2372 &
807 2337 983 2372 sanctitatis
1005 2337 1117 2372 huma-

255 2397 306 2422 Μ
325 2400 333 2420 :
363 2386 451 2430 atqui
471 2398 526 2429 per
549 2386 634 2421 hanc
656 2385 778 2423 Christi
806 2388 947 2422 Domini
971 2388 1119 2422 volunta·

257 2445 324 2470 tem
337 2459 349 2476 ,
374 2447 442 2479 quae
465 2436 529 2478 jam
547 2437 564 2471 a
579 2447 670 2471 tanto
686 2446 832 2480 tempore
845 2437 966 2471 transiit
979 2438 1012 2471 ὅ(
1024 2437 1117 2481 periit

255 2492 338 2529 (per
349 2487 550 2520 voluntatem
567 2487 657 2521 enim
681 2485 734 2521 hic
756 2498 823 2523 non
835 2486 987 2531 intelligo
1001 2498 1118 2530 poten-

255 2537 335 2569 tiam
357 2559 368 2575 ‚
403 2535 455 2569 sed
477 2536 583 2570 astum
607 2537 808 2578 voluntatis)
830 2538 1027 2572 sacramenta
1050 2549 1118 2582 gra·

255 2585 336 2620 tiam
357 2596 426 2619 non
446 2587 587 2620 cauffant
606 2599 616 2628 ;
643 2597 723 2630 ergo
748 2598 851 2628 neque
871 2586 960 2621 illam
985 2598 1038 2630 per
1059 2589 1119 2623 im-

255 2635 474 2680 positionem,
499 2635 562 2669 sive
581 2635 819 2671 institutionem
842 2637 932 2671 suam
953 2638 1113 2672 caussant.

256 2684 405 2718 Probatur
423 2690 493 2716 min.
503 2685 580 2727 quia
599 2685 682 2718 ratio
699 2710 710 2726 ,
733 2686 797 2719 sive
818 2687 919 2721 virtus
934 2687 1054 2731 agendi
1067 2688 1116 2722 de-

256 2734 311 2771 bet
338 2734 400 2767 esse
426 2735 554 2776 praesens
578 2734 613 2768 ὃς
638 2734 764 2769 realiter
788 2737 925 2771 existens
951 2737 985 2770 in
1001 2739 1117 2778 causa,

257 2783 392 2825 quando
404 2785 495 2818 causa
516 2784 672 2826 perillam
683 2786 873 2828 operatur&
885 2786 951 2830 agit
965 2799 976 2819 .·
1004 2788 1117 2829 suppo—

256 2845 303 2867 no
328 2833 417 2868 eni'm
438 2845 477 2867 ex
505 2832 634 2877 physica
646 2835 785 2869 caussam
797 2836 990 2869 efficientem
1001 2838 1062 2871 esse
1073 2847 1117 2870 ta-

258 2885 322 2918 lem
342 2908 354 2925 ,
379 2895 446 2927 quae
471 2885 678 2918 essentialiter
704 2885 842 2928 requirat
868 2886 1025 2920 actualem
1051 2887 1116 2920 eii-

256 2934 429 2973 stentiam,
457 2943 492 2968 ut
503 2936 642 2969 cauffare
658 2935 772 2978 poslit;
802 2935 1115 2980 atquivolitio‚qua

257 2983 405 3018 Christus
427 2985 592 3018 Dominus
614 2986 807 3019 sacramenta
820 2985 974 3028 imposuit
985 2986 1018 3020 ἀ
1029 2985 1118 3020 insti-

256 3035 340 3073 tuit,
367 3034 431 3068 hoc
454 3044 599 3077 tempore
620 3035 758 3078 amplius
785 3046 851 3069 non
865 3034 927 3077 est·,
958 3045 1037 3079 ergo
1053 3035 1115 3070 hoc

257 3095 402 3127 tempore
414 3085 608 3118 sacramenta
620 3097 686 3121 non
711 3085 840 3128 possunt
863 3085 1001 3118 caussare
1014 3086 1118 3128 peril·

257 3135 343 3176 lam;
369 3145 448 3178 ergo
469 3135 612 3168 caussant
625 3147 679 3178 per
691 3136 780 3168 suam
792 3135 981 3170 entitatem:
1007 3145 1115 3170 motus

257 3185 403 3224 etenim,
429 3184 564 3227 qualitas
580 3209 590 3225 ,
616 3195 672 3218 aut
696 3185 855 3227 impressio
882 3182 1024 3226 quaedam
1036 3186 1113 3220 divi·

257 3234 395 3268 nitatis&
408 3233 599 3276 quibusdam
613 3236 677 3269 illis
687 3234 726 3269 ad
740 3234 946 3268 caussandum
958 3234 1088 3279 alligata
1099 3261 1109 3276 ,

255 3284 342 3327 apud
364 3295 415 3317 me
427 3284 603 3327 figmenta,
632 3297 701 3319 non
712 3284 961 3328 supernaturalia
972 3286 1110 3321 astivita-

256 3334 297 3367 tis
312 3333 497 3368 adiumenta
510 3335 583 3368 sunt
594 3358 601 3366 .

303 3393 358 3429 29.
388 3387 475 3417 Dices
506 3394 620 3419 contra
653 3386 808 3429 majorem
836 3384 929 3427 hujus
953 3384 1111 3419 discursus

254 3432 478 3475 principalem,
505 3435 560 3468 cui
580 3444 670 3469 totus
693 3435 747 3470 hic
765 3434 1125 3490 discursusinnitituq‘

1159 166 1666 212 Avrtroniuntim
1910 183 1972 228 95

1157 250 1238 292 quod
1240 247 1428 292 fignificant:
1454 249 1609 285 cauffatio
1621 251 1748 294 gratiae,
1777 254 1810 288 ὁ(
1824 253 2023 299 significatio

1158 298 1268 344 gratiae
1290 298 1364 331 sunt
1390 298 1462 332 duae
1484 299 1675 333 sacramenti
1687 301 1847 344 ustiones,
1874 305 1924 339 vel
1938 304 2026 347 quast

1160 349 1314 392 actiones<
1329 356 1400 381 nam
1412 359 1447 381 ut
1457 349 1565 391 postea
1576 348 1683 383 dicam
1696 349 1889 393 significatio
1900 359 2029 398 eompa-

1163 398 1223 432 rari
1234 409 1301 431 non
1317 398 1420 440 potest
1432 410 1507 431 cum
1521 399 1648 432 afflone
1659 423 1670 439 ,
1692 398 1742 432 vel
1757 402 1966 444 caussalitate,
1977 403 2044 438 sed-

1163 459 1236 482 cum
1252 447 1363 481 effectu
1376 449 1387 489 )
1400 446 1499 491 plane
1509 448 1634 482 diversae
1643 472 1654 487 ,
1673 459 1710 481 ac
1722 448 1847 482 realiter
1859 449 2029 488 distinefae:

1163 499 1316 531 caussatio
1329 499 1417 531 enirn
1428 498 1540 541 gratiae
1551 498 1596 531 est
1608 498 1695 531 actio
1709 498 1894 541 productiva
1906 503 2036 545 gratim»,

1164 547 1358 592 significatio
1371 547 1446 581 vero
1453 548 1563 592 gratiae
1572 548 1616 582 est
1630 548 1781 592 cognitio
1795 549 1930 592 gratiaeii.
1944 552 2039 586 sacra-

1167 609 1279 631 mento
1293 599 1349 631 suo
1361 598 1463 631 modo
1479 598 1658 641 procedens
1671 599 1704 631 in
1719 598 1896 641 recipiente
1908 623 1919 639 ,
1931 600 2041 635 confe-

1167 658 1278 688 rente,
1308 649 1357 681 vel
1371 648 1469 690 recipi
1482 659 1538 681 aut
1558 647 1697 682 conferri
1723 647 1856 682 vidente
1868 649 2043 683 sacramen·

1169 708 1333 742 tum;ergo
1346 709 1412 731 non
1425 696 1545 732 debent
1555 723 1566 738 ‚
1589 698 1693 732 immo
1710 709 1778 732 non
1790 699 1921 741 possunt
1933 698 2043 743 egredi

1169 748 1210 781 ab
1222 747 1334 781 eodeni
1346 747 1473 781 formali
1484 747 1736 792 principio-,ergo
1752 759 1805 791 per
1817 748 1850 783 id
1862 749 2046 783 sacramen-

1171 809 1202 831 ta
1216 810 1283 831 non
1298 797 1480 841 significant
1494 822 1506 838 ,
1524 809 1579 841 per
1590 799 1678 841 quod
1689 798 1833 832 caussam
1847 823 1855 831 .
1876 797 1966 841 Refp.
1978 810 2044 842 neg.

1171 846 1422 889 consi-qdiversas
1430 848 1633 891 enim.specie
1646 848 1788 883 astiones
1801 847 1842 882 ab
1855 847 1972 883 eodem
1986 848 2047 882 for-

1173 898 1252 931 mali
1265 898 1424 940 principio
1444 909 1542 939 quam
1567 898 1729 941 saepiffime
1749 898 1856 942 egredi
1871 899 1904 933 in
1917 897 2049 943 physica

1174 947 1309 980 obvium
1322 947 1366 980 est
1381 959 1387 978 :
1415 949 1448 980 in
1463 948 1524 982 hac
1536 947 1610 981 vero
1618 948 1845 983 concurrentia
1864 948 1908 983 ita
1922 948 2050 983 fieride-

1174 996 1265 1029 bere:
1293 996 1413 1029 scilicet
1439 997 1711 1041 significationem
1725 998 1915 1033 sacramenti
1928 998 2047 1033 debere

1175 1045 1283 1090 egredi
1305 1046 1346 1079 ab
1358 1046 1424 1089 ipsa
1438 1047 1575 1081 entitate
1595 1049 1804 1088 sacramenti,
1834 1049 1914 1082 sicut
1936 1048 1977 1083 ab
1989 1047 2045 1083 illa

1175 1094 1338 1140 egreditur
1358 1096 1513 1130 caussatio
1525 1097 1655 1140 gratiae;
1676 1097 1941 1140 faciliprobatur:
1970 1098 2048 1143 quia

1177 1148 1408 1180 sacramentum
1430 1146 1474 1179 est
1492 1146 1628 1190 signum·
1641 1146 1784 1181 sensibile
1807 1172 1818 1188 ,
1845 1148 1934 1190 atqui
1958 1149 2049 1194 signa

1176 1195 1334 1231 sensibilia
1353 1195 1536 1239 significant
1548 1221 1559 1237 ‚
1585 1196 1648 1230 five
1669 1196 1941 1241 significationem
1965 1197 2050 1240 prin-

1177 1246 1322 1288 cipiam,
1351 1256 1405 1288 per
1422 1246 1509 1280 suam
1534 1246 1723 1280 entitatem:
1746 1247 1808 1281 sive
1833 1248 1865 1280 in
1879 1248 1976 1292 signis
1987 1247 2054 1281 sen-

1179 1295 1323 1330 sibilibus
1345 1295 1542 1339 significatio
1565 1296 1730 1341 egreditur
1751 1296 1793 1331 ab
1805 1297 1871 1340 ipsa
1881 1297 1962 1341 signi
1989 1308 2052 1331 en-

1125 1378 1128 1382 i
1181 1347 1297 1387 titate;
1325 1343 1390 1389 haec
1418 1346 1507 1379 enim
1528 1347 1641 1380 omnia
1662 1346 1757 1389 plane
1778 1347 1914 1388 eadem,
1941 1345 2054 1381 &fere

1181 1396 1354 1438 synonima
1374 1396 1446 1429 sunt
1463 1408 1477 1437 ;
1502 1407 1582 1441 ergo
1606 1395 1799 1441 significatio
1821 1398 1931 1442 gratiae
1943 1397 2055 1442 egredi

1181 1445 1278 1480 debet
1302 1446 1343 1479 ab
1359 1446 1499 1480 entitate
1531 1447 1719 1480 sacramenti
1743 1471 1755 1487 ‚
1791 1448 1872 1482 ficut
1891 1447 2055 1492 egreditur

1182 1495 1335 1530 caussatio
1353 1496 1462 1540 gratiae
1473 1520 1480 1527 .
1509 1496 1657 1529 Probatur
1674 1502 1745 1529 min.
1759 1499 1834 1539 quia
1850 1498 1977 1542 fignum
1987 1498 2056 1531 sen-

1182 1545 1269 1579 sibile
1290 1546 1449 1590 significat
1470 1546 1637 1579 mediante
1655 1546 1704 1579 sui
1725 1548 1943 1589 sensatione3
1978 1553 2056 1590 ergo

1182 1594 1310 1640 siguum
1330 1594 1478 1628 sensibile
1497 1594 1592 1629 debet
1614 1595 1792 1640 significare
1813 1607 1868 1639 per
1892 1597 1980 1630 suam
2002 1607 2058 1630 en-

1184 1646 1308 1679 titatem
1329 1670 1336 1676 .
1377 1644 1521 1677 Probatur
1541 1644 1668 1688 consequ.
1693 1645 1769 1689 quia
1793 1646 1972 1691 significare
1993 1657 2059 1680 me-

1183 1696 1293 1730 diante
1315 1693 1362 1728 sui
1385 1695 1565 1730 sensatione
1576 1695 1621 1730 est
1633 1696 1812 1740 significare
1823 1697 1942 1739 perid,
1967 1696 2057 1741 quod

1184 1745 1218 1778 in
1242 1746 1274 1779 se
1294 1745 1430 1779 sentitur
1452 1769 1462 1785 ‚
1489 1757 1526 1779 ac
1553 1747 1643 1780 sensu
1666 1746 1862 1790 percipitur.-
1889 1746 1942 1780 dic
1965 1746 2057 1780 enim

1184 1792 1266 1829 mihi
1290 1793 1368 1838 quid
1389 1796 1428 1828 sit
1445 1795 1533 1829 aliud
1556 1797 1570 1829 ἓ
1596 1797 1683 1840 atqui
1708 1796 1761 1838 id,
1790 1796 1879 1839 quod
1903 1797 1938 1829 in
1963 1796 2057 1840 signo

1185 1844 1322 1879 sensibili
1348 1846 1438 1879 sensu
1457 1845 1650 1888 percipitur,
1677 1847 1721 1880 est
1745 1847 1810 1888 ipsa
1825 1846 2055 1889 fignientitas;

1183 1906 1262 1939 ergo
1274 1895 1399 1938 signum
1410 1894 1557 1928 sensibile
1574 1919 1584 1934 ‚
1610 1895 1705 1938 quale
1726 1895 1771 1928 est
1798 1896 2056 1938 sacramentum,

1183 1943 1359 1987 significare
1369 1941 1465 1977 debet
1477 1955 1531 1987 per
1546 1945 1634 1978 suam
1646 1943 1816 1979 entitatem
1829 1971 1836 1979 .

1233 2002 1286 2040 30.
1313 1994 1558 2037 Argumentum
1591 1993 1656 2028 hoc
1676 1995 1831 2030 militavit
1853 2008 1920 2031 non
1943 2007 2057 2032 contra

1183 2042 1441 2084 conclusionem3
1470 2044 1524 2077 sed
1536 2055 1647 2077 contra
1660 2046 1881 2080 conclusionis
1893 2047 2058 2090 probatio-

1183 2102 1278 2131 nem3
1304 2090 1369 2131 jam
1392 2101 1505 2125 contra
1529 2093 1772 2128 conclusionem
1799 2096 1916 2130 directe
1937 2097 2057 2139 objicies

1178 2144 1274 2181 primo
1293 2152 1304 2172 .·
1331 2140 1526 2184 significatio
1547 2143 1775 2185 aptitudinalis
1796 2146 1878 2188 signi
1897 2146 2056 2181 arbitrarii

1181 2186 1224 2222 est
1239 2188 1325 2223 illius
1349 2190 1389 2223 ad
1417 2190 1665 2234 significandum
1678 2194 1863 2236 impositio,
1885 2197 1976 2239 atqui
2001 2198 2059 2230 ini·

1182 2238 1298 2282 positio
1318 2239 1528 2283 distinguitur
1550 2242 1674 2275 realiter
1685 2242 1725 2275 ab
1738 2244 1876 2279 entitate
1886 2245 2060 2291 signiatbi·

1182 2289 1293 2331 trarii;
1320 2290 1443 2332 ergo&
1462 2289 1660 2333 significatio
1672 2293 1916 2333 aptitudinalis.
1946 2296 2057 2330 Proba-

1180 2345 1228 2370 tur
1241 2342 1312 2372 mai.
1337 2339 1412 2379 quia
1441 2339 1633 2382 significatio
1654 2342 1936 2383 aptitudinalisest
1949 2345 2054 2387 illud,

1181 2397 1247 2430 quo
1273 2387 1376 2430 posito
1399 2387 1571 2423 velablato
1582 2390 1707 2435 signum
1721 2392 1756 2425 fit
1770 2403 1906 2436 potens,
1934 2395 1985 2428 vel
1996 2396 2055 2429 im-

1183 2447 1298 2479 potens
1319 2437 1498 2481 significare
1513 2463 1522 2478 ,
1540 2440 1631 2484 atqui
1656 2441 1755 2484 posita
1770 2443 1818 2476 vel
1829 2443 1936 2478 ablata
1953 2444 2057 2489 impo-

1180 2487 1297 2520 sitione
1318 2487 1445 2531 fignum
1458 2489 1660 2525 arbitrarium
1676 2492 1712 2525 fit
1723 2502 1839 2534 potens
1852 2518 1862 2534 ,
1888 2495 1939 2528 vel
1951 2494 2056 2539 impo-

1180 2547 1252 2570 tens
1274 2537 1473 2581 significare3
1502 2551 1580 2584 ergo
1604 2540 1660 2576 illa
1682 2542 1847 2585 impositio
1869 2544 1914 2578 est
1936 2546 2056 2588 aptitu-

1180 2585 1297 2620 dinalir
1319 2587 1514 2631 significatio
1527 2614 1534 2621 .
1561 2589 1649 2633 Resp.
1672 2602 1735 2635 neg·
1754 2599 1823 2627 mai.
1840 2593 2056 2638 utriusqueffl-

1179 2635 1309 2679 logismi:
1340 2649 1413 2670 nam
1438 2636 1518 2672 illud
1540 2664 1551 2683 ‚
1578 2651 1644 2683 quo
1670 2642 1776 2684 posito
1801 2644 1850 2678 vel
1873 2643 1983 2679 ablato
2005 2656 2054 2680 res

1181 2687 1217 2719 fit
1240 2697 1376 2729 potens,
1403 2687 1454 2720 vel
1477 2689 1655 2732 impotens,
1685 2702 1754 2725 non
1778 2694 1952 2737 semperest
1967 2695 2054 2730 illius

1181 2737 1328 2779 potentia
1340 2748 1349 2778 ;
1378 2736 1457 2780 saepe
1467 2740 1554 2773 enim
1572 2740 1676 2775 solum
1688 2741 1732 2775 est
1744 2741 1895 2777 conditio
1907 2745 2054 2787 quaedam

1180 2786 1262 2819 astui
1287 2787 1518 2830 praerequisita,
1545 2802 1643 2834 quam
1667 2802 1784 2827 vocare
1807 2794 1946 2828 solemus
1956 2796 2054 2827 condr-

1180 2841 1289 2869 tionem
1302 2834 1364 2878 fine
1389 2849 1448 2879 qua
1465 2849 1542 2880 non,
1570 2851 1598 2873 v.
1611 2852 1640 2885 g.
1665 2841 1752 2887 ignis
1773 2843 1976 2878 calefastivus
1989 2845 2053 2878 sine

1179 2887 1398 2929 applicatione
1422 2888 1466 2921 sui
1489 2889 1530 2922 ad
1553 2889 1680 2935 lignum
1702 2915 1713 2929 ,
1747 2903 1803 2927 aut
1825 2893 1914 2927 aliud
1936 2905 2052 2939 corpus

1178 2936 1388 2971 calefassibile
1401 2962 1411 2977 ,
1437 2939 1612 2974 calefacere
1640 2953 1707 2974 non
1722 2942 1848 2984 potest3
1877 2943 1962 2978 unde
1973 2945 2053 2987 posi·

1178 2996 1209 3019 ta
1231 2987 1279 3020 vel
1301 2986 1406 3021 ablata
1435 2987 1492 3022 ista
1513 2989 1855 3034 suiapproximatione
1866 2993 1902 3027 fit
1916 3004 2051 3037 potem,

1177 3036 1227 3069 vel
1251 3037 1411 3079 impotens
1437 3040 1630 3074 calefacere:
1657 3052 1764 3084 neque
1786 3052 1895 3077 tamen
1917 3044 1974 3077 ista
1998 3056 2052 3088 ap·

1176 3087 1374 3129 proximatio
1396 3087 1441 3120 est
1470 3090 1540 3132 igni
1569 3091 1715 3132 potentia
1737 3092 1969 3133 calefaciendi,
1997 3094 2050 3127 sed

1176 3136 1262 3170 nuda
1283 3136 1428 3179 quedam
1464 3140 1590 3171 conditio
1615 3140 1678 3179 stne
1698 3153 1757 3183 qua
1779 3153 1836 3175 non
1857 3155 1866 3184 ;
1905 3143 2051 3178 similiter

1172 3196 1251 3229 ergo
1273 3187 1348 3220 licet
1376 3187 1501 3230 fignum
1514 3188 1717 3224 arbitrarium
1730 3215 1741 3231 ,
1768 3191 1870 3235 posita
1883 3193 1932 3226 vel
1942 3192 2049 3229 ablata

1172 3237 1218 3268 sui
1232 3236 1273 3269 ad
1287 3236 1533 3280 significandum
1546 3239 1753 3282 impositione
1765 3265 1776 3281 ‚
1802 3242 1859 3276 fiat
1871 3253 1988 3285 potens
1998 3244 2050 3279 vel

1171 3286 1335 3327 impotens
1355 3285 1554 3331 significare3
1584 3300 1652 3323 non
1681 3291 1847 3334 sequitur,
1873 3292 1962 3335 quod
1989 3294 2049 3329 ista

1173 3333 1337 3376 impositio
1349 3335 1386 3367 sit
1399 3335 1447 3370 illi
1461 3340 1606 3381 potentia
1620 3339 1822 3384 significandi
1832 3366 1843 3381 ,
1871 3343 1924 3376 seu
1932 3344 2048 3388 aptitu-

1171 3383 1288 3417 dinalis
1313 3383 1525 3430 fignificati03
1553 3389 1629 3432 quia
1651 3388 1719 3424 haec
1740 3392 1854 3425 omnia
1875 3393 1955 3428 stare
1978 3396 2048 3437 pos-

1171 3435 1263 3472 sunt,
1293 3435 1415 3469 etiamsi
1438 3438 1670 3475 tantummodo
1693 3440 1730 3475 fit
1753 3442 1880 3476 conditio
1899 3444 2045 3488 quaedam

253 3480 373 3520 scilicet
396 3481 493 3518 hanc:
517 3483 705 3527 sacramenta
725 3493 778 3527 per
800 3485 876 3519 illud
885 3486 1035 3529 cauffant‚
1056 3493 1111 3528 per
1166 3483 1226 3527 fine
1250 3496 1307 3528 qua
1323 3496 1396 3519 non.

351 3532 456 3573 Christ.
479 3537 558 3576 Lupi·
568 3540 664 3576 opera
677 3538 755 3569 Tom.
767 3537 840 3570 XII.

1728 3541 1744 3576 1
1769 3554 1792 3579 2
1942 3551 1994 3588 31·
