2384 3770
358 108 436 160 *An
448 124 525 159 sle.
542 124 640 156 nan.
654 121 757 156 poss.
774 119 863 153 REM
878 112 971 151 PER.
984 112 1066 148 sio.
1079 110 1205 160 QiAM
1217 80 1311 146 rues
1322 110 1376 142 AB
1390 90 1473 142 ιΝςζ
1484 87 1679 143 Λίζττ.”ςύῐ’.
1690 95 1828 145 coste.
1908 111 1928 144 1
1946 81 2004 160 i7

220 195 497 241 applicationem:
518 193 607 238 atqui
622 190 800 237 applicatio
823 187 914 224 vocis
933 183 974 220 ad
997 182 1092 228 signi·

220 246 386 281 ficandum
407 244 453 279 est
474 243 540 286 ejus
562 243 737 286 suppositio
762 254 771 285 ;
799 250 877 283 ergo
900 244 996 270 voces
1021 243 1090 268 non

220 295 351 340 possunt
384 292 500 329 habere
526 294 747 336 perfeetiotetn
778 286 1053 332 significationem
1076 306 1088 323 2

220 356 319 390 quam
347 342 488 379 habeant
501 342 777 388 suppofitionem:
804 337 896 382 atqui
909 336 997 370 vocis
1019 333 1091 392 sup*—

220 396 340 440 positio
361 395 406 428 est
430 405 543 435 mens,
568 405 605 427 ac
624 391 766 425 intentio
788 387 952 431 loquentis
974 397 984 428 ς
1006 395 1091 428 ergo

220 455 318 480 voces
338 456 406 479 non
428 446 556 488 poliunt
576 440 693 476 habere
738 438 963 482 perfectiorem
995 435 1092 479 signi-

221 497 433 535 ficationem,
458 504 555 538 quam
578 493 675 525 fuerit
698 497 999 532 conceptus,mens
1032 496 1094 526 ,ac

222 547 368 580 intentio
382 542 543 589 loquentis
555 566 562 574 .
590 538 672 583 Resp.
683 551 745 583 neg.
757 543 888 581 primum
900 537 1094 576 antecedens,

223 598 356 640 agentia
373 595 462 629 enim
482 590 613 635 physica
637 592 714 624 licet
737 591 770 622 in
797 588 886 632 paffis
909 586 1094 631 pariformis

222 647 347 690 ubique
365 654 420 688 per
438 642 552 677 omnia
584 639 802 685 dispositionis
823 661 836 678 ,
868 639 1031 672 astionem
1056 647 1094 670 ac

223 696 373 731 effectum
393 694 487 729 suum
510 693 632 735 semper
660 689 931 734 proportionem,
959 699 996 721 ac
1006 698 1093 721 men·

224 748 334 780 forent
362 745 452 788 juxta
484 741 728 786 proportionem
749 751 787 774 ac
808 741 993 774 mensuram
1032 739 1093 771 suae

224 795 268 832 ad
289 796 411 840 passum
434 792 686 836 applicationis;
708 789 839 834 agendo
860 789 1016 823 nimirum
1031 788 1093 821 for·

223 847 293 881 tius
309 845 345 879 in
355 840 751 888 propinquum‚remiffius
763 841 795 873 in
808 849 985 878 remotum,
995 847 1094 880 aequa·

222 896 298 930 liter
319 895 354 929 in
373 904 462 934 aeque
482 894 626 927 vicinum
650 903 657 923 :
686 889 752 923 hoc
773 899 882 923 tamen
908 888 1093 922 nullatenus

224 946 352 981 faciunt
373 945 407 978 in
419 942 509 988 passis
529 939 690 976 difformis
700 951 738 973 ac
760 937 929 981 inaequalis
949 935 1029 971 hinc
1042 937 1092 969 in·

225 994 267 1030 de
288 993 522 1039 dispositionis.
554 990 684 1025 Notum
708 1000 848 1030 namque
869 988 963 1022 omni
987 986 1091 1031 philo-

225 1043 331 1089 sopho
341 1046 410 1079 est.-
437 1042 581 1088 agensin
602 1042 684 1084 passa
704 1040 761 1073 sibi
784 1037 873 1083 aeque
887 1038 994 1072 vicina
1010 1060 1020 1077 ,
1039 1034 1092 1071 sed

225 1094 267 1130 ad
285 1096 434 1130 effeetum
466 1094 534 1135 ejus
557 1089 778 1134 recipiendum
803 1088 1001 1130 inaequaliter
1030 1087 1094 1121 dis-

225 1146 327 1189 posita
339 1170 349 1185 ,
368 1143 566 1186 inaequaliter
580 1152 694 1185 agere:
718 1140 836 1173 fortius
850 1138 970 1172 scilicet
982 1138 1014 1171 δε
1029 1148 1094 1182 per·

224 1195 340 1230 sectius
353 1194 501 1229 inunum
514 1216 526 1232 ‚
547 1201 646 1234 quam
665 1191 699 1224 in
712 1189 818 1223 aliud:
840 1190 946 1222 immo
968 1187 1095 1222 ratione

224 1244 395 1289 inaequalis
417 1242 512 1285 hujus
531 1241 750 1283 dispositionis
773 1239 890 1273 fortius
900 1237 1097 1281 quandoque

225 1305 322 1338 agere
333 1294 366 1326 in
379 1301 539 1328 remotum
550 1314 561 1330 ‚
574 1300 671 1333 quam
685 1290 719 1322 in
732 1289 951 1333 propinquum
963 1312 970 1320 .
997 1287 1098 1322 Simi-

226 1345 302 1378 liter
321 1353 400 1387 ergo
418 1341 548 1385 agentia
571 1339 709 1374 moralia
732 1364 742 1380 ,
773 1338 881 1382 qualia
907 1339 982 1372 sunt
1007 1338 1097 1380 signa

226 1393 391 1428 arbitraria
412 1392 552 1435 respectu
577 1390 637 1423 suae
659 1388 924 1433 significationis,
952 1397 985 1420 ut
999 1389 1098 1420 dicam

228 1442 305 1486 disp.
322 1441 458 1486 sequenti
478 1464 490 1480 ,
513 1441 643 1483 possunt
667 1440 700 1472 in
724 1439 806 1482 passa
837 1462 848 1478 ‚
879 1436 999 1478 quibus
1022 1438 1098 1469 sunt

227 1492 392 1536 aequaliter
413 1489 570 1534 applicata
595 1491 609 1531 (
644 1490 727 1521 modo
757 1488 810 1527 ista
825 1485 885 1527 fint
907 1487 1097 1528 inaqualtter

227 1540 362 1585 disposita
383 1540 399 1585 )
425 1538 624 1583 inaequaliter
644 1549 760 1583 agere:
788 1539 916 1581 poliunt
939 1536 1097 1579 potentiis

228 1591 462 1637 cognoscitivis
487 1613 498 1629 ,
535 1587 651 1632 quibus
672 1589 747 1622 sunt
771 1586 811 1621 ad
846 1586 1096 1630 significandum

229 1642 395 1686 aequaliter
419 1639 622 1683 applicata&
646 1638 830 1682 supposita,
852 1636 1051 1680 inaequaliter
1061 1636 1096 1669 fi-

228 1692 380 1737 gnificari
402 1704 412 1724 .·
438 1689 495 1723 uni
519 1689 637 1723 scilicet
657 1688 825 1732 perfestius
845 1698 944 1730 quam
976 1687 1096 1728 alteri,-

227 1742 331 1777 modo
354 1741 420 1775 istae
432 1739 583 1784 potentiae
602 1737 642 1772 ad
662 1738 937 1783 significationem
961 1736 1098 1781 signite-

225 1791 431 1836 cipiendam‚
462 1789 512 1823 vel
535 1789 644 1833 potius
665 1789 698 1822 in
721 1790 751 1822 se
773 1786 1097 1831 producendaminae·

227 1843 368 1886 qualiter
379 1841 508 1875 valeant
522 1863 533 1880 ,
544 1851 580 1873 ac
593 1839 653 1873 sint
663 1838 841 1883 dispofitae.
870 1838 915 1870 At
931 1836 1009 1870 verd
1019 1848 1098 1871 con-

227 1893 329 1936 tingit
339 1890 538 1935 quandoque
548 1901 645 1923 voces
668 1889 708 1923 ad
732 1887 979 1933 significandum
996 1887 1098 1931 appli-

229 1943 295 1975 cari
327 1940 482 1983 potentiis
504 1938 668 1979 inaequalis
687 1938 911 1981 dispositionis
934 1949 971 1970 ac
998 1936 1095 1980 perfe-

231 1990 368 2024 etionis:
385 1988 539 2032 potentiae
549 1998 690 2029 namque
700 1985 930 2031 cognoscitivae
944 2010 955 2026 ‚
980 1986 1098 2029 quibus

228 2050 331 2074 voces
350 2037 531 2083 significant
553 2061 564 2076 ,
599 2038 674 2071 sunt
711 2035 913 2071 intellestivae
944 2037 1098 2079 potentiae

229 2088 406 2122 hominum
439 2097 536 2120 voces
557 2083 761 2120 audientium
782 2099 792 2128 ;
824 2086 908 2117 inter
930 2096 1008 2125 quas
1034 2097 1097 2118 una

228 2137 394 2181 saepiffime
406 2135 452 2170 cst
474 2134 644 2178 persestior
664 2134 747 2168 alia:
766 2133 871 2167 immo
892 2134 971 2175 saepe
982 2144 1097 2167 omnes

226 2186 281 2221 vel
302 2187 421 2231 aliquae
443 2195 551 2219 earum
574 2185 648 2217 sunt
668 2183 868 2227 perfeffiores
891 2184 1096 2226 potentiain-

227 2237 391 2272 tellestiva
405 2235 570 2279 loquentis
585 2258 592 2265 .
620 2234 662 2268 Et
686 2233 764 2268 hine
782 2243 877 2268 voces
896 2233 980 2275 apud
993 2233 1095 2267 diver-

227 2287 282 2320 sos
303 2285 470 2320 audientes
483 2283 561 2327 saepe
573 2284 784 2324 inaequalibus
794 2282 976 2327 significant
996 2283 1096 2327 signi·

227 2335 438 2370 ficationibus
456 2346 470 2375 ,·
494 2332 570 2376 stupe
591 2333 711 2367 habent
734 2332 1008 2377 significationem
1031 2343 1098 2375 pet·-

225 2386 396 2420 festiorem
420 2383 507 2427 apud
529 2383 717 2423 audientes,
739 2392 835 2425 quarn
857 2381 955 2415 fuerit
975 2392 1095 2416 conce-

221 2446 324 2479 ptus,
351 2445 442 2469 mens
466 2445 503 2467 ac
529 2433 674 2467 intentio
696 2432 879 2477 loquentis.

278 2496 335 2532 44.
362 2487 407 2517 Et
425 2483 637 2525 confirmantur
661 2481 725 2515 baec
746 2487 844 2515 omnia
861 2495 872 2515 .·
890 2482 965 2526 quia
989 2492 1098 2521 voces,

226 2534 357 2578 aliaque
378 2533 494 2567 similia
517 2532 606 2576 figna
630 2532 793 2566 arbitraria
815 2544 883 2567 non
913 2532 1096 2575 producunt

189 2594 194 2602 '
226 2586 372 2619 effective
393 2582 521 2627 physice
531 2582 689 2617 actualem
712 2583 801 2616 suam
813 2583 1095 2626 significationem3

226 2634 426 2680 significatio
446 2633 535 2666 enim
559 2632 690 2666 actualis
704 2643 816 2666 eorum
836 2633 1007 2674 spiritualis
1026 2633 1095 2675 qui-

228 2686 305 2718 dam
328 2685 412 2717 astus
437 2682 620 2715 intellectus
641 2682 709 2721 est,
735 2682 871 2725 quinon
900 2683 1003 2726 potest
1017 2683 1095 2727 phy—

227 2733 289 2768 sice
316 2732 449 2776 produci
479 2731 497 2764 ὲ
523 2730 681 2765 materiali
710 2742 790 2765 voce
821 2742 876 2774 per
897 2744 967 2766 aera
981 2733 1096 2766 sonan-

228 2795 280 2819 te:
303 2784 377 2817 sunt
399 2780 478 2826 ergo
500 2782 750 2825 significationis
777 2782 838 2815 suae
864 2781 904 2815 ad
933 2784 1095 2816 summum

227 2834 340 2868 caussae
362 2833 498 2866 morales
526 2844 535 2874 3
565 2841 722 2874 quatenus
745 2830 898 2864 nimirum
923 2833 997 2865 sunt
1014 2843 1095 2875 quae·

226 2885 303 2918 dam
325 2882 536 2917 conditiones
557 2893 594 2915 ac
612 2882 798 2915 occasiones
819 2882 981 2923 potentias
1002 2881 1096 2916 intel-

227 2933 356 2968 lestivas
366 2932 572 2966 audientium
585 2931 770 2966 excitantes
789 2931 829 2964 ad
851 2930 1046 2966 eliciendam
1058 2932 1094 2968 in

226 2985 260 3017 se
284 2983 515 3028 cognitionem
538 2983 582 3015 rei
607 2981 792 3026 fignificatae
822 2994 829 3013 :
858 2982 904 3014 At
924 2980 1001 3015 vero
1020 2992 1095 3016 con·

226 3033 330 3078 tingit
343 3043 410 3066 non
434 3031 505 3066 raro
516 3042 611 3066 voces
624 3030 728 3066 auditi
749 3031 790 3066 ab
811 3028 1001 3065 hominibus
1024 3032 1096 3066 inae-

225 3084 337 3127 quales
348 3081 528 3116 intellectus
540 3079 756 3124 habentibus;
779 3080 820 3115 ab
833 3080 1024 3116 hominibus
1036 3081 1094 3115 ha-

191 3133 195 3136 ’
225 3131 379 3168 bentibus
398 3131 601 3166 intellectum
624 3132 789 3166 intellectu
813 3131 976 3175 loquentis
999 3134 1097 3175 perfe-

223 3183 380 3218 &ioremz
402 3180 480 3216 hinc
502 3193 582 3227 ergo
604 3182 771 3226 contingit
803 3192 898 3215 voces
918 3181 996 3225 saepe
1017 3183 1096 3216 inae-

223 3232 377 3275 qualibus
398 3231 576 3276 significare
594 3230 912 3277 fignificationibus;
932 3229 1048 3267 habete
1059 3233 1095 3266 fi-

224 3282 477 3327 gnificationem
511 3283 733 3324 perse-{liorem
771 3282 804 3316 in
840 3292 910 3315 uno
941 3281 1095 3317 audiente

223 3343 324 3376 quam
337 3332 371 3367 in
393 3330 480 3375 ali03
502 3330 620 3366 habere
637 3333 908 3378 significationem
931 3331 1095 3374 perfectio·

220 3391 292 3415 rem
315 3383 348 3415 in
370 3379 580 3416 audientibus
598 3405 608 3420 ‚
635 3394 733 3426 quam
744 3382 842 3417 fuerit
861 3392 1043 3427 conceptus
1056 3394 1094 3420 ac

222 3430 403 3475 suppositio
424 3431 458 3465 in
480 3431 703 3475 loquentibus.

312 3482 423 3524 Christ.
447 3485 636 3527 Lupiopera
656 3486 737 3519 Tem.
757 3485 832 3518 ΧΠ.

1271 229 1765 280 DISPUTATIO
1812 234 1901 280 IV.

1191 361 1249 402 De
1278 352 1386 418 figno
1416 347 1581 415 formali
1620 368 1665 395 ac
1697 348 1996 414 instrumentali‚²

1314 418 1475 486 aliisque
1504 417 1730 485 quibufilam
1745 419 1850 484 stgni

1460 490 1699 554 divistonibus
1711 525 1724 537 .

1306 615 1769 658 DUBIUM
1871 618 1896 652 1.

1309 720 1406 765 ‚Quid
1422 717 1461 761 fit
1481 717 1595 762 signum
1612 716 1767 760 formale,
1792 719 1869 762 quid

1474 767 1695 809 instrumentale
1708 767 1721 800 ?

1158 899 1187 925 1·
1367 886 1535 924 Ardinalis
1562 890 1715 933 AEgidius
1750 891 1904 920 Romanus
1937 885 1969 915 in
1997 892 2032 917 1·

1381 938 1456 982 disp.
1486 951 1515 988 3.
1543 952 1573 982 q.
1589 953 1618 975 2.
1644 948 1704 973 art.
1734 948 1763 986 3.
1791 946 1888 982 quem
1928 931 2030 976 pleri-

1228 894 1286 1034 (
1320 895 1351 1034 3
1380 1000 1442 1033 que
1456 990 1512 1024 alii
1540 1000 1656 1025 omnes
1667 986 1867 1031 Philosophi
1892 987 2033 1027 sequun-

1379 1049 1451 1078 tur,
1483 1039 1548 1074 hoc
1562 1040 1666 1073 modo
1693 1038 1810 1072 definit
1827 1059 1838 1075 ‚
1862 1031 2033 1070 aedistin-

1156 1088 1230 1132 guit
1258 1088 1343 1122 inter
1369 1089 1402 1122 se
1427 1088 1554 1133 fignum
1567 1088 1704 1123 formale
1729 1082 2033 1121 &instrumentales

1150 1137 1265 1182 signum
1302 1137 1526 1178 instrumentale
1560 1148 1649 1172 vocat
1686 1139 1723 1171 id
1741 1161 1752 1177 ‚
1789 1137 1868 1179 quod
1886 1131 2033 1176 fignificat

1158 1193 1320 1232 cognitione
1341 1186 1389 1230 sui
1415 1190 1566 1223 mediante
1582 1214 1589 1220 .
1615 1187 1669 1222 Ut
1696 1189 1828 1227 fumus,
1854 1184 1971 1219 hedera
1982 1192 2036 1224 ap·

1159 1239 1254 1281 pensa
1269 1237 1410 1278 foribus,
1422 1249 1519 1274 voces
1531 1264 1541 1280 ,
1554 1238 1726 1281 scripturae,
1737 1238 1799 1271 &a
1828 1238 1847 1268 5
1850 1241 1950 1278 ignum
1964 1230 2033 1272 for·

1158 1289 1234 1321 male
1246 1297 1334 1321 vocat
1343 1290 1474 1321 omneid
1494 1314 1505 1330 ,
1543 1290 1622 1331 quod
1639 1286 1783 1331 fignificat
1802 1289 1961 1328 cognitione
1983 1279 2036 1325 sui

1159 1350 1219 1371 non
1244 1340 1412 1381 mediante3
1441 1338 1496 1373 Ut
1523 1338 1725 1378 intellectio,
1752 1337 1856 1376 visio,
1882 1332 2036 1371 auditio.

1159 1388 1378 1432 imaginatio,
1405 1389 1471 1423 ἃς.
1496 1388 1626 1432 Species
1654 1387 1811 1427 visibilis,
1837 1385 1956 1429 species
1973 1392 2035 1415 aue-

1141 1437 1296 1479 gdibilis,
1323 1438 1570 1482 intelligibilis,
1595 1437 1821 1482 imaginabilis
1850 1460 1860 1476 ,
1888 1435 1950 1469 ἀς.
1979 1433 2036 1467 Fa·

1141 1481 1251 1529 iteor,
1278 1488 1397 1522 modus
1425 1487 1480 1521 hic
1506 1487 1698 1532 explicandi
1726 1486 1794 1521 haec
1820 1486 1935 1529 signa»
1961 1493 2040 1526 Prae·

1159 1548 1306 1580 terquam
1333 1536 1422 1581 quod
1450 1538 1487 1571 sit
1515 1537 1716 1572 hastenusin
1741 1535 1862 1572 scholis
1891 1533 2038 1572 usitatus,

1159 1588 1257 1621 etiam
1284 1587 1328 1620 est
1357 1586 1538 1622 admodum
1564 1588 1669 1621 facilis
1689 1587 1722 1620 &
1748 1586 1872 1620 clarus.
1900 1581 2038 1616 Interim

1159 1647 1268 1672 tamen
1297 1636 1461 1671 mihinon
1491 1637 1614 1682 placet.
1644 1636 1731 1670 Puto
1758 1635 1848 1670 enim
1875 1630 2038 1667 aliterhic

1158 1687 1222 1721 esse
1249 1686 1551 1731 philosophandum
1579 1699 1589 1731 ;
1626 1686 1720 1722 aliter
1761 1685 1829 1720 haec
1856 1684 1946 1728 signa
1973 1681 2038 1715 esse

1158 1736 1368 1778 definienda,
1396 1738 1429 1771 ἀ
1455 1738 1565 1782 aliqua
1592 1735 1806 1772 adscribenda
1833 1735 1896 1769 effe
1924 1734 1959 1766 in
1987 1743 2040 1765 ca·

1161 1787 1308 1832 talogum
1342 1787 1510 1832 signorum
1552 1786 1848 1822 instrumentalium
1875 1808 1887 1824 ,
1925 1793 1994 1826 quae
2018 1781 2037 1815 ὲ

1159 1837 1330 1872 Cardinali
1357 1838 1486 1881 AEgidio
1514 1837 1675 1872 habentur
1715 1838 1750 1870 in
1789 1834 1944 1877 catalogo
1971 1832 2038 1866 for-

1159 1888 1310 1922 malium.
1341 1887 1431 1923 Nam
1458 1888 1533 1923 licet
1561 1887 1741 1931 significare
1767 1883 1963 1929 cognitIone
1989 1880 2038 1915 sui

1161 1948 1229 1971 non
1255 1936 1421 1971 mediante
1447 1937 1602 1971 omnibus
1629 1935 1725 1980 fignis
1752 1933 1944 1969 formalibus
1956 1943 2036 1966 con·

1160 1987 1299 2029 veniat;
1337 1997 1407 2020 non
1445 1987 1544 2021 credo
1572 1997 1683 2022 tamen
1718 1984 1898 2021 convenire
1939 1982 2034 2018 solis.

1160 2036 1225 2070 Pro
1252 2035 1450 2071 resolutione
1477 2038 1556 2080 erg&

1212 2097 1242 2121 2.
1273 2086 1406 2118 Adverte
1417 2087 1488 2119 duo.
1518 2090 1656 2119 Primum
1667 2086 1728 2125 est.-
1755 2085 1840 2120 inter
1866 2087 1957 2132 signa
1972 2085 2037 2120 effe

1159 2134 1321 2178 quaedam,
1348 2144 1418 2175 quae
1446 2136 1650 2177 potentiam,
1677 2136 1730 2169 cui
1759 2136 1967 2180 significant,
1989 2136 2040 2169 in-

1159 2185 1320 2218 formant.
1351 2183 1406 2218 Ut
1430 2184 1550 2228 species
1577 2185 1803 2229 intelligibilis
1830 2186 1977 2229 impreffa
2004 2186 2039 2220 ὅ(

1158 2234 1297 2277 expressa
1326 2233 1484 2269 informat
1510 2235 1714 2269 intellectum
1734 2258 1745 2275 ‚
1775 2235 1826 2268 cui
1853 2234 2035 2280 significat.

1158 2284 1284 2326 Species
1322 2282 1452 2316 visibilis
1488 2284 1635 2327 impressa
1663 2285 1698 2317 &
1724 2285 1867 2328 expressa
1908 2285 2037 2327 visum,

1158 2333 1222 2367 ὅτε.
1247 2331 1392 2375 quaedatn
1421 2331 1497 2367 vero
1524 2333 1731 2376 potentiam,
1757 2333 1811 2368 cui
1839 2334 2038 2378 significant,

1160 2393 1229 2416 non
1266 2381 1448 2417 informant
1467 2406 1475 2414 .
1515 2383 1571 2417 Ut
1597 2384 1727 2423 fumus,
1754 2381 1892 2424 hedera,
1920 2395 2039 2425 voces,

1158 2433 1222 2466 &c.
1249 2442 1317 2465 non
1347 2432 1530 2466 informant
1557 2434 1740 2476 potentiam
1780 2433 2032 2473 intellectivam,

1158 2483 1212 2516 cui
1238 2480 1442 2527 significant.
1471 2484 1636 2517 Secundum
1661 2482 1722 2523 est:
1750 2483 1835 2518 inter
1859 2484 1948 2529 signa
1979 2495 2037 2528 po-

1159 2533 1315 2572 tentiam,
1342 2532 1610 2577 adsignificat,
1636 2533 2035 2578 informantia,quaedam

1158 2584 1224 2618 esse
1250 2582 1352 2622 talia,
1374 2591 1411 2616 ut
1437 2583 1557 2626 possint
1570 2585 1751 2627 potentiam
1779 2583 1977 2626 informare,
2001 2585 2035 2620 &

1160 2643 1267 2667 tamen
1295 2633 1364 2665 adiu
1392 2632 1478 2666 nihil
1506 2632 1713 2678 significare.
1742 2633 1842 2669 Talia
1868 2636 1941 2668 sunt
1969 2636 2035 2679 spe-

1159 2684 1221 2717 cies
1232 2692 1346 2717 omnes
1359 2683 1539 2725 impressae,
1565 2693 1631 2717 tam
1658 2683 1846 2725 sensibiles,
1873 2696 1971 2728 quam
1984 2686 2037 2719 in·

1159 2731 1364 2777 telligibiles.
1391 2734 1480 2765 Ratio
1498 2732 1563 2773 est!
1580 2734 1655 2776 quia
1677 2734 1811 2768 actualis
1833 2734 1915 2778 ligni
1936 2736 2035 2779 signi-

1160 2784 1269 2818 ficatio
1293 2782 1338 2815 est
1371 2782 1547 2826 significati
1567 2783 1585 2817 ὲ
1620 2784 1767 2827 potentia
1803 2785 2031 2828 cognoscitiva

1158 2834 1346 2877 perceptio,
1364 2832 1398 2866 ἀ
1418 2833 1571 2877 cognitio
1590 2845 1600 2876 ;
1638 2834 1786 2877 adeoque
1807 2834 1932 2878 signum
1957 2836 2030 2869 aslu

1158 2883 1336 2928 significare
1355 2883 1399 2916 est
1417 2883 1600 2926 potentiam
1625 2883 1886 2928 cognoscitivam
1910 2887 1981 2919 astu
1995 2885 2031 2918 fi·

1157 2934 1354 2978 gnificatum
1377 2943 1418 2965 ex
1440 2933 1534 2977 ligno
1551 2935 1752 2977 cognoscere
1771 2945 1777 2964 ε
1804 2943 1838 2967 ut
1858 2934 1970 2968 diHum
1990 2935 2030 2975 est

1152 2982 1248 3027 supra
1271 2980 1347 3025 disp.
1369 2992 1401 3018 2.
1421 2983 1493 3016 dub.
1517 2992 1548 3018 a„
1584 2983 1690 3026 Atqui
1721 2984 1843 3027 species
1871 2983 2028 3028 impressis

1158 3044 1225 3068 tam
1239 3031 1419 3072 sensibiles,
1448 3043 1545 3075 quam
1568 3031 1796 3077 intelligibiles
1815 3034 1884 3068 esse
1894 3035 2029 3078 possunt

1157 3084 1192 3118 in
1212 3082 1369 3127 potentiis
1392 3082 1456 3115 suis
1478 3082 1715 3127 cognoscitivis
1738 3094 1748 3125 ;
1777 3083 1812 3118 dc
1838 3093 1946 3118 tamen
1973 3096 2029 3128 pet

1139 3124 1230 3169 sillas
1250 3158 1260 3174 ,
1292 3144 1329 3166 ac
1352 3143 1393 3165 ex
1416 3132 1480 3169 illis
1501 3133 1658 3175 potentiae
1679 3133 1914 3178 cognoscitivae
1938 3133 2025 3168 nihil
2088 3144 2094 3150 ⁵

1140 3183 1378 3227 cognoscere,
1400 3192 1427 3214 v.
1448 3193 1480 3226 g.
1503 3182 1607 3224 potest
1634 3183 1753 3226 species
1764 3182 1895 3217 visibilis
1915 3183 2028 3220 essein

1140 3234 1305 3277 *potentia
1328 3232 1448 3270 vifiva,
1469 3231 1623 3266 audibilis
1645 3234 1682 3266 in
1704 3234 1850 3276 potentia
1868 3233 2026 3277 auditiva,

1156 3280 1375 3327 intelligibilis
1396 3280 1430 3313 in
1459 3281 1607 3324 potentia
1631 3282 1829 3317 intellectiva
1850 3283 1885 3319 dt
1914 3292 2024 3320 tamen

1138 3334 1140 3337 ’
1157 3334 1306 3377 potentia
1319 3329 1414 3363 vifiva
1425 3354 1436 3371 ,
1462 3331 1606 3366 auditiva
1618 3355 1630 3373 ‚
1658 3332 1854 3367 intellectiva
1883 3332 1969 3368 nihil
1980 3336 2026 3369 vi·

1160 3383 1255 3421 dere,
1281 3379 1414 3421 audire,
1442 3379 1731 3428 intelligere5ergo
1755 3382 1890 3427 possunt
1915 3381 2027 3419 haecsi-

1163 3443 1228 3480 gua
1252 3430 1398 3477 potentia
1411 3453 1422 3475 ,
1441 3430 1495 3469 cui
1515 3430 1701 3520 fignificta-nt
1719 3456 1733 3477 ,
1754 3432 1979 3521 inf<>t·1utaatto;·¹e‚;¹
1990 3435 2026 3470 dc
