2384 3770
93 1921 225 1955 Homil.

76 1981 130 2016 25.
154 1982 181 2003 c.
200 1981 228 2018 3.

103 2095 177 2129 Lib.
189 2094 228 2129 de

78 2143 169 2199 beata

73 2204 165 2228 vna.

609 173 942 218 Snucxr

238 259 384 296 macione
405 255 576 291 necessaria
595 266 726 298 propter
747 251 975 294 Presbyterum
989 251 1113 295 Januv

239 311 324 345 rium
346 310 379 341 in
394 308 452 341 suo
466 306 667 351 proprietatis
688 314 822 348 peccato
836 300 1016 337 infeliciter
1028 312 1111 335 mor-

239 369 334 394 tuum
348 383 358 399 ,
386 358 532 398 aliosque
550 355 706 400 quosdam
728 353 862 386 clericos
886 352 926 385 de
947 349 1117 398 eademleq

243 420 298 453 pra
316 409 473 450 suspectos
484 431 495 446 ,
520 417 580 445 neo
592 415 660 439 non
675 412 804 446 propter
814 401 971 445 quasdam
984 401 1112 443 imperi-

242 460 269 493 ti
295 458 407 502 populi
425 456 546 492 exinde
555 453 768 489 detractiones
782 477 789 485 .
817 452 974 487 Testatur
987 449 1049 486 hoc
1062 464 1112 498 pa-

242 509 308 543 hm
332 503 538 554 Augdstinns
559 504 602 538 fic
615 503 774 538 dicensin
788 503 936 536 sermone
950 503 1111 544 sequenti.

244 563 378 603 Contigit
402 556 541 600 qudam
560 554 703 594 neceffitas
716 577 726 592 ,
752 563 786 585 nt
798 551 862 586 haec
870 552 1040 601 diligentias
1051 564 1115 597 age·

244 621 306 641 rem
329 621 336 639 :
364 609 515 652 ,Quoniam
536 630 546 645 ,
566 603 640 645 ficut
655 606 726 644 jam
747 602 835 642 nostis
861 626 872 642 ‚
902 602 1057 641 Presbyter
1081 608 1116 637 in

245 654 340 698 nostro
356 656 493 700 societate
517 654 688 694 constitutur
711 658 837 688 mortens
857 652 1062 692 testamentum
1072 651 1116 695 fe.

243 715 283 742 cit
295 731 306 749 ,
332 712 402 748 quta
423 705 530 739 habuit
553 706 632 738 unde
647 703 764 746 faceret
778 727 785 735 .
813 706 896 737 Erat
917 704 1000 745 quod
1007 705 1115 737 diceret

245 755 349 803 suum,
376 767 442 789 cum
463 761 496 789 in
516 767 553 788 ea
570 753 711 798 societate
733 760 876 794 viveret,
901 752 1117 787 ubinemenili-

243 808 328 839 cebat
335 804 422 850 fisum
434 807 551 847 aliquid
561 806 660 840 dicere
669 829 679 846 ,
702 802 762 846 sed
768 805 855 846 essent
865 803 925 836 illis
935 808 1033 836 omnia
1042 813 1116 835 com-

244 862 348 889 munia
362 880 369 888 .
395 858 427 890 st
448 861 516 899 quis
536 854 653 888 dileHor
676 855 863 890 &laudator
875 851 967 891 ποθεν
978 853 1063 894 apud
1069 853 1122 892 dez

244 905 400 940 tumorem
423 905 547 945 nostrum
565 905 750 945 praedtcaret
775 902 859 942 istam
865 902 1035 945 societatem
1047 925 1059 943 ,
1085 903 1118 938 Φ*

244 957 350 989 diceret
362 980 372 996 ‚
397 967 462 989 cum
473 952 616 1000 Episcopo
632 947 786 1000 Augnstlno
792 951 830 992 fic
843 958 953 987 vivunt
965 962 1064 984 omnes
1077 962 1118 984 co·

245 1005 424 1040 habitatores
448 1008 514 1047 ejus
527 1029 537 1045 ,
563 1006 704 1047 quomodo
721 1002 870 1047 scriptum
893 1002 931 1041 est
953 1007 986 1034 in
995 1001 1118 1035 aaubus·

246 1056 436 1098 Apostolorum
451 1068 457 1087 :
483 1057 620 1088 continuo
643 1055 693 1088 ille
708 1053 860 1088 deendor
868 1061 958 1093 caput
973 1063 1095 1085 movens
1109 1075 1118 1090 ,

244 1107 361 1140 dentem
369 1114 549 1147 promovens
562 1130 573 1145 ,
600 1106 708 1138 diceret
720 1129 730 1144 ‚
759 1110 804 1137 ira
815 1104 886 1137 vere*
893 1101 931 1144 fic
941 1102 984 1134 ibi
997 1107 1119 1135 vivitur

244 1157 384 1198 quomodo
411 1166 444 1188 ru
470 1154 571 1189 dicis?
598 1157 705 1198 ,Quare
729 1154 888 1187 mentiris?
916 1155 1021 1196 ,Quare
1038 1150 1120 1194 falsa

243 1206 330 1239 laude
350 1204 477 1238 honoras
502 1206 639 1249 indignos
655 1206 668 1239 ?
695 1208 805 1238 Nonne
822 1204 873 1245 ¹ibi
885 1205 968 1235 modo
980 1209 1012 1234 in
1023 1214 1121 1235 eorum

238 1254 378 1299 societate
393 1253 502 1294 positus
519 1255 673 1295 presbyter
698 1254 907 1292 testamentum
924 1252 1002 1293 fecit
1028 1276 1038 1292 ‚
1086 1254 1120 1286 θ’

244 1305 326 1347 quod
339 1302 442 1336 babuit
465 1327 475 1342 ‚
515 1304 658 1345 quomodo
681 1305 779 1337 voluit
800 1327 810 1342 ,
838 1300 981 1345 disposuit
1004 1303 1038 1334 <95
1056 1303 1119 1335 relt-

244 1349 339 1397 qult?
364 1354 454 1388 Certi?
473 1358 571 1385 omma
594 1352 637 1385 ibt
652 1351 727 1396 sunt
750 1356 936 1390 communia,
955 1353 1032 1384 certe*
1042 1362 1123 1384 nemo

245 1405 318 1437 dicit
339 1404 460 1445 aliquid
472 1402 559 1445 suum
573 1427 580 1437 .
609 1402 667 1436 Sub
681 1401 727 1435 bls
742 1401 846 1437 verbi!
861 1402 936 1444 quid
945 1410 1046 1446 ageret
1061 1402 1120 1434 lau-

246 1455 336 1486 dator
359 1464 458 1486 meus:
485 1457 597 1487 Nonne
618 1464 651 1485 os
675 1455 741 1493 ejus
753 1450 836 1496 quasi
844 1451 966 1493 plumbo
976 1452 1118 1493 oppilaret

247 1504 296 1536 ille
333 1501 481 1536 detrudor
502 1504 515 1536 ἓ
552 1507 662 1538 Nonne
685 1503 770 1536 illum
788 1501 915 1544 laudasse
934 1501 1121 1542 paeniteret?

246 1556 356 1586 Nonne
376 1559 548 1586 reverentia
556 1550 696 1594 perfusus
707 1577 716 1591 ,
745 1552 869 1587 &illius
878 1549 1010 1593 sermone
1021 1550 1119 1592 confu-

244 1599 296 1646 fies
309 1601 360 1636 vel
383 1601 465 1636 nobis
479 1605 531 1636 vel
539 1601 667 1641 testatori
686 1604 731 1636 illi
743 1602 955 1635 maledicent?
980 1600 1120 1643 Haecfuit

247 1653 413 1693 neceffitan
438 1661 472 1686 ut
484 1654 527 1686 ad
538 1653 624 1686 illam
634 1653 822 1698 diligentiam
834 1656 1026 1685 veniremus.
1059 1651 1119 1684 Di-

247 1701 420 1747 ligentiam
443 1704 558 1746 utique
579 1703 842 1737 reformationis.
874 1702 915 1735 Et
928 1712 1035 1735 revera
1049 1701 1123 1734 satis

247 1753 445 1787 neceffariae:
474 1752 513 1786 In
544 1753 641 1787 variis
665 1755 786 1798 quippe
801 1751 988 1795 Augustino
1012 1751 1120 1785 couvi>

247 1802 400 1836 ventibus
421 1802 548 1837 clericis
567 1814 658 1837 erant
682 1814 750 1836 non
776 1802 917 1836 omnino
931 1801 1040 1834 futiles
1052 1800 1123 1834 fini-

246 1851 315 1885 strae
339 1852 532 1895 suspicionis
557 1854 698 1887 rationes
721 1864 758 1886 ac
772 1852 980 1895 conjesturae.
1012 1852 1123 1894 Augu-

247 1902 350 1936 stinus
366 1914 447 1947 ergo
460 1926 470 1941 ‚
496 1901 690 1937 crediderim
704 1903 791 1946 quod
805 1902 913 1935 mense
928 1900 1124 1939 Decembri,

249 1951 282 1984 in
311 1954 535 1986 anniversario
562 1953 623 1986 suae
643 1952 846 1994 Episcopalis
858 1951 1120 1984 consecrationis

250 2001 326 2039 die,
353 2012 420 2042 quo
448 2011 554 2042 praeter
581 2002 664 2032 varia
679 1999 808 2044 pietatis
819 2009 916 2040 opera
929 1998 1051 2031 solebat
1075 2009 1123 2030 ro·

250 2049 317 2082 tius
344 2049 391 2082 sui
420 2049 634 2092 Episcopatus
656 2050 800 2082 rationes
813 2049 871 2082 fibi
893 2049 956 2090 ipse
970 2046 1124 2090 reddere;

249 2098 424 2141 autidibus
440 2097 665 2135 Novembris,
690 2098 745 2130 die
759 2098 816 2129 suo
829 2097 952 2136 natali,
974 2106 1040 2139 quo
1056 2097 1124 2128 Do·

249 2146 399 2180 messicos
414 2145 556 2180 hilariori
571 2146 710 2189 prandio
721 2145 872 2187 excipere
890 2143 1123 2187 consueverat;
1141 2169 1144 2179 Δ

248 2196 346 2237 Hoc,
378 2197 533 2241 inquam,
564 2196 613 2229 vel
638 2194 701 2229 isto
724 2195 777 2229 die
797 2195 924 2229 clericis
948 2195 1010 2228 suis
1024 2194 1122 2228 vitam

248 2257 460 2280 communem
488 2248 594 2280 secum
621 2245 763 2288 profeffis
791 2242 1123 2278 statuithanccondi-

249 2297 378 2329 tionem
393 2306 449 2329 :ut
461 2305 535 2329 ante
554 2295 737 2338 proximam
755 2294 973 2337 Epiphaniam
988 2295 1122 2337 quisque

251 2340 459 2386 semetipsum
471 2344 687 2386 expropriaret
701 2367 710 2382 ,
731 2344 883 2385 suamque
897 2342 1122 2386 profeffionem

250 2406 341 2428 novo
362 2395 491 2437 spiritus
515 2394 641 2427 fervore
665 2393 776 2426 denuo
793 2393 964 2435 inciperet;
995 2402 1049 2426 aut
1062 2392 1124 2426 suis

249 2445 357 2478 secum
369 2443 485 2478 ablatis
495 2442 536 2478 de
548 2441 652 2476 domo
666 2442 850 2485 Episcopali
866 2441 1039 2476 discederet
1055 2467 1065 2483 ,
1085 2454 1122 2477 ac

250 2504 418 2536 tamquam
442 2493 549 2528 bonus
573 2492 708 2526 clericus
730 2493 788 2526 suo
809 2491 877 2534 jure
895 2492 1036 2532 viveret,
1060 2504 1120 2527 me·

247 2555 320 2577 mor
335 2543 463 2578 interim
474 2542 583 2586 primae
596 2544 654 2577 suae
666 2540 740 2576 fidei
758 2566 768 2582 ,
789 2542 962 2586 divinique
974 2542 1121 2576 timoris.

248 2594 366 2628 Abiret
394 2594 520 2628 securus
539 2617 551 2633 ,
585 2592 666 2626 liber
691 2593 708 2627 ὲ
737 2593 982 2638 degradationis
1009 2603 1122 2628 metu:

244 2645 339 2693 Qia
352 2645 489 2687 priorem
518 2641 787 2686 sententiamjam
803 2642 1009 2688 Augustinus
1020 2654 1122 2676 mura·

247 2702 360 2734 verat‚*
388 2694 606 2734 statueratque
630 2695 794 2725 neminem
821 2691 865 2726 ob
877 2692 1118 2735 hujusmodidi·

247 2745 404 2781 seersum,
430 2742 642 2786 quantumvis
664 2741 802 2784 impium
825 2753 864 2777 ac
886 2743 963 2777 Deo
987 2743 1118 2785 injurio-

248 2796 317 2828 sum
341 2818 351 2833 ‚
377 2791 553 2837 degradare
572 2817 579 2824 .
611 2791 713 2834 quue
739 2790 784 2825 ob
805 2792 924 2825 multos
947 2793 982 2825 in
1007 2794 1119 2827 Africa

248 2845 431 2887 Episcopos
441 2867 451 2882 ,
478 2845 533 2886 qui
547 2842 619 2875 istas
631 2840 695 2874 huc
707 2842 806 2883 usque
817 2842 900 2884 apud
915 2841 1015 2876 Afros
1028 2844 1116 2876 inau-

247 2893 332 2927 ditas
355 2893 515 2926 novitates
542 2891 765 2936 improbantes
792 2891 939 2925 solebant
956 2894 1119 2935 ·apossatis

248 2944 315 2977 istis
338 2954 447 2976 aurem
467 2941 626 2986 praebere,
652 2953 690 2975 ac
718 2941 751 2974 in
780 2941 931 2974 conciliis
947 2966 957 2982 ,
985 2940 1024 2975 ad
1051 2954 1119 2987 quae

246 2993 455 3036 appellabant
484 3017 494 3033 ,
530 2991 674 3026 ablatum
709 2991 920 3024 Eccleliastici
949 2992 1117 3027 ministerii

245 3045 382 3088 gradum
395 3043 578 3077 restituere.
609 3045 657 3074 Ira
671 3041 775 3084 palam
793 3043 908 3075 sonant
922 3041 989 3075 haec
1002 3043 1113 3076 verba.

247 3098 334 3127 Novi
346 3117 355 3133 ‚
381 3093 462 3136 quod
479 3091 509 3134 Ji
514 3093 641 3133 aliquem
654 3090 704 3124 boc
707 3091 875 3133 facientem
888 3092 1054 3134 degradare
1066 3103 1114 3126 vo·

245 3144 348 3182 luero,
375 3155 432 3175 non
455 3148 480 3175 ei
499 3144 621 3176 deerunt
641 3147 765 3182 patroni
785 3165 794 3179 ,
823 3153 879 3174 non
890 3142 917 3174 el
927 3142 1051 3174 deerunt
1055 3142 1116 3185 suf

238 3193 411 3238 fragatores
424 3216 434 3231 ,
462 3195 494 3227 Θ
516 3193 560 3225 hic
576 3194 609 3225 6·
620 3193 705 3233 apud
715 3190 889 3233 Episcopos,
921 3197 972 3233 qui
991 3194 1093 3227 dicam
1106 3217 1117 3232 ,

245 3245 323 3286 quid
341 3241 492 3282 malifecit
505 3243 521 3274 ,ἲ
549 3246 621 3275 Non
630 3240 721 3284 potest
735 3250 828 3274 tecum
841 3243 964 3275 tolerare
975 3241 1059 3281 istam
1072 3249 1116 3276 vi-

246 3304 330 3327 tam.
358 3296 464 3326 Extra
485 3290 694 3334 Episcopatum
716 3293 782 3325 vult
796 3303 914 3324 manere
932 3314 941 3329 ‚
965 3293 1115 3334 &depro-

241 3350 311 3385 prio
328 3351 437 3377 vivere
449 3356 460 3377 .·
488 3343 556 3375 Ideo
569 3353 623 3374 non
635 3343 720 3376 debet
729 3343 853 3383 perdere
862 3342 1029 3375 clericatum
1039 3368 1046 3376 .
1073 3344 1114 3377 Et

244 3394 281 3427 in
307 3394 452 3427 sermone
478 3393 641 3436 sequenti.
670 3393 838 3435 Interpellet
859 3402 959 3424 contra
979 3404 1024 3426 me
1036 3395 1115 3426 mille

245 3443 364 3476 concilia
386 3466 396 3483 ,
423 3449 543 3487 naviget
568 3451 669 3475 contra
691 3454 736 3475 me
759 3467 768 3481 ‚
795 3454 851 3486 quo
872 3443 997 3476 voluerit
1018 3467 1028 3484 ‚
1056 3445 1112 3477 &a

1025 171 1194 215 A-«uc
1232 182 1255 210 υ
1293 182 1311 211 s
1348 176 1372 209 *r
1410 181 1427 211 t
1463 181 1491 211 Ν
1528 157 1581 213 ιζ’

1955 184 2015 230 57

1178 252 1307 286 Patrem
1331 251 1497 286 solebant.
1526 251 1581 287 Ad
1610 252 1810 290 statuendam
1835 254 1932 302 porro
1955 256 2047 289 istam

1175 302 1403 336 conditionem
1429 302 1557 336 adactus
1572 304 1617 335 est
1635 303 1839 347 Augustinus
1862 308 1880 342 ὲ
1896 307 2048 349 perplexo

1178 351 1257 391 isso,
1285 352 1338 385 cui
1362 353 1393 386 se
1405 351 1533 387 videbat
1553 352 1694 387 infixum
1708 378 1716 387 ,
1746 354 1888 392 Videbat
1902 356 1956 390 fibi
1972 356 2048 390 tole·

1177 401 1294 436 randos
1314 411 1371 436 aut
1395 412 1522 445 apertos
1548 402 1745 445 Apostatas,
1773 414 1828 437 aut
1849 407 1997 441 occultos
2010 418 2049 442 ac

1177 452 1315 486 larvatos
1327 453 1578 495 proprietarios:
1607 453 1799 496 Apossatas,
1821 454 1842 485 fi
1855 454 2050 490 discedenti·-

1177 501 1236 537 bus
1259 501 1449 537 clericatum
1475 503 1672 546 relinqueret
1696 514 1706 545 ;
1742 504 1967 545 proprietarios
1991 530 2001 547 ‚
2027 505 2049 538 fi

1176 562 1251 586 eum
1274 553 1434 593 auferret,
1462 553 1538 596 quia
1562 563 1679 597 nempe
1702 552 1873 587 clericatus
1896 554 2050 595 perdendi

1177 602 1277 636 timor
1298 602 1454 645 quosdam
1477 602 1641 638 discedere
1665 603 1814 636 volentes
1834 603 1936 636 fuerat
1950 613 2055 638 reten-

1178 662 1269 684 turus
1294 677 1301 685 ,
1342 652 1434 686 Hinc
1453 663 1533 696 ergo
1551 654 1660 687 minus
1687 663 1856 696 peccatum
1884 652 1918 685 in
1944 663 2052 694 aperta

1180 701 1347 745 Apossafia
1362 726 1373 742 ‚
1399 713 1498 745 quam
1519 706 1550 735 in
1579 704 1691 739 fucato
1718 703 1790 736 vitae
1810 701 1996 736 communis
2007 699 2052 737 hi·

1180 752 1338 786 strionatu
1361 754 1423 787 effe
1448 753 1620 798 judicans,
1647 764 1687 787 ne
1700 753 1827 796 majoris
1838 751 1915 786 mali
1927 751 2053 787 occasio

1180 801 1285 842 foret,
1311 804 1437 836 censuit
1465 803 1668 837 discedentes
1695 813 1763 836 non
1790 803 1852 837 effe
1878 802 2053 845 degradan-

1179 852 1255 885 dos.
1285 853 1327 886 Et
1351 852 1484 891 quidem
1506 852 1573 886 haec
1595 852 1662 896 ejus
1675 852 1768 887 verba
1781 865 1818 889 ac
1831 863 1930 887 vota.-
1956 854 2048 894 spero

1179 901 1254 934 bona
1269 926 1278 940 ,
1302 913 1402 937 omnes
1426 903 1503 936 mihi
1522 903 1650 937 libenter
1658 903 1798 938 obediunt
1811 927 1822 944 ,
1846 907 2054 936 necinventu-

1179 963 1229 984 rus
1248 949 1315 993 sum
1327 954 1438 996 aliquos
1448 952 1556 988 babere
1566 955 1686 996 aliquid
1696 977 1706 994 ,
1733 953 1790 995 nifi
1798 953 1902 997 aliqua
1914 951 2053 990 neceffltae-

1179 1011 1208 1034 te
1229 1002 1403 1043 religionis,
1431 1014 1487 1035 non
1512 1003 1646 1045 occafione
1654 1005 1829 1045 cupiditatis
1844 1027 1855 1043 ,
1882 1003 2050 1037 Dominus

1179 1050 1363 1086 exaudivit.
1389 1051 1523 1086 Etenim
1535 1053 1640 1096 elapsa
1653 1053 1799 1096 proxima
1815 1052 1998 1098 Epiphania
2012 1052 2051 1088 lic

1181 1101 1264 1135 dixit
1284 1101 1324 1134 ad
1348 1101 1507 1145 populum
1521 1124 1530 1133 .
1557 1107 1676 1136 Nuntio
1699 1103 1782 1135 vobis
1795 1127 1806 1142 ‚
1830 1103 2053 1146 andegaudea-

1181 1158 1222 1183 tis
1238 1165 1249 1185 .·
1275 1154 1361 1195 ‚Quia
1383 1162 1484 1185 omnes
1498 1151 1616 1193 fratres
1640 1154 1799 1187 &clericos
1809 1163 1886 1186 meos
1899 1177 1909 1192 ‚
1936 1158 2055 1194 quime-

1180 1213 1245 1234 cum
1266 1201 1405 1234 habitant
1423 1225 1434 1241 ,
1462 1203 1647 1240 Presbyteros
1661 1227 1671 1241 ,
1699 1205 1844 1236 Diaconos
1858 1227 1868 1242 ,
1897 1202 2052 1235 subdiaco-

1182 1263 1234 1284 nos
1247 1275 1257 1291 ,
1281 1254 1314 1284 (w
1338 1254 1502 1286 Patricium
1526 1260 1661 1295 nepotem
1685 1263 1800 1294 meum,
1826 1253 1904 1287 tales
1923 1255 2029 1285 inveni
2043 1274 2055 1291 ‚

1183 1302 1283 1343 quales
1297 1301 1478 1341 defideravi.
1509 1303 1551 1336 Et
1564 1304 1647 1336 infra
1657 1326 1664 1334 .
1691 1305 1767 1336 Ecce
1777 1326 1788 1343 ,
1806 1304 1870 1335 dico
1881 1326 1891 1342 ,
1906 1301 2031 1342 audistis
2043 1314 2055 1335 .-

1183 1355 1247 1395 ,ριιι
1271 1351 1378 1385 habere
1402 1352 1529 1386 voluerit
1545 1359 1701 1395 proprium
1714 1377 1724 1392 ,
1750 1354 1830 1386 &de
1836 1357 1957 1394 proprio
1969 1356 2058 1385 vive-

1185 1413 1215 1433 re
1230 1425 1240 1441 ,
1267 1405 1301 1436 (35
1328 1411 1428 1434 contra
1452 1402 1506 1443 ista
1521 1411 1674 1445 praecepta
1688 1402 1783 1442 nostra
1795 1403 1899 1446 facere
1911 1428 1918 1442 ,
1944 1411 2055 1443 parum

1184 1451 1220 1492 est
1233 1476 1242 1491 ,
1269 1461 1302 1484 ut
1325 1454 1422 1485 dicam
1435 1476 1446 1491 ‚
1472 1464 1529 1485 non
1551 1464 1662 1487 mecum
1673 1453 1821 1492 manebit,
1843 1451 1898 1497 sed
1909 1464 1959 1485 nec
1973 1453 2057 1486 cleri-

1185 1512 1232 1534 cus
1252 1508 1324 1535 erit.
1355 1505 1500 1535 Dixeram
1519 1509 1622 1542 enim,
1648 1505 1680 1536 (9
1702 1501 1815 1546 sciome
1826 1504 1950 1544 dixtffio,
1979 1502 2059 1544 quod

1178 1551 1208 1593 st
1229 1552 1338 1584 nollent
1358 1550 1503 1595 suscipere
1508 1550 1644 1596 sot-talem
1653 1561 1751 1586 vitam
1764 1564 1897 1591 mecum,
1924 1553 2057 1584 nonillis

1186 1602 1315 1635 tollerem
1340 1602 1523 1640 clericatum,
1548 1601 1724 1646 sedseorfim
1738 1611 1891 1635 manerent
1905 1625 1915 1641 ‚
1941 1604 1973 1634 (7
1981 1599 2058 1643 seor-

1183 1650 1235 1691 sim
1254 1658 1414 1690 viverent,
1439 1654 1576 1695 quomodo
1593 1653 1701 1695 nossent
1713 1678 1722 1692 ,
1751 1657 1810 1686 Deo
1822 1660 1981 1687 viverent.
2010 1655 2057 1685 Et

1185 1710 1285 1734 tamen
1298 1713 1369 1735 anre
1379 1702 1469 1734 oculos
1480 1701 1580 1745 posui,
1609 1713 1754 1746 quantum
1778 1701 1893 1744 malifit
1903 1704 1923 1736 ἃ
1934 1701 2058 1745 propost-

1188 1762 1217 1784 ιο
1238 1754 1362 1786 cadere.
1389 1753 1486 1785 Malui·
1507 1759 1588 1787 enim
1612 1753 1719 1786 habere
1743 1764 1829 1788 caecos
1849 1755 1900 1786 vel
1913 1753 2032 1788 claudos
2046 1775 2060 1792 ,

1187 1813 1277 1844 quam
1286 1803 1425 1846 plangere
1436 1812 1561 1836 mortuos
1572 1829 1579 1835 .
1596 1806 1749 1847 ,Qurenim
1761 1803 1910 1847 hypocrita
1921 1802 1968 1841 est,
1983 1813 2059 1833 mor-

1188 1861 1256 1884 tuus
1277 1851 1332 1891 est.
1362 1854 1515 1895 ‚Quomodo
1534 1865 1600 1898 ergo
1622 1861 1794 1895 quicumque
1818 1852 1947 1893 voluisset
1967 1860 2057 1884 extra

1187 1913 1307 1935 manere
1318 1904 1351 1936 <5
1367 1904 1402 1934 de
1411 1901 1465 1943 suo
1476 1909 1577 1935 vivere
1589 1928 1597 1939 ‚
1627 1915 1685 1934 non
1696 1903 1823 1934 tollerem
1838 1906 1868 1933 ei
1878 1903 2056 1943 clericatum

1187 1956 1233 1982 ita
1255 1952 1337 1981 modo
1349 1974 1358 1989 ‚
1386 1956 1455 1992 qnia
1465 1953 1577 1990 placuit
1589 1953 1649 1983 illis
1663 1975 1671 1989 ,
1699 1955 1760 1983 Deo
1770 1956 1915 1992 propltio,
1938 1950 2057 1993 socialis

1189 1998 1250 2032 haec
1271 2006 1339 2032 vita
1353 2023 1362 2037 ‚
1390 1998 1523 2042 quisquIs
1544 2012 1607 2034 cum
1626 1999 1759 2042 hypocrtfi
1768 2006 1899 2042 vixerit,
1923 2000 2056 2044 quisquis

1188 2054 1330 2081 inventus
1339 2047 1437 2090 fuerit
1449 2048 1560 2082 bahem
1569 2055 1742 2090 proprium,
1771 2062 1828 2083 non
1841 2052 1887 2084 illl
1894 2057 2057 2093 permitto,

1188 2106 1222 2128 ut
1234 2096 1409 2138 indefaci'at
1420 2097 1642 2137 testamentum,
1667 2096 1725 2141 sed
1734 2100 1833 2132 delebo
1844 2112 1909 2133 eum
1921 2102 1958 2135 de
1970 2101 2059 2135 tabu-

1188 2147 1219 2179 la
1228 2146 1408 2178 clericorum.
1443 2148 1614 2188 1nterpellet
1635 2158 1738 2180 contra
1760 2160 1805 2181 me
1818 2151 1900 2184 mille
1911 2153 2033 2183 concilia
2047 2176 2059 2192 ,

1188 2201 1310 2238 naviget
1331 2204 1432 2228 contra
1455 2208 1501 2230 me
1525 2199 1582 2238 quo
1594 2197 1721 2230 voluerit
1734 2222 1744 2239 ‚
1765 2197 1803 2239 fit
1814 2201 1890 2231 certe
1900 2199 2060 2241 ubipotue-

1187 2251 1228 2277 rit
1239 2270 1248 2286 ‚
1275 2245 1439 2282 adiuvabit
1450 2258 1495 2279 me
1508 2249 1588 2280 Deus
1602 2271 1612 2286 ,
1639 2257 1672 2281 ut
1684 2247 1734 2281 ubl
1746 2259 1795 2292 ego
1807 2247 2064 2292 Episcopusfum,

1188 2296 1246 2329 illic
1259 2297 1376 2328 clericus
1386 2297 1436 2337 effe
1449 2307 1505 2328 non
1512 2297 1592 2337 poffit
1602 2321 1609 2328 .
1637 2298 1690 2331 Sic
1703 2299 1910 2342 Augustinus
1924 2300 2034 2334 statuit
2046 2324 2060 2343 ‚

1188 2344 1242 2379 ubi
1264 2346 1329 2386 jam
1342 2355 1458 2379 omnes
1470 2347 1656 2387 semetipsos
1667 2347 1778 2380 denuo
1790 2350 2058 2392 expropriasrent,

1188 2405 1285 2438 atque
1307 2394 1463 2429 innovata
1488 2396 1681 2438 professione
1706 2397 1757 2429 sua
1785 2397 1886 2431 viram
1911 2409 2058 2435 commu-

1189 2454 1260 2476 nem
1289 2455 1378 2477 novo
1404 2445 1515 2488 spiritu
1540 2446 1662 2480 rursum
1674 2447 1926 2490 assumpsissent:
1953 2448 2057 2485 Tunc

1187 2493 1352 2529 adversum
1378 2505 1494 2529 omnes
1520 2493 1561 2529 de
1587 2506 1701 2532 caetero
1729 2496 1993 2541 Apostatasrulit
2005 2500 2058 2534 fir-

1188 2555 1274 2577 mam
1298 2545 1403 2588 legem
1423 2544 1636 2589 irreparabilis
1657 2545 1916 2590 degradationis.
1945 2550 1991 2583 Ita
2006 2560 2057 2592 pa-

1187 2604 1230 2627 tet
1252 2606 1293 2628 ex
1317 2594 1405 2630 hisce
1419 2595 1522 2630 verbis
1536 2608 1543 2629 ι
1573 2601 1621 2630 lta
1633 2598 1716 2630 modo
1728 2603 1801 2641 quia
1810 2599 1926 2640 placate
1940 2600 2002 2634 illis
2011 2598 2057 2643 so·

1185 2645 1268 2677 ciali:
1295 2643 1357 2677 baec
1369 2650 1437 2679 vita
1450 2669 1462 2687 ‚
1487 2646 1543 2679 abc,
1567 2647 1609 2680 Et
1629 2645 1761 2690 quidem
1780 2645 1848 2684 haec
1858 2650 1972 2684 omnia
1982 2660 2057 2693 pro-

1186 2705 1253 2739 pter
1277 2695 1396 2736 lapsum
1412 2695 1508 2729 unius
1521 2695 1665 2738 Ianuarii
1682 2709 1689 2728 :
1717 2707 1752 2731 ut
1766 2697 1895 2732 Praelati
1909 2699 2054 2744 Regula·

1186 2755 1232 2777 res
1250 2746 1373 2778 distant
1397 2745 1436 2778 ad
1463 2746 1610 2788 quamvis
1621 2757 1725 2781 metus
1735 2749 1872 2783 cauffam
1887 2751 1979 2795 gregi
1994 2750 2054 2785 suo

1184 2794 1344 2829 ambobus
1365 2794 1654 2841 oculisinvigilare
1672 2820 1681 2831 .
1781 2831 1785 2835 ,

1238 2845 1287 2877 Ex
1318 2842 1378 2878 hac
1391 2845 1548 2881 clericalis
1558 2846 1745 2882 monasterii
1758 2847 1987 2882 reformatione
1999 2848 2053 2884 seu

1184 2895 1373 2929 visitatione
1399 2896 1595 2939 colligamus
1615 2909 1703 2932 nunc
1716 2901 1824 2940 primae
1838 2897 2052 2935 institutionis

1183 2946 1336 2978 modum.
1366 2946 1436 2991 Jam
1460 2947 1550 2989 supra
1574 2947 1644 2980 dixi
1666 2960 1702 2979 ac
1723 2948 1903 2983 etiamnum
1918 2949 2053 2984 dicein-

1184 2995 1383 3029 flitutionem
1409 2995 1502 3030 istam
1525 2995 1608 3038 prius
1622 2997 1737 3031 fastim
1750 3000 1812 3030 elle
1828 2998 1896 3039 post
1910 3009 2051 3034 mortem

1182 3046 1278 3080 sandh
1305 3046 1447 3086 Valerii,
1479 3046 1535 3080 ubi
1558 3049 1764 3090 Augustinus
1787 3048 1894 3082 nactus
1915 3050 1957 3081 est
1972 3047 2051 3083 libe·

1181 3107 1249 3129 ram
1273 3106 1369 3137 atque
1382 3096 1657 3138 independentem
1674 3097 1815 3133 Ecclefiae
1826 3110 1863 3131 ac
1878 3097 2050 3141 Episcopa-

1182 3146 1222 3179 lis
1241 3145 1351 3187 palatii
1373 3146 1689 3180 administrationem
1714 3158 1812 3189 atque
1838 3148 2051 3181 inhabitatio-

1181 3207 1256 3229 nem
1309 3196 1460 3229 Firmiter
1482 3195 1569 3229 enim
1593 3197 1691 3230 credo
1718 3198 1939 3242 Augustinum
1964 3198 2053 3242 Epis·

1180 3257 1299 3288 copum
1323 3246 1422 3285 usque
1445 3245 1483 3277 ad
1502 3244 1623 3280 Valerii
1636 3257 1796 3287 mortem,
1823 3245 2049 3291 cujuscempus

1181 3298 1373 3339 ignoratur,
1401 3294 1601 3336 permanfiise
1629 3297 1660 3330 in
1686 3298 1805 3336 horto,
1836 3298 1868 3330 in
1891 3299 2050 3333 monaste-

1178 3356 1227 3378 rio
1243 3345 1479 3384 eremitarum,
1514 3356 1617 3388 neque
1639 3356 1732 3380 antea
1747 3347 1894 3392 migrasse
1904 3349 1943 3381 ad
1962 3347 2049 3383 Pala-

1179 3396 1259 3426 tium
1287 3394 1495 3438 Episcopale.
1518 3394 1566 3428 Ita
1595 3396 1735 3429 innuunt
1769 3395 1834 3430 haec
1858 3397 1952 3434 verba
1968 3399 1998 3431 in
2013 3398 2048 3433 li-

1180 3446 1243 3478 bris
1266 3444 1565 3479 Rerrastationum.
1595 3445 1685 3479 Liber
1703 3447 1740 3479 de
1765 3458 1855 3490 agone
1878 3447 2047 3487 Christiano

2092 1082 2155 1117 Ser.
2171 1091 2235 1132 50..

242 3491 344 3527 Talia
368 3502 506 3537 namque
517 3491 680 3536 Apostatae
701 3492 807 3528 clerici
823 3491 974 3529 adversus
986 3490 1111 3529 bonurn
1170 3493 1326 3537 fratribus
1348 3495 1499 3537 melequio
1509 3497 1782 3530 Latmoinerudms
1799 3496 1905 3532 humili
1911 3496 2046 3540 sermone
2070 3501 2139 3541 L·2·
2152 3515 2179 3539 c,
2190 3516 2217 3553 3,

1936 3557 2000 3590 conf
