2384 3770
721 152 957 218 QU1D
1025 150 1169 195 Str

274 234 352 270 ium
373 242 423 267 res
444 232 604 269 sensibiles
632 236 666 269 ἀ
685 234 866 269 materiales
877 233 1030 267 effetales
1044 257 1054 273 ,
1080 245 1149 277 quae

1241 150 1611 196 SroNuM.·
1976 157 2042 209 89

1265 243 1294 279 ς.
1322 236 1398 265 Dlxt
1425 243 1572 277 praeterea
1592 233 1626 266 in
1647 233 1840 273 definitione
1861 263 1873 280 ‚
1892 238 2007 284 fignum
2029 242 2081 286 effe

281 282 449 319 mediante
470 285 519 318 sui
531 287 727 330 cognitione
738 284 935 318 deducerent
947 283 1150 317 intellectum
1211 284 1246 317 id
1265 284 1346 326 quod
1362 283 1483 316 deducit
1501 289 1535 316 in
1550 288 1740 326 cognitionem
1758 288 1882 329 alicujus
1906 293 2033 325 alterius
2051 294 2073 326 ὰ

281 333 318 368 in
340 333 571 378 cognitionem
596 334 732 377 alicujus
749 333 900 374 alterius;
927 333 979 367 sed
1002 334 1149 368 etiamid
1207 331 1240 377 se
1263 332 1390 373 dislinc‘li
1409 346 1421 367 .·
1456 333 1537 367 Haec
1557 334 1646 368 enim
1667 333 1712 368 est
1734 334 1917 374 differentia
1935 341 2021 376 inter
2031 340 2078 384 fi-

279 393 467 428 competere
482 385 677 429 quibusdam
700 383 795 418 rebus
807 382 1046 426 spiritualibus:
1072 384 1152 418 ficut
1207 383 1349 428 gnificare
1369 384 1400 416 &
1421 382 1635 426 repraesentare
1657 396 1667 426 ;
1704 384 1916 427 repraesentare
1933 400 2077 435 namque

272 433 373 469 aenim
394 435 569 470 invisibilia
593 434 656 469 Dei
677 457 688 473 ,
727 445 782 477 per
810 445 846 467 ea
870 444 941 476 quae
966 435 1048 468 fasta
1076 435 1151 467 sunt

284 482 435 524 visibilia,
466 486 511 519 ita
530 484 565 517 δὲ
587 495 643 527 per
663 495 700 517 ea
720 494 789 528 quae
809 485 891 518 fasta
921 485 994 518 sunt
1009 484 1150 518 invifibi·
1173 500 1174 503 ¹

283 534 353 576 lia,
379 533 539 568 intelle-&a
559 534 828 578 conspiciuntur:
855 535 954 578 idque
967 533 1076 568 multo
1090 546 1152 568 me—

284 579 349 618 lius
368 585 403 619 ἀ
420 583 603 618 ἀὶίὶὶηᾶἰυε
628 608 639 624 ,
674 584 755 618 item
778 584 857 618 sicut
878 596 939 618 nos
957 582 1152 619 deducimur

285 633 321 666 in
342 634 569 678 cognitionem
599 635 633 668 ὃς
652 635 992 669 communicationem
1023 645 1153 669 mutuo-

285 694 359 717 rum
378 695 598 728 conceptuum
626 697 681 729 per
701 686 798 719 sonos
814 710 824 726 ‚
846 696 884 718 ac
910 686 1001 729 signa
1026 684 1154 719 senfibi-

286 733 332 766 lia
353 745 363 776 ;
402 734 447 769 ita
470 736 504 769 in
536 735 718 769 multorum
738 733 974 780 theologorum
995 734 1153 769 sententia

284 783 394 828 angeli
417 785 450 818 in
474 794 622 819 mutuam
649 796 869 829 conceptuum
880 784 1155 820 communicatio·

284 844 363 868 nem
384 832 563 870 deveniunt
583 846 638 879 per
659 835 756 870 verba
777 836 815 868 δε
835 835 924 879 figna
945 834 1091 877 quaedam
1105 833 1151 868 in·

283 883 470 927 telligibilia
494 910 506 926 ‚
532 884 598 920 hoc
616 885 752 929 inquam
776 884 929 919 homines
949 883 1154 919 advertentes

282 933 556 978 significationem
568 936 657 970 vocis
661 933 777 979 signum
786 934 1022 977 extenderunt3
1046 944 1157 969 omne-

285 993 351 1025 que
371 985 454 1020 illud
477 986 605 1030 fignum
625 988 768 1020 vocitare
779 994 964 1028 coeperunt,
990 984 1078 1029 quod
1090 994 1175 1018 rue-¹

284 1033 400 1070 diante
421 1036 470 1069 sui
490 1035 686 1081 cognitione
711 1033 891 1070 deducebat
905 1035 1108 1069 intelleaum
1122 1010 1176 1086 ini

285 1085 518 1130 cognitionem
547 1087 679 1120 alterius
700 1109 711 1126 ,
746 1086 810 1119 five
833 1085 965 1120 interim
988 1084 1174 1123 materiale:

286 1135 322 1168 ὅ(
341 1135 488 1170 sensibile
507 1161 518 1177 ,
559 1137 623 1171 five
646 1136 810 1179 spirituale
829 1160 841 1177 .
877 1147 915 1170 ac
942 1135 1157 1180 intelligibile

283 1182 389 1220 foret.
1171 1170 1175 1251 Ι

336 1246 356 1282 3
384 1235 446 1270 Sed
464 1236 500 1270 &
516 1236 634 1279 posteri
655 1235 743 1269 hisce
768 1236 832 1270 suis
846 1233 1033 1279 parentibus
1046 1234 1155 1270 adhuc
1171 1255 1174 1285 ἱ

283 1285 535 1328 perspicaciores
546 1310 556 1326 ,
577 1284 742 1319 advertere
754 1295 913 1328 caeperunt
928 1287 1082 1330 quasdam
1095 1286 1174 1347 else-

283 1344 335 1367 res
353 1358 364 1374 ,
402 1345 472 1378 quae
498 1336 663 1378 potentias
687 1335 931 1379 cognoscitivas
956 1334 1173 1388 deducerent3

282 1383 321 1417 in
345 1385 498 1418 notitiam
522 1384 674 1425 alterius,
700 1396 768 1419 non
782 1385 885 1420 solum
897 1386 1092 1430 cognitione
1106 1386 1173 1419 sui'

284 1433 452 1469 mediante
474 1458 486 1474 ,
522 1434 573 1469 sed
596 1436 694 1469 etiam
714 1435 781 1469 fine
799 1435 993 1480 cognitione
1016 1436 1062 1469 sui
1089 1414 1172 1487 :ne-¹

283 1483 415 1527 diante3
442 1495 516 1518 nam
544 1486 663 1529 species
689 1485 722 1518 ὅ(
743 1486 827 1519 astus
854 1485 1039 1519 intellectus
1062 1484 1171 1533 intel-J

284 1532 404 1567 lectum
422 1558 433 1575 ,
460 1534 578 1578 species
597 1534 735 1569 visibiles
752 1547 790 1568 ac
811 1535 953 1569 visiones
976 1535 1079 1568 visum
1103 1534 1154 1570 de-

284 1581 412 1617 ducunt
440 1585 473 1618 in
507 1585 740 1630 cognitionem
764 1586 895 1619 suorum
917 1584 1118 1628 objectorum
1141 1608 1152 1625 ,

283 1633 406 1677 absque
424 1646 465 1668 eo
485 1636 576 1677 quod
600 1636 672 1679 ipsae
693 1637 938 1680 cognoscantur
961 1659 972 1675 ‚
1008 1635 1069 1669 five
1095 1646 1154 1669 co·-

283 1684 438 1728 gnitione
459 1686 505 1718 sui
527 1697 594 1719 non
623 1685 788 1719 mediante
815 1697 822 1717 :
851 1684 925 1719 ideo
946 1684 1154 1729 fignificatio-

282 1744 359 1767 nem
382 1735 491 1775 vocis,
512 1734 650 1779 signum,
673 1734 785 1769 adhuc
806 1735 913 1779 magis
932 1735 1153 1778 ampliarunt,

280 1791 444 1828 omneque
472 1786 554 1819 illud
576 1786 703 1830 fignum
726 1785 930 1829 appellarunt
950 1809 961 1825 ,
988 1783 1077 1828 quod
1100 1785 1152 1819 de-

279 1831 375 1867 ducit
394 1835 575 1877 potentiam
597 1836 740 1878 aliquam
760 1836 1028 1880 cognoscitivam
1053 1835 1085 1867 in
1099 1844 1153 1869 co·

280 1883 467 1927 gnitionem
493 1884 630 1927 alicujus
650 1886 668 1918 a
691 1886 723 1919 se
745 1885 911 1919 distincti:
938 1885 999 1918 five
1019 1884 1151 1919 interim

281 1930 349 1966 hoc
370 1934 470 1967 faciat
487 1936 687 1978 cognitione
708 1935 758 1967 sui
771 1935 957 1973 mediante,
983 1935 1045 1967 five
1059 1946 1126 1967 non
1142 1958 1153 1974 ,

283 1981 346 2014 five
361 1982 397 2014 fit
416 1982 583 2016 materiale
607 2005 619 2021 ,
644 1982 706 2016 five
730 1983 892 2025 spirituale
920 2006 932 2022 ,
956 1983 1018 2015 &c.
1040 1982 1152 2026 Itaque

282 2030 410 2074 signum
444 2032 478 2065 in
509 2032 680 2066 communi
715 2029 781 2066 hoc
808 2032 912 2066 modo
933 2031 1068 2066 definies
1090 2045 1098 2065 :
1118 2031 1152 2074 fi·

277 2090 374 2123 gnum
391 2080 430 2119 est
450 2082 555 2122 aliqua
565 2092 613 2113 res
626 2105 637 2120 ‚
663 2091 733 2122 quae
740 2083 909 2122 potentiam
921 2080 1150 2123 cognoscitivam

281 2130 400 2161 deducit
420 2135 452 2161 in
471 2135 662 2172 cognitionem
685 2131 814 2169 alicujus
834 2130 957 2161 alterlus
983 2135 1027 2162 ret
1040 2128 1096 2171 dfe
1106 2131 1150 2162 dt-

270 2176 389 2219 1?thae
414 2204 422 2212 .
455 2179 575 2223 Neque
597 2178 707 2213 mitari
729 2178 828 2213 debes
850 2178 896 2212 ita
915 2188 991 2211 cum
1005 2188 1152 2222 ternpore

278 2228 433 2263 variatam
452 2241 492 2263 ac
512 2229 705 2272 ampliatam
727 2228 842 2268 vocis,
863 2227 1002 2271 fignum‚
1029 2230 1147 2273 fignifi-

277 2278 443 2313 cationem
463 2291 473 2320 ;
502 2278 555 2312 sed
576 2280 610 2311 in
631 2288 779 2312 mentem
804 2277 956 2311 reducere
977 2279 1168 2321 antiquum-

277 2325 362 2361 illud
386 2328 521 2361 Horatii
543 2327 759 2368 vaticinium,

425 2404 524 2436 Multa
543 2399 733 2445 renascentur
755 2426 767 2443 ,
800 2412 870 2444 quae
897 2411 976 2434 nunc
1003 2387 1168 2455 ceddum}

474 2455 640 2495 cadentque
656 2477 663 2484 .
1163 2458 1167 2511 Ι

422 2503 506 2546 ,Qua
527 2514 604 2536 nunc
626 2500 700 2545 sunt
725 2501 875 2536 inhonore
886 2501 1032 2536 vocabula
1045 2525 1057 2541 ,
1081 2512 1148 2535 cum

475 2555 553 2587 volet
573 2551 644 2596 usus
656 2577 663 2584 .

321 2638 355 2674 4.
385 2627 469 2663 Non
500 2629 573 2663 dixi
593 2629 625 2662 in
650 2627 849 2662 definitione
867 2641 876 2661 t
920 2626 1037 2673 fignum
1058 2627 1095 2669 est
1114 2629 1149 2660 id

270 2681 353 2719 quod
364 2683 534 2720 potentiam
552 2679 766 2712 intellefflvam
783 2690 793 2719 ·‚
816 2676 875 2720 sed
897 2678 935 2718 est
959 2680 993 2711 id
1010 2680 1145 2721 quodpe-

271 2734 396 2761 tentiam
413 2726 663 2772 cognoscitlvam:
688 2738 819 2771 oportet
849 2739 992 2771 namque
1020 2730 1054 2762 in
1068 2729 1144 2762 defi-

275 2777 403 2812 nitione
435 2778 519 2823 figni
553 2776 587 2811 in
606 2788 726 2822 genere
747 2778 791 2811 ita
813 2778 1008 2821 generaliter
1028 2778 1119 2822 loqui
1133 2792 1144 2811 .-

270 2839 347 2861 nam
374 2828 395 2861 fi
416 2825 557 2862 dicerem
576 2853 586 2869 ,
614 2828 659 2862 est
682 2827 715 2861 id
738 2828 826 2870 quod
848 2828 1030 2869 potentiam
1049 2828 1143 2862 intel-

272 2877 420 2911 lectivam
446 2900 458 2916 ‚
484 2879 547 2913 &c.
564 2877 717 2911 definitio
740 2889 811 2911 non
836 2877 920 2910 foret
942 2878 1143 2913 convertibi-

270 2928 313 2962 lis
333 2939 408 2962 cum
429 2929 487 2963 suo
505 2928 667 2963 definito:
693 2933 771 2961 ratio
791 2927 830 2967 est
843 2939 854 2960 .·
881 2926 957 2970 quia
969 2928 1043 2961 sunt
1054 2929 1141 2962 rnul-

268 2987 302 3012 ta
322 2979 435 3023 figna,
460 2990 532 3023 quae
550 2979 624 3013 sunt
650 2988 722 3012 vere
745 2978 858 3021 figna,
882 2977 918 3011 ἀ
941 2987 1049 3011 tamen
1071 2989 1140 3012 non

266 3026 435 3063 deducunt
465 3029 647 3072 potentiam
668 3027 895 3062 intellectivam
914 3038 924 3069 ;
964 3027 1017 3061 sed
1037 3026 1140 3063 solum

267 3077 410 3122 aliquam
435 3080 616 3123 potentiam
638 3077 816 3113 senfitivam
842 3087 1010 3112 externam
1031 3079 1084 3112 vel
1096 3078 1140 3112 in·

268 3138 395 3162 ternam
415 3128 449 3162 in
473 3130 704 3174 cognitionem
726 3128 862 3171 alicujus
880 3126 1010 3162 alterius
1031 3140 1038 3160 :
1065 3139 1140 3172 qua·

265 3178 311 3211 lia
334 3179 407 3212 sunt
438 3191 552 3214 omnes
579 3179 699 3222 species
726 3178 881 3221 imprelsae
906 3178 938 3210 ὅ(
964 3180 1113 3221 expreffae
1130 3204 1141 3220 ‚

265 3239 333 3262 tam
357 3230 464 3263 sensus
489 3229 640 3271 externi,
666 3239 763 3273 quam
781 3228 922 3268 interni,
947 3238 982 3262 ut
1006 3228 1088 3263 infra
1100 3229 1140 3262 la-

265 3278 330 3311 tius
355 3279 487 3321 dicam;
512 3290 614 3324 ergo,
643 3280 664 3313 fi
683 3279 843 3313 diceretur
868 3279 902 3311 in
925 3275 1138 3319 definitione,

259 3327 374 3371 fignum
401 3330 439 3369 est
461 3331 496 3363 id
517 3332 596 3373 quod
610 3334 778 3372 potentiam
798 3328 1010 3362 intellectivam
1033 3353 1044 3368 ,
1080 3330 1136 3363 &a

263 3379 428 3413 Definitio
466 3391 534 3414 non
570 3379 859 3424 comprehenderet
884 3379 998 3413 omnia
1023 3380 1136 3423 figna;

261 3427 297 3461 ἀ
331 3429 373 3462 fic
411 3441 481 3464 non
516 3431 600 3465 foret
625 3428 848 3466 convertibilis
873 3440 950 3464 cum
977 3429 1035 3465 suo
1061 3429 1139 3464 defi-

260 3488 352 3513 nito.

1214 434 1257 466 est
1281 434 1435 475 potentiae
1447 434 1682 478 cognoscitivae
1692 434 1782 468 aliud
1794 434 1944 472 exhibere
1954 452 2078 486 cogno-

1215 481 1389 522 scendum,
1416 484 1477 516 five
1493 484 1538 517 est
1561 484 1747 529 potentiam
1758 486 2013 529 cognoscitivam
2024 491 2081 525 de·

1214 533 1330 566 ducere
1349 533 1382 566 in
1403 534 1540 576 alicujus
1560 533 1812 579 cognitionem,
1836 533 1902 569 five
1912 536 2081 581 suiipsius,

1215 583 1276 616 five
1299 582 1435 625 alicujus
1454 585 1604 626 alterius;
1635 585 1678 618 ita
1690 585 1801 618 fumus
1814 584 1947 628 ignem,
1971 587 2079 624 &vox

1215 632 1296 666 bomo
1323 645 1471 668 naturam
1498 633 1676 669 humanam
1688 635 1909 678 repraesentat;
1935 636 2015 670 item
2026 639 2082 672 Es-

1216 684 1316 718 sentr'a
1336 683 1471 725 divina,
1497 696 1568 726 quae
1593 684 1783 718 immediate
1806 695 1859 727 per
1879 686 1912 719 se
1933 685 2000 720 fine
2017 688 2085 731 spe·

1215 734 1264 768 cie
1286 734 1475 768 intermedia
1501 735 1597 769 beato
1618 737 1650 769 se
1672 734 1873 769 manifestat:
1900 735 1980 770 item
1989 735 2085 780 obje-

1217 785 1265 818 ἂι
1286 786 1407 825 tactus,
1433 784 1566 829 gustus,
1587 783 1805 826 &odoratum
1828 785 2085 829 quaeimmediaae.

1217 833 1249 868 te
1274 845 1329 876 per
1355 835 1384 867 se
1410 835 1477 869 fine
1502 835 1607 879 specie
1628 835 1819 871 intermedia
1838 836 1999 879 potentias
2010 836 2086 872 istas

1217 883 1256 917 ad
1275 884 1474 928 operandum
1505 886 1652 920 excitant
1674 898 1681 918 :
1721 886 1784 920 sese
1805 885 1870 926 illis
1891 886 2087 931 cognosciti-

1219 932 1265 967 vis
1286 935 1441 977 potentiis
1465 937 1690 979 repraesentant
1712 947 1722 978 3
1761 937 1795 970 Ca·
1816 941 1892 970 ratio
1912 935 1949 976 est
1969 949 1983 970 .-
2008 937 2086 979 quia

1219 985 1441 1026 repraesentare
1467 986 1618 1028 potentia:
1639 985 1872 1031 cognoscitivae
1892 985 1938 1021 est
1960 985 2086 1032 aliquid

1221 1034 1374 1076 potentiae
1395 1036 1626 1079 cognoscitivae
1645 1037 1778 1080 praesens
1801 1036 1906 1071 facere
1930 1060 1943 1078 ‚
1970 1035 2086 1081 illique

1220 1081 1375 1117 exhibete
1394 1084 1681 1129 cognoscendum,
1705 1087 1794 1127 atqui
1816 1086 1928 1121 omnia
1939 1086 1996 1121 illa
2010 1098 2088 1131 prz-

1221 1134 1286 1168 fata
1315 1132 1437 1176 objesta
1474 1135 1639 1178 semetipsa
1676 1136 1830 1179 potentiae
1853 1136 2088 1180 cognoscitivae

1222 1185 1384 1227 praesentia
1405 1185 1530 1218 faciunt
1551 1210 1562 1225 ,
1598 1185 1632 1219 &
1655 1185 1886 1231 cognoscenda
1910 1185 2088 1228 exhibent;

1220 1245 1299 1279 ergo
1321 1234 1485 1278 semetipsa
1506 1236 1747 1277 repraesentant:
1774 1236 1808 1270 &
1831 1236 1874 1269 fic
1886 1232 1987 1278 potest
2001 1234 2089 1270 idem

1220 1285 1437 1327 repraesentare
1462 1284 1598 1328 seipsum
1609 1298 1623 1326 ;
1648 1295 1682 1320 at
1703 1284 1779 1320 vero
1793 1284 2025 1329 fignificaetivum
2049 1283 2089 1325 est

1220 1335 1339 1378 species
1361 1334 1620 1378 repraesentarent,
1652 1333 1683 1370 ἀ
1696 1341 1730 1370 τέ
1739 1334 1904 1380 ,Ιζςηῇῐεανε
1916 1335 1961 1369 est
1970 1336 2090 1379 species

1219 1382 1492 1426 rlrepraesentare,
1521 1386 1767 1429 superadditque
1787 1385 2089 1420 illirealemclistin.
2129 1417 2135 1427 ,

1219 1435 1360 1469 ctionem
1389 1437 1602 1479 repraesentati
1626 1436 1645 1470 a
1665 1436 1908 1479 repraesentante
1926 1449 1940 1469 .·
1977 1436 2090 1480 estque

1220 1483 1304 1517 nihil
1325 1485 1412 1519 aliud
1427 1509 1438 1525 ,
1461 1497 1558 1529 quam
1574 1487 1754 1530 potentiam
1764 1486 2025 1530 cognoscitivam
2035 1486 2092 1520 de-

1217 1532 1335 1568 ducere
1371 1536 1404 1568 in
1441 1537 1672 1579 cognitionem
1704 1535 1840 1579 alicujus
1865 1535 1995 1570 alterius
2013 1535 2033 1569 a
2059 1536 2092 1569 se

1216 1583 1378 1626 distinffi3
1409 1587 1523 1627 nequit
1544 1597 1625 1630 ergo
1637 1584 1723 1619 idem
1735 1585 1915 1630 significare
1926 1586 2063 1628 seipsum
2078 1609 2092 1626 ,

1218 1634 1267 1668 uti
1287 1634 1391 1678 potest
1416 1635 1655 1678 repraesentare‚
1677 1634 1730 1669 sed
1752 1636 1875 1677 semper
1898 1634 2027 1680 signum
2039 1633 2091 1669 de-

1218 1683 1272 1718 bet
1304 1685 1367 1719 else
1397 1686 1526 1719 realiter
1548 1685 1737 1720 distinctum
1758 1686 1778 1720 ὲ
1801 1686 1860 1719 suo
1879 1685 2088 1730 fignificato;

1217 1734 1306 1777 cujus
1337 1735 1567 1774 rationem,ne
1592 1736 1803 1780 scrupulofius
1821 1735 2088 1779 investigaveris:

1218 1785 1341 1819 nullam
1362 1778 1452 1819 enirn
1480 1787 1628 1821 invenies
1655 1797 1764 1830 praeter
1790 1785 2066 1819 usumdoetorum
2082 1810 2094 1827 ,

1215 1835 1247 1869 &
1269 1836 1496 1870 auctoritatem
1508 1835 1646 1878 scholae3
1668 1839 1684 1870 a
1705 1835 1822 1880 quibus
1842 1835 1909 1868 fine
1930 1836 2089 1879 urgentis·

1216 1885 1291 1920 fima
1312 1884 1438 1920 ratione
1471 1896 1639 1929 nunquam
1659 1886 1705 1919 est
1726 1882 1821 1918 facile
1840 1883 2072 1919 recedendum.

1264 1938 1298 1969 6.
1326 1934 1454 1974 objicies
1476 1935 1604 1977 primo:
1631 1935 1651 1968 fi
1657 1936 1767 1979 Julius
1777 1932 1905 1977 Cesar,
1928 1944 1986 1970 aut
2000 1937 2086 1968 Pom·

1212 1984 1300 2023 pejus
1324 1983 1358 2016 in
1386 1985 1515 2027 propria
1538 1986 1674 2027 persona
1694 1985 1837 2028 prodiret
1850 1985 1886 2019 in
1899 1983 2063 2020 theatrum
2077 2009 2090 2026 ‚

1215 2032 1323 2073 ibique
1343 2043 1467 2077 gereret
1488 2034 1571 2067 bella
1596 2033 1689 2074 fiete,
1715 2045 1810 2069 antea
1836 2034 1854 2068 ὲ
1876 2036 1908 2068 se
1927 2036 2016 2080 gesta
2039 2047 2090 2069 ve-

1215 2081 1268 2120 re,
1294 2092 1373 2115 tunc
1378 2083 1489 2126 Julius
1503 2082 1608 2125 Caesar
1620 2084 1810 2127 significaret
1823 2085 1956 2128 seipsum
1967 2098 1981 2127 ;
2007 2097 2087 2131 ergo

1217 2141 1282 2163 non
1301 2141 1457 2173 repugnat
1471 2132 1558 2166 idem
1576 2133 1757 2175 significare
1768 2134 1919 2177 seipsum.
1934 2136 2086 2169 Probatur

1214 2189 1307 2213 antec.
1331 2181 1406 2222 quia
1419 2183 1515 2214 Titius
1528 2181 1577 2215 vel
1601 2184 1786 2224 Sempronius
1799 2194 1897 2227 agens
1911 2184 1946 2218 in
1958 2183 2086 2218 theatro

1207 2233 1239 2274 J
1241 2231 1331 2262 ulium
1343 2229 1492 2272 Caesarem
1502 2256 1512 2271 ,
1525 2232 1686 2276 fignificat
1690 2236 1722 2277 J
1726 2233 1818 2266 ulium
1829 2231 1992 2277 Caesarem3
2002 2245 2085 2279 ergo

1214 2280 1312 2313 eriam
1330 2282 1439 2323 Julius
1457 2280 1561 2323 Caesar
1587 2293 1684 2325 agens
1708 2284 1843 2325 seipsum
1868 2307 1880 2324 ‚
1919 2284 2083 2328 fignifica-

1216 2338 1259 2362 ret
1280 2328 1415 2371 seipsum
1439 2354 1449 2368 ‚
1475 2330 1552 2373 quid
1573 2332 1662 2364 enim
1694 2332 1735 2364 de
1755 2332 1825 2366 est?
1851 2343 2083 2376 argumentum

1216 2377 1277 2412 hoc
1298 2378 1409 2423 magni
1430 2379 1468 2412 fit
1490 2380 1507 2413 a
1528 2378 1731 2422 christophoro
1753 2380 1899 2415 Schiblero
1928 2381 2084 2418 haeretico

1214 2428 1436 2473 Marpurgensi
1449 2428 1612 2474 .Resp.neg.
1621 2432 1749 2465 antea&
1761 2430 2077 2474 conseq.probaetionts:

1212 2479 1245 2511 &
1269 2477 1346 2512 dico
1367 2478 1429 2513 isto
1452 2481 1524 2513 casu
1543 2481 1638 2525 Jullo
1652 2479 1816 2523 Caesariad
1830 2481 2080 2526 significandum

1213 2528 1346 2571 seipsum
1375 2529 1562 2564 defuturam
1589 2531 1707 2565 realem
1729 2530 1971 2566 distinctionem
1994 2531 2083 2567 asei-

1211 2579 1286 2621 pso;
1313 2579 1459 2622 adeoque
1482 2590 1561 2614 tunc
1574 2583 1701 2625 Julium
1721 2580 1872 2624 Caesarem
1905 2593 1972 2618 non
1986 2583 2082 2627 ligni·

1211 2629 1378 2663 lic'aturum
1391 2632 1519 2674 Julium
1540 2630 1690 2672 Caesarem
1703 2655 1714 2671 ,
1741 2632 1793 2666 sed
1814 2633 1957 2666 actiones
1969 2633 2081 2677 aJulio

1208 2677 1326 2723 Caesare
1351 2678 1451 2713 modo*
1481 2683 1639 2714 exercitas
1669 2681 1703 2714 in
1732 2679 1864 2717 theatro
1887 2683 2084 2727 significatu-

1207 2741 1254 2763 ras
1274 2730 1337 2763 effe
1356 2731 1501 2764 astiones
1521 2729 1562 2764 ab
1582 2730 1641 2765 illo
1665 2727 1836 2776 quondam
1862 2733 2021 2767 exercitas
2042 2733 2080 2766 in

1206 2778 1277 2813 foro
1302 2805 1313 2819 ‚
1345 2779 1432 2813 bello
1459 2804 1470 2820 ,
1503 2780 1613 2814 senatu
1639 2805 1651 2821 ,
1688 2782 1749 2816 &c-
1780 2781 1868 2816 Inter
1906 2780 1964 2816 has
1989 2782 2090 2817 enim,

1204 2828 1249 2862 est
1286 2829 1452 2864 distinctio
1489 2831 1582 2864 realis
1604 2855 1615 2872 ,
1651 2831 1797 2875 adeoque
1821 2831 1982 2866 sufficiens
2005 2842 2079 2875 pro-

1206 2879 1313 2922 portio
1337 2905 1349 2921 ,
1386 2889 1422 2914 ut
1459 2880 1520 2914 111ae
1545 2881 1605 2915 sint
1631 2882 1758 2926 lignum
1779 2906 1792 2922 ,
1826 2881 1861 2914 δε
1889 2880 1938 2915 hae
1961 2881 2079 2926 fignifi-

1203 2940 1333 2964 catum.

1252 2991 1283 3026 7.
1309 2979 1436 3021 objicies
1463 2981 1603 3015 secundo
1630 2994 1641 3014 .·
1667 2979 1731 3015 haec
1759 2992 1824 3015 vox
1844 3004 1856 3022 ,
1882 2992 2011 3023 nomen,
2039 2983 2077 3016 fi-

1202 3031 1336 3073 gnificat
1377 3031 1510 3073 seipsam
1537 3044 1546 3073 ;
1585 3042 1662 3075 ergo
1698 3032 1802 3074 potest
1841 3031 1930 3067 idem
1955 3032 2077 3077 fignifi-

1202 3091 1273 3113 care
1300 3080 1458 3124 seipsum.
1488 3081 1634 3114 Probatur
1658 3083 1860 3116 antecedens:
1886 3082 1963 3124 quia
1984 3093 2073 3123 voX,

1202 3141 1304 3163 nomen
1330 3153 1340 3169 ‚
1358 3156 1361 3158 .
1380 3131 1540 3174 fignificat
1572 3142 1693 3165 nomen
1730 3134 1765 3166 in
1803 3130 1975 3166 communi
2002 3156 2015 3173 ,
2039 3133 2074 3167 δε

1201 3180 1299 3214 etiam
1336 3181 1452 3213 omnia
1487 3180 1624 3215 nomina
1657 3181 1692 3215 in
1731 3181 1914 3225 particulari
1933 3193 1947 3223 ·,
1981 3182 2073 3226 atqui

1203 3229 1269 3263 baec
1307 3241 1372 3263 vox
1392 3252 1403 3269 ,
1443 3241 1545 3264 nomen
1567 3255 1579 3271 ‚
1615 3230 1660 3265 est
1698 3231 1836 3274 aliquod
1875 3241 1996 3265 nomen
2036 3232 2073 3267 in

1201 3278 1382 3322 particulari
1402 3291 1413 3322 3
1438 3290 1520 3324 ergo
1546 3281 1708 3325 fignificat
1743 3282 1878 3325 seipsam
1899 3305 1909 3315 .
1949 3283 2000 3315 Ad
2022 3281 2073 3316 boc

1200 3337 1407 3371 argumentum
1453 3330 1641 3374 distinguitur
1676 3331 1825 3370 ordinarie
1862 3333 2040 3366 antecedens
2062 3345 2071 3366 ε

1201 3390 1290 3418 vox,
1318 3389 1420 3413 nomen
1441 3403 1453 3420 ,
1480 3381 1642 3425 fignificat
1664 3381 1799 3425 seipsam
1826 3381 2004 3426 primario,
2030 3383 2073 3417 fic

1200 3428 1244 3463 est
1285 3429 1403 3463 falsum
1427 3440 1435 3460 :
1475 3430 1637 3476 fignificat
1674 3432 1808 3475 seipsam
1849 3431 2042 3467 secundario
2056 3455 2071 3473 ,›

1201 3479 1243 3513 fic
1278 3478 1323 3515 est
1362 3490 1470 3514 verum
1494 3504 1504 3522 ,
1542 3479 1606 3516 hoc
1640 3491 1748 3517 autem
1784 3493 1853 3518 non
1881 3482 1928 3519 est
1959 3481 2070 3516 absur-

1921 3529 2021 3566 dum:
