2384 3770
292 1816 298 1826 ,
367 1783 557 1827 praedicatur
573 1784 838 1826 accidentaliter,
863 1798 901 1821 ac
912 1789 1169 1832 contingenter:
1191 1788 1239 1822 uti

404 114 501 164 274

619 181 923 227 SECTIO
965 185 990 225 1,

465 283 679 318 Praedtcartrn
705 283 784 329 quid
800 310 811 326 ,
839 286 874 320 Θ
900 290 934 320 in
959 286 1057 330 quale
1083 297 1141 319 nm

519 333 558 375 est
583 337 682 376 idem,
707 337 787 378 quod
805 337 970 377 praedicari
996 335 1092 380 essen·

566 387 703 426 naliter,
727 388 762 420 et
786 387 1014 420 accidentaliter
1033 411 1041 419 .

872 100 1031 148 DrsP.
1066 99 1188 150 XXI.
1227 97 1367 175 Dur.
1403 102 1461 148 V.
1498 75 1659 151 Sec-r.
1693 104 1730 153 1.

1302 184 1512 230 praedicantur
1524 185 1769 221 accidentaliter
1779 199 1795 229 ‚·
1816 187 1861 222 ita
1881 187 1971 225 enim
1994 176 2169 234 praedic‘an·

1306 246 1359 269 tur
1372 233 1451 269 haic:
1482 238 1664 270 Animalrtar
1684 235 1721 281 est
1739 239 1953 281 rationalitas,
1974 241 2168 277 rationantur

1302 285 1338 323 est
1349 283 1498 326 rifiblli'tas
1511 311 1522 327 ,
1551 290 1656 321 Deitas
1667 283 1707 327 est
1714 293 1889 329 paternitas
1901 313 1912 330 ‚
1935 294 1993 331 etc.
2021 291 2084 325 Hae
2091 315 2103 332 ,
2117 292 2168 325 in·

1301 346 1399 379 qua-m
1409 360 1420 377 ,
1431 336 1675 379 praedicationes
1687 339 1761 371 sunt
1771 338 2005 380 accidentales,
2024 342 2058 376 δε
2071 352 2167 377 verz.-

1299 395 1336 419 ut
1350 385 1471 429 patebit
1481 386 1578 421 facile
1592 398 1634 421 ex
1645 388 1711 421 illis
1723 410 1733 426 ‚
1759 398 1827 431 quae
1837 387 1908 423 dixi
1931 390 2022 436 supra
2042 392 2115 425 dub.
2137 403 2166 427 1.

1299 433 1390 480 Ergo
1403 437 1570 479 praedicata
1580 462 1590 478 ,
1599 449 1670 481 quae
1682 439 1896 482 praedicantur
1907 439 2168 483 accidentaliter,

371 494 428 531 47.
577 480 765 530 Esp.'1‘taque
787 486 820 519 Θ
842 486 907 518 dico
927 488 1049 527 prima:
1072 486 1239 519 Praedicari
1300 486 1513 528 praedicantur
1525 487 1762 531 quandoquein
1774 490 1864 531 quid.
1895 490 2045 522 Probatur
2054 493 2165 531 major:

595 543 628 569 in
638 537 714 579 quid
729 545 795 569 non
807 535 852 568 est
864 533 951 569 idem
963 559 974 575 ,
987 536 1075 580 quod
1085 538 1239 582 predica-

366 589 397 617 ri
417 581 613 627 esremialiter
623 611 630 617 .
659 587 737 619 Hoc
748 583 793 618 est
805 595 920 620 contra
934 583 1157 629 Porphyrium
1169 613 1177 627 ‚
1193 585 1238 619 est

367 643 477 668 tamen
491 636 665 669 certissimo
689 634 802 669 verum
817 659 824 667 .
851 636 1002 669 Probatur
1015 650 1027 670 .-
1056 636 1146 682 Qia
1167 637 1238 680 pos-

367 686 441 718 sunt
465 681 629 727 praedicata
646 685 687 719 de
707 686 821 730 aliquo
843 684 985 728 subjecto
1014 685 1176 730 praedicari
1206 690 1238 719 in

367 737 460 776 quid,
474 735 626 770 &tamen
636 735 676 771 de
689 735 748 770 illo
762 747 827 769 non
841 736 1004 779 praedicari
1018 735 1237 779 essentialiter3

368 785 423 819 sed
435 785 677 819 accidentaliter
689 797 696 817 :
723 797 802 831 ergo
816 786 974 830 praedicati
986 792 1018 820 in
1028 788 1104 830 quid
1112 796 1180 823 non
1191 787 1235 820 est

367 833 459 869 idem
471 861 481 875 ‚
494 835 582 876 quod
595 835 754 878 praedicari
766 836 970 871 essentialiter
983 861 994 881 ,
1003 836 1056 871 sed
1068 837 1147 882 quid
1168 837 1237 872 lon-

367 885 409 929 ge
419 884 532 918 abillo
542 884 725 920 diversum.
752 885 877 930 conseq.
891 886 930 926 est
949 889 1098 931 evidens;
1123 896 1237 922 antece·

367 936 442 967 dens
464 944 529 978 ergo
548 935 712 976 probatur:
743 936 832 983 Quia
846 936 1015 981 praedicata
1038 936 1151 972 harum
1164 947 1234 981 prae-

366 983 574 1018 dicationum
595 1010 606 1026 ,
635 990 718 1020 Deus
735 986 773 1028 est
794 985 893 1028 bomo,
914 989 948 1024 er
972 992 1064 1022 Homo
1083 989 1119 1029 efi
1132 991 1236 1028 Deus,

366 1034 582 1076 praedicantur
604 1040 637 1068 in
657 1037 734 1079 quid
750 1049 760 1080 ;
790 1048 828 1071 ac
850 1038 948 1072 etiam
969 1037 1235 1073 accidentaliter.-

364 1094 445 1128 ergo
459 1084 562 1127 potest
573 1085 708 1131 aliquod
721 1087 927 1131 praedicatum
938 1089 1097 1132 praedicari
1109 1095 1142 1122 ln
1152 1088 1236 1131 quid,

367 1135 402 1168 ὃς
424 1145 536 1168 tamen
554 1145 624 1170 non
649 1137 808 1180 praedicari
829 1139 1060 1181 essentialiter;
1088 1136 1141 1172 sed
1153 1138 1237 1172 acci-

366 1184 581 1220 dentaliter&
593 1187 842 1233 contingenter.
858 1188 961 1238 Qod
975 1189 1146 1232 praedicata
1167 1187 1236 1222 ista-

365 1246 440 1269 rum
452 1237 718 1279 praedicationum
741 1250 808 1273 non
835 1239 1050 1282 praedicentur-
1066 1238 1235 1273 effentiali-

367 1295 414 1320 ter
423 1308 433 1323 ‚
457 1296 572 1320 notum
585 1287 629 1321 est
641 1288 725 1332 apud
738 1299 873 1323 omnes:
900 1300 1006 1334 neque
1016 1289 1115 1323 credo
1123 1288 1236 1334 reperi-

366 1337 392 1369 ri
405 1333 643 1380 Philosophum
655 1338 701 1375 ita
714 1339 873 1373 trivialem
886 1363 897 1378 ‚
923 1349 978 1373 aut
992 1339 1147 1374 stolidum
1159 1364 1170 1379 ,
1179 1338 1235 1383 qui

366 1385 424 1421 illa
445 1388 555 1420 afferat
580 1388 788 1423 essentialiter
798 1388 958 1432 praedicari
971 1415 978 1422 .
1006 1389 1111 1438 Quod
1126 1389 1243 1433 pra-‘di-=

366 1445 483 1469 centur
492 1438 745 1482 contingenter,
760 1449 797 1472 ac
804 1439 1049 1475 accidentaliter
1061 1466 1071 1482 ,
1099 1440 1174 1475 satis
1184 1449 1245 1484 pa·-

367 1496 413 1519 tet
424 1497 465 1519 ex
477 1486 567 1521 dictis
578 1486 639 1522 hac
650 1486 726 1531 disp.
748 1489 849 1526 dub.2.
872 1489 907 1525 ὀ·
934 1501 961 1537 3.
985 1491 1074 1525 Nam
1087 1501 1190 1525 omne
1202 1489 1235 1523 il·

367 1536 423 1573 lud
438 1537 642 1579 praedicatum
654 1563 664 1578 ‚
692 1539 784 1582 cujus
802 1538 1168 1585 formale'fignificatum
1191 1539 1236 1574 est

367 1587 498 1619 realiter
520 1585 709 1620 distinctum
727 1611 738 1627 ‚
764 1599 803 1622 ac
826 1587 1004 1632 separabile
1024 1589 1042 1623 ὲ
1067 1590 1234 1633 subjecto,

366 1636 556 1678 praedicatur
566 1635 834 1677 accidentaliter,
858 1649 897 1674 ac
917 1640 1165 1684 contingenter:
1194 1650 1237 1674 at·

366 1686 423 1726 qui
439 1685 472 1717 in
485 1684 552 1718 istis
565 1685 850 1727 praedicationibus
859 1688 1076 1731 significatum
1098 1689 1238 1723 formale

367 1733 530 1777 praedicati
547 1734 592 1768 est
605 1736 731 1770 realiter
741 1736 930 1772 distinctum
939 1748 958 1775 a
970 1738 1112 1781 subjecto
1125 1752 1137 1772 .·
1160 1737 1240 1783 ergo

367 1834 465 1871 etiam
476 1834 630 1868 concedit
642 1859 653 1875 ,
677 1836 710 1870 ὅ(
720 1837 826 1871 asserit
837 1838 1047 1871 Ferrariensis
1059 1838 1111 1872 lib.
1122 1848 1154 1884 4.
1175 1848 1240 1870 can·

372 1894 422 1918 tra
443 1887 551 1918 Gentes
564 1909 574 1925 ,
594 1892 660 1925 cap.
679 1894 702 1931 4
711 1896 743 1931 5.
766 1887 795 1928 §.
815 1889 920 1920 ultimi)
932 1899 944 1920 .-
971 1888 1076 1934 Qod
1095 1887 1155 1922 ista
1167 1899 1240 1930 prae-

370 1935 478 1968 dicata
491 1959 501 1975 ,
514 1946 583 1984 quae
595 1935 639 1969 ibi
653 1934 865 1979 praedicantur
877 1936 1110 1980 contingenter
1120 1960 1132 1976 ‚
1142 1936 1241 1970 etiam

371 1985 587 2029 praedicentur
597 1990 630 2019 in
651 1986 746 2028 quid,
767 1985 924 2021 concedit
935 2010 946 2026 ,
971 1998 1010 2020 ac
1022 1985 1242 2022 asserit‘Ferra-

372 2035 480 2070 riensis
491 2034 624 2070 ibidem.
638 2041 677 2069 Ac
687 2040 764 2069 ratio
779 2034 918 2084 efflQia
928 2047 1028 2070 omne
1040 2035 1121 2070 illud
1134 2035 1244 2080 praedi·

373 2097 486 2121 catum
499 2086 686 2130 praedicatur
696 2092 728 2119 in
739 2087 834 2127 quid,
861 2096 916 2127 per
926 2085 1015 2127 quod
1027 2086 1108 2119 reete
1119 2081 1244 2127 respon·

374 2137 471 2174 detur
490 2135 658 2178 quaestioni
672 2133 762 2169 fastae
771 2144 826 2176 per
838 2134 931 2176 quid:
960 2142 996 2168 ut
1011 2133 1092 2166 dicit
1110 2133 1245 2176 ipsemet

377 2184 536 2228 Apostata
548 2182 770 2227 Porphyrius,
797 2193 835 2216 ac
859 2180 1079 2226 Porph'yriani
1101 2179 1216 2216 omnes
1236 2207 1245 2214 .
1271 2199 1283 2203 Α

377 2232 551 2279 Atquiista
564 2232 734 2277 praedicata
747 2231 821 2269 sunt
831 2231 928 2265 talia:
956 2230 1109 2273 quaerenti
1133 2232 1225 2268 enim
1237 2255 1248 2270 ,

380 2282 476 2332 Qud
496 2282 542 2317 est
564 2284 655 2317 Deus
667 2305 679 2321 ‚
704 2282 758 2315 seu
768 2279 919 2315 Verbum
931 2279 1122 2314 Divinum?
1148 2279 1248 2315 Recte

378 2332 580 2377 respondeo,
607 2330 664 2364 Est
687 2329 792 2365 homo
805 2355 812 2364 .
840 2329 926 2364 Item
947 2330 1103 2375 quaerenti
1116 2355 1128 2371 ‚
1154 2329 1246 2379 Qid

378 2384 424 2419 est
437 2383 496 2417 iste
509 2381 615 2417 homo
624 2404 634 2420 ,
647 2381 703 2424 qui
714 2380 835 2415 dieitur
846 2380 932 2423 Iesus
944 2381 961 2413 ,ἒ
997 2380 1099 2419 Recte
1110 2390 1246 2424 repono,

379 2435 437 2469 Est
459 2433 567 2467 Deus.
596 2431 687 2475 Ergo
711 2429 770 2464 ista
792 2431 964 2474 praedlcata
987 2431 1198 2474 praedicantur
1215 2435 1249 2463 in

380 2486 476 2528 quid:
502 2479 766 2522 Erconfirmatur:
795 2479 883 2528 Qia
896 2481 1099 2525 praedicarim
1117 2479 1248 2524 quidest

382 2532 566 2579 praedicari,
592 2542 630 2565 ac
644 2530 823 2581 significare
835 2531 875 2565 ad
888 2530 1025 2565 modum
1038 2542 1093 2574 per
1115 2532 1147 2565 se
1168 2529 1210 2563 sta
1217 2542 1248 2563 n-

381 2586 442 2618 tis:
455 2595 490 2617 ut
501 2582 618 2616 dicunt
629 2581 757 2624 paffim;
788 2580 895 2624 Atqui
908 2580 977 2615 haec
988 2581 1156 2625 praedicata
1167 2605 1176 2621 ,
1191 2587 1249 2618 Ησ-

383 2647 431 2668 mo
451 2636 486 2668 (5
507 2636 587 2665 Deus
606 2631 791 2676 significant
812 2632 853 2665 ad
868 2629 1004 2665 modum
1018 2632 1114 2674 perse
1126 2630 1250 2664 stantis:

383 2695 465 2729 ergo
490 2682 704 2727 praedicantur
723 2687 756 2715 in
778 2682 855 2724 quid
866 2704 874 2713 .
902 2683 994 2715 Patet
1016 2687 1129 2714 mmor:
1158 2679 1249 2732 Qia

384 2745 485 2769 omne
495 2741 685 2767 concretum
697 2731 730 2765 in
743 2731 827 2765 resto
848 2732 1032 2775 significans
1053 2732 1249 2775 suppositum

384 2784 490 2819 solum
508 2808 519 2823 ,
545 2782 705 2828 significat
728 2780 769 2814 ad
790 2782 927 2816 modum
953 2792 1006 2826 pet
1019 2783 1050 2816 se
1061 2782 1194 2816 stantis:
1213 2789 1251 2813 ut

384 2844 507 2869 certum
519 2833 564 2867 est
578 2856 589 2872 ‚
615 2833 648 2867 δε
660 2831 750 2875 supra
762 2830 839 2874 disp.
849 2835 878 2869 8.
888 2832 906 2865 a
919 2842 970 2865 me
983 2832 1058 2865 satis
1068 2830 1252 2867 discussum,

385 2884 494 2927 Atqui
509 2882 573 2917 haec
588 2892 764 2922 concreta,
790 2886 883 2914 Homo
903 2883 938 2915 Θ
958 2885 1039 2915 Deus
1058 2882 1091 2915 in
1113 2881 1200 2920 resto
1219 2881 1253 2912 fi·

385 2935 547 2980 gnificant
559 2933 665 2967 solum
677 2932 885 2975 suppositum,
895 2942 951 2966 aut
962 2931 1048 2965 certe
1059 2930 1166 2967 solum
1180 2929 1252 2967 sub-

386 2986 495 3019 sistens
508 2996 516 3016 τ
529 2993 565 3021 ut
576 2982 647 3016 dixi
662 2982 785 3016 ibidem
799 3006 806 3014 .
837 2981 926 3026 Ergo
937 2981 1124 3026 significant
1134 2979 1174 3014 ad
1187 2992 1253 3014 mo·

386 3034 465 3069 dum
476 3046 531 3078 per
542 3034 572 3067 se
582 3032 712 3072 stantis,
740 3044 778 3067 ac
801 3032 1012 3075 praedicantur
1032 3036 1065 3063 in
1077 3031 1166 3072 quid.
1195 3030 1254 3067 At·

387 3086 444 3128 qui
456 3095 562 3119 tamen
576 3083 789 3126 praedicantur
799 3082 1050 3126 contingenter,
1062 3081 1095 3115 ὅ(
1107 3079 1253 3115 acciden-

387 3135 512 3169 taliter:
528 3145 608 3177 ergo
620 3134 675 3167 illa
690 3158 701 3174 ,
726 3144 797 3175 quae
809 3131 1020 3175 praedicantur
1030 3137 1064 3164 in
1074 3131 1169 3174 quid,
1180 3141 1254 3174 prae-

388 3185 490 3219 dicari
503 3186 631 3228 possunt
643 3182 905 3217 accidentaliter:
932 3180 1079 3226 adeoque
1090 3181 1253 3225 praedicari

389 3239 422 3266 in
432 3235 506 3276 quid
519 3234 707 3268 nullatenus
720 3234 782 3268 esse
794 3232 897 3276 potest
909 3232 996 3267 idem
1006 3257 1018 3274 ‚
1045 3231 1135 3276 quod
1146 3231 1255 3276 praedi·

388 3285 455 3317 cari
468 3284 677 3318 essentialiter
687 3308 695 3316 .

443 3331 498 3378 48.
518 3334 665 3376 confirmo
689 3332 741 3366 boe
755 3331 851 3375 ipficm
874 3333 943 3364 aliis
964 3330 1062 3365 adhuc
1083 3332 1231 3373 exemplis
1244 3344 1255 3364 .-

389 3381 481 3429 Qia
494 3393 593 3416 omne
603 3383 808 3426 praedicatum
819 3381 1011 3416 abstrafium
1026 3381 1212 3425 praedicatur
1223 3386 1255 3413 in

382 3433 474 3476 quid:
505 3432 596 3475 atqui
615 3433 700 3466 inter
723 3432 891 3477 praedicata
913 3432 1064 3467 abstracta
1078 3455 1090 3473 ,
1110 3431 1274 3476 quaedatu'

1298 536 1406 583 Qia,
1434 537 1561 572 utdicit
1580 537 1802 582 Porphyrius,
1826 539 2032 573 Ferrarienfis
2049 563 2060 580 ,
2085 539 2168 575 Por-

1300 585 1517 631 phyrianique
1543 598 1656 621 omnes
1677 612 1688 628 ,
1712 599 1813 623 omne
1835 590 1914 624 illud
1935 589 2167 634 predicatum,

1284 647 1355 711 'per
1375 637 1465 679 quod
1483 637 1557 681 apte
1578 637 1692 672 satisfit
1716 637 1881 681 quaestioni
1903 641 1991 675 fastae
2004 651 2058 684 per
2068 641 2169 681 quiid,

1299 687 1486 729 praedicatur
1497 694 1530 720 tn
1539 689 1635 730 quid:
1666 687 1757 731 atqui
1778 699 1879 724 omne
1891 691 2095 733 praedicatum
2113 689 2172 725 ab-

1300 737 1450 771 stradium
1471 736 1516 771 est
1528 738 1593 772 tale
1608 750 1616 771 ε
1642 737 1811 786 Qaerenti
1821 739 1911 773 enim
1922 763 1934 783 ,
1959 739 2050 790 Qid
2062 741 2111 774 el}
2126 751 2173 773 ra-

1299 787 1486 822 tionalitas?
1514 786 1601 832 Apte
1612 787 1793 831 respondeo
1804 813 1814 829 ,
1831 789 1886 822 Est
1900 789 2082 824 animalitas
2095 814 2106 830 ‚
2122 789 2172 823 est

1299 838 1459 873 risibilitas
1468 861 1478 870 .
1505 838 1540 874 Si
1552 837 1626 872 vero
1639 838 1711 882 quis
1721 848 1839 883 quaetat
1849 862 1857 871 .
1883 839 2001 892 Qalis
2012 840 2058 874 est
2071 839 2174 873 iratio-

1300 887 1417 923 nalitas
1429 889 1442 922 i
1455 889 1665 933 Respondere
1677 900 1748 923 non
1756 890 1883 933 possum
1896 901 1951 933 per
1965 889 2173 925 abstractum.

1301 938 1356 971 Est
1368 937 1530 973 risibilitas
1542 951 1552 982 ;
1565 938 1615 974 sed
1627 950 1783 974 concreto
1797 941 1845 974 uti
1859 949 1990 982 oportet
2002 950 2040 974 ac
2050 937 2070 976 d
2079 939 2175 981 icere,

1300 987 1355 1023 Est
1368 989 1513 1030 risibilis,
1524 990 1568 1023 est
1584 989 1657 1023 talis
1669 1012 1679 1028 ‚
1695 990 1747 1023 vel
1758 989 1852 1023 talis.
1864 989 2022 1034 Idemque
2039 991 2174 1033 respon-

1297 1039 1415 1080 dendi,
1441 1050 1479 1072 ac
1491 1038 1649 1083 loquendi
1661 1038 1713 1081 jus
1723 1039 1767 1072 est
1780 1038 1822 1073 de
1831 1040 1988 1077 omnibus
1996 1040 2083 1076 aliis.
2118 1039 2175 1072 Er-

1297 1100 1343 1133 go
1365 1101 1465 1123 omne
1488 1088 1695 1133 praedicatum
1720 1088 1912 1123 abstractum
1929 1089 2118 1134 praedicatur
2138 1094 2175 1122 ln

1299 1139 1391 1180 quid.
1418 1139 1576 1174 Similiter
1589 1137 1655 1173 haec
1666 1139 1831 1182 praedicata
1843 1164 1855 1181 ‚
1866 1141 1955 1182 Papa
1964 1165 1976 1182 ,
1987 1138 2178 1183 Eplfiopusf

1298 1188 1443 1232 Profeffor
1455 1213 1467 1230 ,
1476 1188 1583 1232 Caesar
1596 1213 1608 1230 ,
1623 1187 1754 1232 Consul,
1767 1190 1891 1224 Senator
1903 1214 1914 1230 ,
1926 1190 2054 1233 artlfm,
2069 1200 2111 1224 ac*
2122 1189 2174 1223 in-

1299 1238 1391 1273 finita
1403 1237 1466 1274 alia
1477 1239 1590 1274 similia
1602 1239 1812 1284 praedicantur
1821 1244 1855 1273 in
1863 1241 1948 1283 quid.
1963 1241 2127 1288 Qaeretu
2139 1249 2172 1273 e·

1299 1288 1367 1323 nim
1382 1289 1398 1323 a
1410 1300 1474 1330 me,
1501 1290 1594 1342 Qid
1607 1300 1685 1324 estu
1697 1313 1705 1321 .
1734 1289 1810 1334 Ego
1825 1288 2121 1335 congruentiffime
2132 1288 2171 1322 ti·

1298 1338 1332 1374 bi
1346 1339 1545 1384 respondebo
1557 1365 1568 1381 ,
1597 1340 1671 1386 Ego
1682 1340 1752 1374 sum
1765 1339 1987 1383 Philosophiae
1996 1338 2173 1377 Professor,

1298 1400 1362 1435 ego
1374 1389 1444 1424 sum
1457 1389 1549 1434 Papa
1560 1414 1571 1430 ,
1583 1390 1654 1424 sum
1666 1390 1847 1433 Episcopus
1857 1414 1868 1431 ,
1895 1390 1966 1426 sum
1982 1388 2099 1427 Cesar,
2106 1386 2173 1428 dcc„

1299 1442 1312 1484 (
1325 1452 1385 1474 nec
1395 1439 1485 1475 enim
1509 1438 1545 1473 in
1553 1451 1652 1476 *exem
1657 1440 1719 1483 plis
1730 1440 1864 1474 veritate
1875 1450 1959 1483 opus
1970 1439 2027 1474 est.
2039 1438 2052 1484 )
2065 1437 2180 1482 Atqui·

1299 1499 1410 1524 tamen
1423 1489 1482 1526 ista
1493 1489 1660 1531 praedicata
1672 1490 1885 1532 praedicantur
1901 1486 2149 1529 accidentaliter
2161 1499 2181 1526 ς’

1300 1550 1336 1573 ut
1349 1540 1472 1577 clarum
1481 1539 1527 1574 est
1537 1563 1545 1571 .
1575 1538 1665 1585 Ergo
1679 1538 1733 1572 illa
1743 1564 1755 1580 ,
1784 1550 1853 1584 quae
1867 1538 2082 1582 pra-*dicantur
2091 1537 2182 1572 acci·-

1300 1588 1476 1624 dentaliter
1485 1612 1497 1629 ,
1515 1589 1714 1634 quandoque
1725 1588 1937 1632 praedicantur
1949 1594 1981 1622 in
1993 1590 2073 1632 quid
2084 1587 2181 1622 :ade-

1303 1649 1389 1682 oque
1402 1649 1470 1672 non
1490 1636 1587 1671 video
1600 1661 1612 1678 ,
1636 1649 1704 1682 quo
1714 1638 1827 1676 colore
1840 1639 1930 1674 asseri
1943 1639 2040 1682 poffit
2048 1662 2060 1681 ‚
2085 1635 2176 1680 quod

1305 1687 1468 1731 praedicari
1479 1689 1512 1720 a'n
1522 1689 1597 1736 quid
1607 1687 1643 1722 sit
1656 1687 1819 1731 predicari
1831 1688 2040 1724 essentialiter
2052 1711 2062 1721 .
2081 1685 2186 1722 ludi-2

1303 1749 1390 1782 gnor
1405 1739 1550 1781 profesto
1561 1749 1598 1771 ac
1610 1735 1796 1772 stomachor
1807 1747 1896 1772 totus
1907 1763 1918 1778 ,
1938 1739 2028 1782 qnod
2042 1738 2183 1773 infamis*

1305 1787 1363 1822 ille
1382 1788 1539 1831 Apostata
1552 1798 1618 1821 tarn
1633 1788 1790 1823 infamem
1802 1797 1942 1822 errorem
1961 1788 1995 1821 in
2020 1787 2178 1822 Christia-

1308 1849 1384 1872 nam
1397 1835 1640 1882 philosophiam
1654 1836 1802 1871 intulerit
1815 1861 1826 1877 ,
1851 1837 2006 1882 quodque
2019 1836 2075 1874 hic
2095 1836 2180 1870 infa-

1308 1889 1369 1922 mis
1378 1898 1466 1921 error
1475 1897 1543 1921 tam
1553 1886 1609 1920 diu
1622 1889 1634 1929 (
1648 1887 1759 1922 nescio
1771 1898 1838 1930 quo
1851 1887 1963 1921 colore
1977 1888 1990 1929 )
2009 1887 2044 1920 in
2066 1885 2178 1921 Chris·

1307 1936 1405 1971 tianis
1417 1935 1546 1970 Scholis
1558 1936 1708 1969 defensus
1720 1959 1731 1976 ,
1758 1947 1797 1970 ac
1817 1945 2041 1973 manu-tentus
2060 1934 2175 1971 fixerit·

1311 1986 1447 2029 Aperite
1458 1996 1538 2031 crgo
1548 1985 1664 2020 oculos
1675 1985 1957 2027 vestros‚errorem
1971 1985 2113 2024 vestrum
2123 1984 2180 2020 ad·

1310 2037 1423 2080 spicite
1434 2060 1446 2078 ,
1471 2036 1650 2079 errorisque
1661 2034 1755 2069 vestri
1766 2035 1924 2070 infamem
1938 2034 2119 2070 Patronum
2130 2060 2138 2068 .

1358 2096 1415 2130 49.
1446 2087 1622 2120 Praeterea:
1650 2084 1821 2119 Praedicari
1835 2091 1868 2117 tn
1881 2087 1960 2127 quid
1968 2084 2066 2119 habet
2087 2086 2118 2119 se
2136 2083 2179 2118 ad

1311 2132 1724 2176 praedicaiiessentialiter,
1750 2133 1832 2168 ficut
1854 2133 2017 2175 praedicari
2032 2138 2074 2169 'en
2092 2135 2180 2176 quale

1311 2182 1407 2217 habet
1420 2183 1452 2216 se
1462 2181 1504 2215 ad
1518 2180 1677 2225 praedicari
1691 2180 1951 2217 accidentaliter.
1980 2182 2056 2227 Ego
2078 2183 2182 2226 profe·

1311 2234 1364 2266 ἂο
1377 2242 1445 2265 non
1458 2231 1578 2270 video,
1593 2231 1628 2264 in
1640 2241 1708 2276 quo
1720 2228 1767 2266 hae
1777 2230 1850 2264 duae
1868 2232 2098 2274 proportiones
2117 2231 2183 2267 diss

1313 2280 1603 2325 proportionentur
1614 2303 1621 2311 .
1650 2279 1754 2324 Atqui
1769 2279 1930 2322 praedicari
1945 2285 1977 2313 in
2000 2281 2087 2324 quale
2109 2293 2181 2319 non

1313 2329 1358 2365 est
1379 2329 1541 2374 praedicari
1563 2326 1825 2365 accidentaliter:
1851 2341 1931 2374 ergo
1945 2341 2049 2375 neque
2069 2331 2193 2374 prndio·-

1315 2381 1381 2414 cari
1393 2385 1426 2415 in
1446 2378 1572 2423 quidest
1586 2378 1751 2422 praedicari
1762 2378 1968 2414 essentialiter
1980 2404 1988 2412 .
2014 2379 2193 2425 Majorviw

1312 2429 1406 2466 detur
1427 2427 1510 2464 mihi
1532 2428 1617 2465 clara
1637 2429 1671 2463 ἀ
1691 2438 1796 2471 certa;
1823 2441 1930 2471 neque
1952 2429 2087 2473 potesta
2101 2443 2183 2475 quo·

1313 2491 1412 2524 quam
1431 2478 1670 2516 rationabiliter
1684 2480 1808 2523 negari:
1838 2480 2025 2527 patebitqule
2040 2481 2181 2523 amplius

1315 2530 1422 2564 statim
1435 2530 1535 2564 infra:
1564 2530 1664 2569 Major
1687 2540 1754 2572 ergo
1769 2527 1933 2569 probatur:
1961 2529 2052 2577 Qia
2074 2531 2180 2569 multa

1315 2580 1480 2624 praedicata
1492 2578 1747 2622 praedicanturm
1765 2579 1870 2620 quale,
1895 2588 1966 2621 quae
1978 2590 2088 2614 tamen
2109 2586 2194 2614 non¹

1315 2629 1524 2674 praedicantur
1540 2627 1798 2667 accidentaliter,
1808 2626 1860 2661 sed
1872 2628 1944 2663 vere
1955 2630 2180 2668 essentialiter.-

1312 2691 1392 2725 ergo
1416 2678 1582 2722 praedicari
1604 2681 1636 2709 in
1655 2680 1742 2718 quale
1755 2676 1938 2711 nullatenus
1950 2679 1993 2712 est
2016 2679 2195 2723 praedicari·

1313 2729 1560 2765 accidentaliter
1569 2753 1577 2761 .
1611 2725 1735 2771 Conseq.
1745 2735 1852 2769 pam.-
1880 2730 2058 2764 antecedens
2075 2730 2194 2772 proba--

1314 2790 1382 2814 tur:
1404 2778 1496 2827 Qia
1507 2778 1687 2818 Rastrmde,
1709 2776 1885 2821 senfitt‘vuna
1897 2784 2100 2819 ,animatum‚
2123 2783 2187 2815 &er

1315 2831 1357 2865 de
1378 2828 1516 2863 homine
1537 2828 1750 2872 praedicantur
1773 2828 2003 2863 essentialiter:
2030 2841 2067 2864 ut
2087 2841 2182 2865 extra

1314 2879 1564 2916 controversiam
1575 2879 1620 2913 est
1631 2902 1639 2911 .
1664 2877 1767 2921 Atqui
1781 2877 1985 2920 predicantur
1993 2879 2033 2914 de
2043 2880 2182 2915 homine

1314 2936 1347 2964 in
1358 2931 1464 2973 quale:
1491 2938 1528 2963 ut
1538 2929 1616 2964 dico
1630 2939 1699 2962 non
1711 2928 1795 2961 solus
1803 2938 1866 2970 ego
1878 2939 1888 2970 ;
1915 2929 1968 2963 sed
1981 2929 2014 2969 ὃς
2027 2930 2092 2973 ipse
2103 2930 2182 2964 Por-

1315 2979 1450 3024 phyrius
1461 3004 1472 3021 ,
1484 2990 1522 3013 ac
1534 2981 1591 3024 qui
1606 2989 1691 3014 unus
1704 2989 1761 3022 pro
1772 2978 1865 3012 mille
1875 2978 2022 3013 millibus
2035 2979 2098 3019 est,
2114 2980 2182 3013 san-

1315 3033 1384 3066 stus
1404 3029 1525 3064 Parens
1549 3041 1639 3064 meus
1652 3027 1855 3074 Augustinus
1873 3027 1949 3061 libra
1958 3029 1996 3062 de
2020 3035 2178 3073 categoriis

1315 3090 1381 3123 cap.
1394 3092 1427 3126 7.
1457 3079 1564 3123 Dicit,
1576 3079 1708 3124 inquam
1722 3102 1734 3119 ,
1745 3079 1867 3112 sanstus
1879 3078 2098 3122 Augustinus,
2113 3090 2182 3115 non

1318 3142 1354 3165 ut
1365 3130 1447 3165 dicit
1459 3130 1620 3174 Apostata
1632 3128 1829 3173 Porphyrius
1840 3150 1851 3166 ,
1862 3127 1952 3170 quod
1968 3130 2127 3163 Rationale
2139 3129 2183 3165 de

1318 3181 1456 3216 homine
1466 3180 1655 3225 praedicetur
1667 3177 1901 3222 inquale-quid3
1921 3178 1974 3212 sed
1993 3179 2083 3223 quod
2107 3179 2187 3214 fim-

1319 3231 1447 3275 pliciter
1463 3230 1651 3275 praedicetur
1662 3235 1697 3263 in
1705 3228 1807 3272 quale.
1837 3226 1927 3271 Ergo
1946 3227 2054 3272 aliqua
2072 3228 2185 3273 praedi-

1319 3290 1389 3316 cata
1404 3307 1415 3323 ,
1442 3293 1511 3326 quae
1531 3280 1746 3325 praedicantur
1769 3283 1805 3311 in
1823 3277 1911 3319 quale
1933 3302 1944 3319 ,
1971 3279 2185 3323 pra-:dicantur

1319 3326 1527 3367 essentialiter
1542 3356 1550 3363 .
1576 3335 1666 3364 Ratio
1680 3332 1802 3362 minoris
1813 3325 1866 3367 est:
1897 3326 1986 3372 Qia
1999 3339 2099 3363 ornne
2111 3341 2185 3372 prar-

1319 3379 1465 3416 dicatum
1483 3404 1495 3422 ‚
1531 3391 1588 3425 per
1608 3377 1695 3424 quod
1720 3376 1794 3422 apte
1817 3377 1931 3412 satisfit
1950 3378 2119 3423 quaestioni
2138 3381 2188 3414 fa.

1321 3433 1376 3469 sta:
1409 3441 1464 3479 pet
1499 3431 1585 3476 quale
1607 3455 1619 3473 ,
1655 3427 1845 3476 praedicatur
1879 3427 1916 3464 in
1952 3430 2037 3475 quale
2058 3442 2069 3462 .·
2093 3431 2188 3474 atqui

1300 3493 1304 3497 ·
1519 3493 1522 3495 ·
2067 3490 2142 3525 με·
2190 3491 2196 3496 ·
