2384 3770
645 136 803 198 QID
837 123 1092 178 Smivox
1128 130 1281 176 Sues.
1318 129 1438 174 Ess.
1476 131 1614 176 Ace.

291 218 508 253 flantivorum
539 214 719 260 principale
758 213 983 259 significatum:
1004 209 1049 244 est
1074 211 1157 253 quid

289 267 492 307 transcedens
519 265 776 301 substantiam&
796 262 970 301 accidens,
995 272 1066 304 quae
1082 262 1157 296 sunt

287 318 470 363 significata
498 316 587 352 vocis
614 313 831 350 substantialis
854 311 890 345 ’δε
917 310 1154 346 accidentalis:

285 370 364 414 ergo
391 370 490 403 etiam
518 368 577 401 ista
606 363 803 400 substantiva
832 360 927 395 verba
955 362 1028 395 sunt'
1056 373 1153 396 voces

285 419 551 453 transcendentes
578 425 694 449 vocem
721 411 991 451 substantialem,
1017 412 1050 445 ὅ(
1077 412 1157 446 acci·

285 469 470 504 dentalem.
499 466 646 501 Probatur
667 468 762 495 minor
796 476 807 495 :
834 462 910 504 quia
937 461 1154 505 significatum

284 518 461 564 principale
485 526 626 554 vocum,
650 511 738 555 sum,
758 511 847 552 existo
871 536 883 553 ,
904 508 1017 554 subsisto
1039 512 1084 548 est
1111 507 1155 546 esss
1184 523 1186 525 ·

283 569 386 604 sentia
397 593 407 609 ‚
422 565 598 603 existentia
610 587 622 604 ,
648 563 849 597 subsistentia
865 577 877 596 .·
904 562 994 603 atqui
1008 559 1076 596 haec
1090 563 1154 598 tria

281 620 355 654 sunt
381 617 462 663 quid
490 614 635 659 superius
661 612 890 647 transcendens
917 608 1156 652 substantiam}
1183 623 1186 654 ξ

280 671 313 703 δε
337 668 512 702 accidens:
538 676 603 710 ego
626 663 717 698 enim
744 666 779 697 in
806 662 862 696 illa
887 663 1049 704 opinione
1067 663 1152 702 sum,
1182 662 1187 699 ξ

279 728 315 754 ut
344 728 453 763 putem
474 727 541 750 tam
567 714 761 754 essentiam,
775 724 874 756 qnam
894 714 993 747 etiam
1011 711 1152 748 existen⁴¹

278 771 382 808 tiam,
407 768 441 802 &
469 765 701 800 subsistentiam
713 765 775 798 effe
786 762 984 807 quandoque
1005 761 1152 806 substw,

279 820 383 859 tiam,
410 815 787 861 quandoqueaccidens.
816 814 906 857 Ergo
933 812 1068 849 istorum
1082 817 1151 846 ver·'

279 870 395 904 borum
424 867 697 902 substantivorum
725 862 940 907 significatum
969 861 1148 905 principale

276 918 320 954 est
340 918 419 961 quid
448 915 678 952 transcendens
704 912 916 947 substantiam
942 911 1151 965 &accidensg

276 980 344 1013 quae
372 970 444 1002 sunt
474 965 663 1011 principalia
676 963 857 1008 significata
885 962 977 997 vocis
1002 961 1150 1013 substan-j

275 1018 361 1054 tialis
386 1019 419 1052 δε
447 1015 675 1052 accidentalis.
1147 1018 1151 1047 ᾖ

325 1081 355 1116 5.
383 1070 456 1101 Dico
472 1066 619 1111 ſscundb:
647 1074 715 1098 vox
742 1060 917 1098 essentialis
943 1060 1057 1106 paffim
1083 1061 1145 1096 de-

274 1121 389 1154 finitur
416 1117 481 1152 hoc
508 1116 632 1151 modo:
659 1112 715 1154 Est
739 1125 801 1148 vox
824 1138 836 1154 ‚
863 1114 947 1154 cujas
966 1112 1144 1155 principale

266 1167 465 1214 significatum
490 1167 528 1208 est
555 1167 592 1200 de
618 1165 740 1208 essentia
761 1162 911 1207 subsedit,
936 1163 975 1196 de
999 1171 1146 1205 quaprae-

273 1222 414 1253 dicatur.
442 1219 524 1252 Item
546 1227 610 1249 vox
635 1213 845 1249 accidentalis
856 1213 1017 1248 essentiali
1040 1224 1149 1257 oppo->

270 1270 325 1303 sita
350 1268 459 1310 paffim
470 1265 624 1299 definitur
651 1262 715 1297 hoc
743 1262 863 1297 modo:
891 1262 1040 1303 13sson
1061 1264 1149 1303 qu'us,

265 1317 434 1362 principale
449 1314 644 1359 fignificatum
655 1312 694 1351 est
719 1313 757 1346 de
785 1314 903 1356 effi-ntia
924 1311 1051 1355 subja-Hi
1064 1333 1076 1350 ,
1103 1313 1149 1351 de]

269 1380 326 1412 quo
344 1367 551 1410 predicatur.
576 1364 639 1398 Sed
666 1363 750 1397 salva
777 1373 974 1407 magnorum
989 1360 1148 1395 Philoso-

271 1419 415 1463 phorum
442 1417 487 1450 ita
514 1414 745 1449 definientium
770 1412 949 1446 reverentia
969 1410 1148 1447 definitio-¹

270 1480 328 1503 nes
355 1466 403 1501 h'ae
430 1477 498 1501 non
527 1466 659 1498 valent.
687 1461 835 1495 Prdbatur
851 1474 863 1494 ε
888 1470 965 1501 quia
993 1459 1099 1503 potest
1114 1471 1146 1506 ᾳ-

269 1518 358 1562 liqua
374 1527 439 1550 vox
453 1513 569 1549 habere
581 1511 801 1557 significatum
814 1509 952 1544 formale
979 1510 1034 1543 seu
1047 1511 1141 1553 prin-

269 1568 373 1612 cipale
400 1566 499 1600 alicui
527 1563 668 1606 subjeeto
683 1560 876 1601 essentiale,
901 1561 934 1594 &
961 1570 1071 1597 tamen
1085 1560 1139 1594 isti

270 1617 412 1661 subje&o
434 1627 504 1650 non
530 1616 592 1648 effe
613 1624 679 1647 vox
705 1611 915 1651 essentialis-5.
930 1609 1143 1649 sedacciden·

270 1670 368 1703 talis.-
390 1666 548 1711 ergoistae
560 1663 773 1698 definitiones
787 1671 856 1695 non
882 1660 957 1695 sunt
983 1669 1060 1697 cum
1075 1661 1145 1695 suis·

266 1717 415 1753 definitis
441 1713 707 1758 convertibiles&
723 1710 872 1754 adeoque
893 1721 979 1746 non*¹
1001 1710 1145 1748 valent.

267 1768 416 1802 Probatur
428 1765 616 1799 'antecedens
629 1777 640 1798 .·
667 1763 745 1807 quia
758 1773 825 1796 vox
836 1794 838 1796 ,
848 1760 966 1796 animal
979 1757 1085 1802 (habet
1097 1760 1141 1799 si-¹

266 1819 462 1865 gnificatum
479 1817 573 1851 suurn
585 1812 742 1851 formale,
767 1810 925 1849 nimirum
946 1809 1142 1864 animalita-¹

264 1879 333 1904 tem
347 1863 776 1904 humanitaiieffentialem3
799 1871 868 1896 non
891 1870 1001 1896 tamen
1020 1862 1143 1899 animal?

264 1920 404 1961 respectu
427 1915 640 1950 humanitatis
662 1914 706 1947 est
732 1911 1016 1946 voxeffentialis.
1041 1911 1134 1947 Simi-

267 1968 341 2002 liter
365 1978 431 2001 vox
452 1966 568 1997 animal
588 1963 686 1997 habet
699 1960 921 2004 significatum
940 1959 1080 1995 formale
1090 1962 1140 1994 es·-

266 2017 403 2053 sentiale
415 2013 596 2049 irrationali
609 2037 621 2052 ,
641 2012 675 2046 δε
696 2008 964 2044 irrationalitati:
988 2017 1139 2050 narnstt

263 2079 314 2111 ego
336 2069 438 2105 docui,
456 2064 498 2096 ’ὑ
517 2065 615 2096 dicam
636 2067 669 2093 in
689 2058 933 2100 anti-Porpbym
952 2081 964 2097 ,
1003 2059 1137 2106 iniatio-v

263 2117 340 2151 nale
366 2112 507 2150 nonest
533 2121 604 2144 vera
629 2108 811 2142 differentia
840 2117 851 2148 ;
874 2105 1139 2146 sedsolumnm:

260 2167 307 2201 do
327 2159 674 2200 modusessentialiter
701 2155 871 2191 involvens
888 2154 1126 2194 animalitatem

261 2216 279 2250 a
301 2217 333 2249 se
347 2213 545 2249 contractam
557 2223 568 2243 .·
594 2218 701 2252 neque
720 2216 830 2241 tamen
850 2205 965 2238 animal
981 2207 1136 2250 respest‘u·
1160 2233 1162 2235 .

261 2263 483 2301 irrationalis,
510 2269 567 2294 aut
590 2255 846 2292 irrationalitatis
865 2255 913 2291 est
935 2265 1002 2288 vox
1026 2256 1126 2291 effen.

263 2314 348 2348 tialis
369 2336 376 2344 .
406 2311 551 2353 Altaque
567 2307 682 2341 similia
702 2304 859 2346 exempla·
874 2304 1011 2346 possunt
1030 2304 1126 2341 facile

261 2363 382 2399 adduci
400 2362 432 2395 δε
449 2357 633 2404 excogitari
655 2379 663 2388 .
690 2354 782 2399 Ergo
807 2353 912 2396 potest
930 2353 1038 2397 aliqua
1058 2364 1125 2388 vox

260 2413 362 2449 alicui
385 2410 528 2453 subicito
552 2419 621 2441 non
638 2403 897 2445 effesessentialis
912 2426 923 2442 ,
951 2402 985 2436 &
1013 2414 1122 2438 tamen

261 2463 379 2498 habere
400 2459 617 2505 significatum
641 2457 735 2489 suum
756 2451 933 2496 principale
954 2452 1003 2486 illi
1024 2453 1125 2497 subje.

258 2516 310 2548 ἂο
336 2509 502 2546 essentiale
522 2532 530 2539 .
558 2506 654 2550 ,Quod
670 2506 744 2538 verti
761 2506 880 2536 animal
895 2513 953 2535 non
974 2501 1008 2540 lit
1025 2505 1064 2537 de
1081 2503 1134 2547 es-=

253 2563 354 2607 scntia
366 2561 575 2597 humanitatis,
596 2563 648 2589 aut
661 2554 920 2591 irrationalitatis,
938 2561 991 2585 aut
1003 2559 1122 2587 irratio—

258 2614 340 2647 nalis
354 2635 365 2652 ,
373 2618 579 2653 praeterquam
589 2605 670 2648 quod
676 2604 800 2638 evidens
812 2602 886 2639 mihi
896 2603 1039 2636 videatur
1050 2627 1061 2643 ,
1071 2606 1124 2637 ad-

261 2664 317 2697 buc
327 2671 429 2696 tamen
435 2658 526 2701 probo
534 2657 585 2689 boc
596 2652 725 2696 discursu
731 2653 825 2694 plane
833 2662 910 2687 certo
915 2663 950 2686 ac
959 2652 1121 2695 infallibili.

309 2712 341 2748 6.
373 2711 463 2757 Quia
490 2708 513 2741 st
542 2705 664 2740 animal
691 2701 827 2737 foretde
852 2703 984 2737 effentia
1010 2702 1123 2739 huma·

257 2762 397 2800 nitatis,
424 2769 480 2793 aut
507 2753 790 2792 irrationalitatis,
816 2753 1037 2790 etiamomnia
1048 2765 1132 2797 {²¹²2

255 2813 363 2847 dicata
384 2807 561 2844 essentialia
578 2803 735 2843 animali,
753 2803 861 2836 forent
871 2803 1051 2838 essentialia
1060 2805 1119 2839 hu-

255 2860 408 2898 manitati
427 2873 438 2893 .·
468 2869 543 2892 nam
564 2855 654 2899 juxta
676 2853 813 2897 primam
840 2852 983 2897 regulam
1011 2854 1118 2889 Ante·

254 2908 567 2957 praedicamentalem
577 2930 587 2947 ,
604 2903 747 2940 omnino
758 2900 978 2936 infallibilem:
1003 2905 1116 2941 omnia

252 2960 435 2998 essentialia
460 2957 629 3003 praedicata
655 2953 817 2999 praedicati
838 2952 1058 2993 dicuntur-de
1073 2955 1117 2990 isi

253 3013 319 3048 tius
341 3010 501 3056 praedicati
528 3006 670 3050 subjecto
689 3028 702 3042 ,
721 3014 762 3038 eo
788 3003 891 3038 modo
916 3014 983 3047 quo
1005 3004 1117 3051 ¹praedi·

252 3073 363 3097 catum
385 3061 506 3095 dicitur
529 3058 570 3093 de
595 3055 674 3090 illo.
697 3054 803 3095 Atqui
827 3052 892 3087 hoc
915 3055 1116 3097 consequens

251 3111 427 3146 absurdum
451 3110 498 3144 est
523 3121 532 3143 ι
568 3117 648 3151 ergo
675 3105 708 3139 δε
733 3103 766 3137 id
788 3126 800 3144 ,
827 3103 915 3138 unde
950 3104 1113 3148 sequitur.

252 3162 401 3196 Probatur
410 3166 525 3200 minor:
547 3157 624 3202 quia
637 3153 760 3191 animal
772 3153 979 3189 essentialiter
988 3153 1032 3190 est
1045 3155 1113 3199 sup-v

251 3213 395 3256 positum
409 3223 419 3253 ·,
442 3210 589 3252 adeoque
599 3205 794 3250 suppositum
805 3204 850 3238 est
862 3204 994 3239 animali
1006 3205 1114 3249 praedi-

248 3272 360 3296 catum
381 3259 566 3294 essentiale:
593 3256 683 3301 atqui
695 3254 892 3298 suppositum
902 3266 969 3290 non
982 3256 1027 3289 est
1048 3256 1113 3290 hu-

247 3313 399 3346 manitati
421 3307 627 3354 praedicatum
636 3305 824 3346 essentiale3
852 3305 932 3348 quin
949 3304 1053 3347 imme>
1066 3306 1110 3340 est

248 3359 448 3396 humanitati
461 3357 669 3403 praedicatum
682 3366 876 3400 repugnans:
886 3362 918 3394 ut
928 3356 1025 3391 dicam
1033 3356 1110 3400 disp.

245 3410 307 3454 seq.
322 3423 356 3444 ac
369 3416 463 3445 etiam
474 3407 546 3442 aiibi
561 3433 568 3440 .
596 3407 687 3452 Ergo
698 3407 807 3449 aliqua
832 3406 1003 3453 praedicata
1016 3418 1113 3451 ,Uquae

250 3462 323 3496 sunt
335 3459 512 3495 essentialia
524 3458 684 3498 animali,
700 3468 767 3490 non
778 3454 1041 3493 sunteffentialia
1058 3458 1116 3492 hu—

346 3510 451 3550 Christ.
464 3513 544 3551 Lupi
555 3514 656 3551 Opera
678 3509 757 3540 Tam.
771 3508 843 3539 ΧΠ.

1951 140 2051 192 157

1215 211 1389 247 manitati:
1416 211 1564 254 adeoque
1590 223 1695 255 neque
1721 214 1843 255 animal
1868 213 1914 251 est
1924 213 2075 251 humani-

1215 264 1274 298 tati
1299 262 1466 296 estentiaie
1492 260 1716 304 praedicatum.
1824 263 1829 267 ‘

1264 324 1294 360 7.
1325 316 1399 345 Dico
1417 315 1522 346 tertia:
1554 322 1620 346 vox
1638 312 1815 348 essentialis
1835 317 1881 351 est
1910 317 1967 351 illa
1990 341 2001 357 ,
2028 329 2080 357 cu-

1213 362 1262 406 jus
1294 362 1496 408 adaequatum
1526 361 1754 407 <significatum
1786 387 1797 402 ‚
1842 376 1908 400 tam
1954 368 2080 402 scilicet

1215 413 1380 447 materiale
1402 437 1413 453 ,
1455 424 1553 457 quam
1573 412 1714 446 formale
1747 414 1759 455 (
1777 411 1806 453 fi
1817 412 1855 453 sit
1879 426 1937 449 vox
1961 429 2079 451 concre-

1213 472 1247 496 ta
1265 470 1421 506 utrumque
1434 462 1484 496 hoc
1491 461 1684 508 significatum
1692 462 1833 504 babens)
1856 464 1901 496 est
1912 466 1952 499 de
1972 468 2078 503 essen-

1213 513 1261 547 tia
1282 513 1412 555 subiesti
1425 538 1435 553 ‚
1460 514 1580 558 dequo
1593 513 1803 556 praedicatur.
1834 512 1915 546 Vox
1937 516 2014 550 verd
2024 529 2079 552 ac-

1212 562 1383 599 cidentalis
1393 564 1436 597 est
1449 564 1524 604 illa,
1551 563 1642 606 cujus
1654 562 1843 598 alterutrum
1855 586 1866 602 ,
1889 563 2014 598 scilicet
2022 568 2077 600 vel

1211 612 1372 655 formale,
1400 614 1450 648 vel
1464 613 1629 649 materiale
1650 613 1866 658 significatum
1887 623 1957 647 non
1978 613 2024 647 est
2036 616 2077 650 de

1210 664 1346 698 essentia
1367 665 1459 699 istius
1483 663 1641 707 subjesti,
1665 664 1708 698 ad
1720 662 1810 707 quod
1846 672 2078 706 comparatur,
2138 668 2140 671 ’

1212 715 1260 748 vel
1282 715 1323 749 de
1335 726 1402 758 quo
1414 715 1605 757 praedicatur
1615 739 1626 755 ,
1648 725 1676 748 v.
1691 726 1723 760 g.
1738 724 1804 748 vox
1816 714 1951 754 animal,
1974 713 2077 756 homo5‘

1210 770 1321 798 vivens
1334 789 1345 805 ,
1367 763 1549 810 substantia,
1573 766 1632 801 &a
1653 767 1790 808 respeelu
1804 764 1893 803 Petri
1906 774 1962 798 aut
1981 765 2078 808 Joan-

1211 816 1261 849 nis
1273 817 1345 849 sunt
1357 827 1452 849 voces
1463 815 1739 859 essentiales-quia
1749 825 1858 853 earum
1871 814 2076 858 adaequatum

1208 865 1444 909 significatum,
1471 866 1561 909 quod
1576 866 1627 900 est
1651 866 1848 910 suppositum
1860 862 1985 900 habens
2006 866 2076 900 ani-

1210 916 1411 955 malitatem,
1443 918 1578 959 persona
1592 916 1715 950 habens
1735 915 1975 950 humanitatem
1989 940 2001 955 ,
2027 926 2076 949 res

1209 963 1333 1000 habens
1352 967 1480 1006 vitam„
1492 967 1714 1009 perseitatem,
1739 967 1798 1000 &c-
1811 965 1856 1000 est
1877 965 1919 1000 de
1939 967 2075 1001 essentia

1182 1016 1185 1019 ⁴
1209 1015 1362 1057 Ioannis.
1386 1015 1474 1049 Nam
1487 1016 1526 1049 de
1537 1017 1673 1051 essentia
1685 1016 1821 1059 Joannis
1842 1015 1888 1050 est
1914 1028 1983 1050 non
2005 1016 2076 1059 sola

1208 1065 1393 1100 animalitas
1405 1090 1422 1105 ,Α
1437 1066 1683 1110 &humanitas
1713 1065 1765 1102 sed
1786 1068 1915 1110 insuper
1928 1066 2075 1110 suppost-

1208 1117 1329 1157 talitas‚
1339 1116 1373 1150 &
1384 1116 1594 1159 personalitas
1604 1141 1612 1150 .
1629 1116 1677 1152 At
1689 1127 1764 1151 vero
1777 1128 1843 1153 vox
1853 1116 2076 1158 album,stans,

1202 1165 1314 1209 sedens
1326 1190 1338 1206 ,
1364 1167 1494 1208 animal,
1509 1166 1610 1206 homo,
1620 1169 1680 1202 δι’·
1694 1168 1836 1210 respetstu
1849 1166 2077 1208 humanitatis,

1208 1227 1266 1251 aut
1278 1216 1536 1251 irrationalitatis
1545 1241 1558 1256 ,
1569 1219 1644 1252 sunt
1656 1228 1750 1252 voces
1759 1217 1987 1254 accidentales:
1999 1216 2076 1260 quia

1210 1277 1330 1300 vocum
1342 1267 1444 1300 album
1456 1291 1468 1307 ,
1484 1266 1571 1307 stans
1584 1292 1595 1308 ‚
1610 1267 1722 1311 sedens
1743 1291 1755 1308 ,
1771 1266 1991 1312 significatum
2013 1266 2076 1307 forq

1209 1317 1295 1351 male
1307 1317 1360 1359 ,δε
1374 1317 1465 1352 vocis
1475 1319 1592 1351 animal
1598 1318 1814 1362 significatum
1826 1315 1994 1351 materiale
2004 1326 2074 1350 non

1207 1367 1253 1401 est
1266 1366 1307 1401 de
1318 1367 1454 1401 essentia
1466 1365 1699 1406 humanitatis.
1727 1367 1784 1403 Est
1799 1378 1879 1411 ergo
1889 1365 2076 1402 differentia

1209 1417 1294 1451 inter
1304 1428 1418 1461 vocem
1433 1417 1678 1453 substantialem
1689 1417 1724 1454 &
1745 1416 1973 1455 essentialem:
1991 1428 2074 1459 ‚nam

1208 1467 1297 1502 vocis
1306 1467 1555 1503 substantialitas
1565 1470 1598 1503 ὅ(
1608 1467 1828 1503 accidetalitas
1837 1478 1880 1501 ex
1891 1467 1963 1501 solo
1977 1467 2075 1511 figni-

1207 1518 1306 1552 ficato
1317 1518 1470 1561 primario
1481 1519 1514 1552 &
1527 1519 1670 1561 formali3
1684 1529 1717 1552 at
1730 1518 1809 1552 vero
1818 1517 1887 1560 ejus
1899 1517 2073 1553 essentiali<-

1206 1577 1254 1600 tas
1262 1568 1292 1600 &
1304 1568 1525 1603 accide‘talitas
1536 1577 1603 1602 tam
1612 1579 1654 1602 ex
1663 1567 1934 1611 materiali,quam
1945 1567 2074 1610 formali

1205 1617 1349 1662 fignifica
1354 1626 1390 1651 to
1404 1618 1655 1652 attenditur.5ed
1662 1619 1700 1651 de
1714 1617 1766 1652 boc
1769 1616 1878 1660 forsan
1888 1616 1962 1650 alibi
1973 1618 2075 1650 latias.

1256 1664 1285 1702 8.
1297 1667 1391 1701 Hinc
1402 1668 1501 1701 etiam
1518 1679 1583 1702 vox
1593 1666 1804 1703 accidentalis
1815 1667 1938 1711 duplex
1951 1668 1996 1701 est
2010 1680 2016 1699 :
2030 1668 2074 1701 ai-

1205 1727 1271 1751 tera
1286 1741 1297 1756 ,
1308 1728 1379 1759 quae
1391 1716 1606 1760 substantiam
1620 1718 1719 1753 altera
1733 1743 1745 1759 ,
1755 1729 1826 1762 quae
1838 1717 2001 1752 essentiali
2015 1729 2072 1761 op-¹

1203 1768 1334 1810 ponitur
1345 1793 1352 1800 .
1380 1768 1465 1815 Qae
1474 1768 1559 1802 inter
1570 1768 1602 1802 se
1627 1768 1816 1804 nullatenus
1840 1770 1913 1806 sunt
1932 1769 2071 1802 confun-

1201 1818 1327 1858 dendae,
1338 1828 1394 1853 aut
1404 1818 1631 1853 convertenda
1645 1830 1737 1853 :cu-m
1748 1830 1816 1852 nou
1826 1818 2070 1861 convertibiles3

1201 1867 1252 1902 sed
1264 1869 1455 1902 excedentes
1466 1869 1499 1902 ὃς
1513 1870 1649 1904 excessae
1660 1870 1722 1903 sint
1733 1893 1740 1900 .
1766 1868 1857 1903 Nam
1870 1868 1947 1902 licet
1957 1869 2069 1903 multa:

1197 1930 1295 1952 voees
1306 1917 1522 1952 accidentales
1534 1920 1686 1962 oppositae
1701 1916 1879 1954 substatiaii
1889 1919 1952 1952 sint
1964 1918 2066 1957 etiam

1196 1968 1411 2002 accidentales
1420 1967 1572 2011 oppositae
1582 1969 1758 2008 essentiali,
1772 1969 1804 2003 &
1816 1968 1834 2003 ὲ
1845 1979 1970 2012 contra;
1981 1969 2067 2003 mul-

1196 2028 1233 2052 tae
1243 2026 1351 2051 tamen
1363 2019 1467 2051 etiam*
1477 2019 1551 2051 sunt
1562 2019 1780 2054 accidentales
1790 2017 1855 2055 hoc
1867 2019 1981 2061 modc53
1993 2030 2067 2056 non,

1193 2077 1304 2100 tamen
1317 2067 1379 2099 illo
1392 2090 1400 2098 .
1411 2065 1501 2110 Ergo
1512 2066 1560 2100 ha:
1571 2067 1643 2100 duae
1655 2079 1749 2101 voces
1763 2067 1979 2104 accidentales
1994 2070 2064 2114 pos·

1188 2115 1266 2148 sunt
1277 2114 1318 2148 de
1330 2115 1393 2148 sese
1403 2124 1520 2148 mutuo
1531 2115 1767 2158 particulariter
1776 2118 1927 2152 affirmari
1942 2120 1976 2153 δε
2001 2132 2062 2153 ne-

1188 2163 1259 2209 gari
1273 2177 1280 2196 :
1293 2163 1443 2208 adeoque
1453 2165 1527 2198 sunt
1536 2163 1732 2200 excedentes
1744 2166 1778 2200 δε
1788 2168 1921 2200 excessa:
1936 2185 1946 2193 ·
1969 2170 2060 2202 Proh.

1190 2224 1285 2247 antae.
1298 2214 1374 2255 quia
1385 2225 1446 2257 v.g.
1459 2213 1506 2247 hae
1518 2225 1616 2248 voces
1627 2239 1638 2255 ,
1647 2218 1807 2256 rationale,
1820 2216 1934 2258 astina,
1948 2216 2060 2260 discut-2

1183 2261 1282 2303 fivum
1294 2287 1305 2303 ‚
1314 2265 1371 2297 &a
1384 2264 1522 2306 respediu
1535 2265 1686 2299 animalis
1699 2267 1886 2302 sunt.voces
1901 2266 2058 2302 acciden-

1191 2313 1271 2346 tales
1281 2312 1433 2355 oppofitae
1443 2313 1605 2346 essentiali
1620 2324 1713 2347 :cum
1726 2325 1836 2348 earum
1852 2316 2001 2352 formalia
2020 2319 2059 2352 si-

1190 2362 1345 2406 gnificata
1357 2372 1425 2396 non
1434 2362 1494 2396 smt
1506 2362 1692 2397 deessentia
1702 2363 1873 2400 animalis.
1902 2366 1984 2404 Non
2009 2376 2056 2401 ta-

1190 2419 1266 2446 men
1278 2413 1352 2446 sunt
1364 2422 1458 2446 voces
1469 2412 1685 2448 accidentales
1694 2414 1846 2458 oppositae
1867 2413 2055 2450 substantia-

1191 2462 1214 2495 li
1229 2472 1322 2495 :cum
1334 2462 1394 2496 sint
1410 2473 1506 2496 voces
1517 2463 1745 2498 substantiales
1756 2489 1766 2504 ,
1779 2463 1937 2499 habentes
1955 2467 2054 2510 signi-

1179 2513 1320 2546 ficatum
1331 2511 1467 2546 formale
1478 2533 1497 2552 ‚..
1507 2513 1597 2556 quod
1610 2514 1654 2547 est
1668 2514 1847 2548 substantia
1857 2539 1865 2547 .
1894 2516 2052 2551 Similiter

1188 2561 1235 2596 hz
1251 2573 1346 2596 voces
1358 2563 1532 2602 ,coloratum
1547 2587 1565 2603 .,
1575 2565 1665 2605 quale
1678 2588 1688 2604 ,
1699 2563 1936 2609 distregativum
1949 2565 2049 2609 visus,

1189 2613 1262 2645 sunt
1272 2612 1550 2657 accidentalitates
1560 2615 1715 2657 oppositae
1724 2614 1925 2651 substantiali
1939 2629 1954 2658 ;
1981 2628 2050 2650 non

1185 2672 1295 2696 tamen
1309 2663 1390 2696 sunt·
1399 2662 1615 2698 accidentales
1637 2665 1789 2707 oppofitae
1809 2667 1972 2701 essentiali
1988 2691 1998 2706 ,
2024 2666 2047 2701 si

1185 2722 1414 2755 comparentur
1429 2712 1468 2746 ad
1481 2713 1591 2749 album
1604 2727 1617 2757 ;
1629 2715 1770 2758 respectu
1784 2715 1849 2750 albi
1861 2716 1951 2749 enirn
1974 2717 2049 2751 sunt

1186 2773 1281 2796 voces
1301 2764 1496 2798 essentiales.
1516 2764 1616 2809 Ergo
1635 2765 1749 2809 aliqua:
1760 2776 1855 2807 voces
1869 2766 1942 2799 sunt
1966 2768 2048 2800 acci-

1183 2812 1330 2847 dentales
1342 2823 1502 2856 utroque3
1520 2814 1635 2858 aliquae
1646 2826 1722 2849 vero
1742 2815 1895 2850 alterutro
1915 2824 2046 2851 tantum

1180 2861 1284 2896 modo
1295 2886 1303 2895 .
1323 2867 1370 2897 Et
1380 2869 1458 2900 tatio
1468 2866 1488 2896 a
1496 2869 1589 2906 priori
1599 2865 1653 2905 est:
1668 2865 1743 2910 quia
1758 2877 1821 2901 vox
1831 2865 2046 2907 accidentalis

1181 2913 1330 2956 opposita
1344 2912 1547 2949 substantiali
1560 2916 1723 2960 significat
1735 2914 1887 2950 accidens
1898 2914 2046 2960 praedica-

1181 2963 1322 2998 mentale
1332 2976 1347 3006 ;
1358 2975 1424 2999 vox
1436 2976 1513 2999 vero
1524 2966 1735 3000 accidentalis
1744 2966 1908 3000 essentiali
1921 2967 2047 3010 opposi-

1179 3022 1210 3046 ta
1222 3013 1383 3057 fignificat
1394 3016 1546 3050 accidens
1559 3014 1883 3060 praedicabile:.atqui
1893 3014 1962 3051 haec
1974 3016 2044 3053 duo

1177 3063 1359 3098 accidentia
1378 3067 1463 3100 inter
1475 3067 1507 3099 se
1529 3077 1597 3100 non
1609 3063 1832 3100 convertibilia
1844 3078 1854 3108 ς
1875 3065 1929 3101 sed
1953 3077 2045 3102 exce-

1176 3112 1290 3148 dentia
1302 3115 1336 3148 &
1347 3117 1475 3150 excessa
1487 3116 1609 3149 summi
1620 3123 1719 3149 notum
1729 3114 1766 3155 est
1776 3117 1953 3159 intelligenti
1961 3115 2044 3161 hosce

1175 3169 1333 3198 terminos.
1351 3163 1442 3208 Ergo
1452 3159 1551 3198 etiam
1563 3163 1612 3198 hae
1633 3165 1704 3200 duae
1721 3176 1816 3201 voces
1826 3166 2045 3202 accidentales

1177 3213 1250 3246 sunt
1261 3214 1457 3248 excedentes
1466 3238 1478 3254 ,
1503 3215 1538 3248 δε
1548 3215 1684 3250 excessae
1693 3237 1704 3248 .

1225 3263 1372 3305 Suntque
1385 3263 1472 3298 inter
1484 3264 1563 3299 duas
1576 3264 1669 3299 hasce
1677 3265 1981 3310 divifiones,praetet
1991 3265 2040 3302 di-

1175 3311 1240 3344 &as
1250 3312 1357 3346 adhuc
1367 3311 1439 3348 duae
1450 3314 1521 3348 aliae
1531 3314 1738 3350 differentiae.
1755 3319 1860 3350 Prima
1872 3317 1916 3358 eftv
1935 3317 2043 3363 :quod

1175 3360 1293 3395 dentur
1314 3362 1430 3406 aliquae
1450 3376 1546 3399 voces
1568 3366 1789 3410 fignisicativae¹
1810 3391 1822 3408 ‚
1845 3366 1916 3410 quae
1939 3379 2046 3412 neque

1175 3410 1238 3445 fint
1265 3411 1519 3455 substantiales,
1547 3426 1655 3459 neque
1680 3417 1925 3460 accidentales5
1954 3418 2047 3456 nulla

1178 3471 1289 3497 autem
1313 3463 1357 3499 est
1383 3464 1583 3510 affignabilis
1607 3478 1674 3502 vox
1697 3466 1914 3514 significativa
1935 3493 1947 3511 ,
1969 3469 2049 3512 quin

1604 3517 1638 3549 Ο
1692 3527 1711 3563 3
1964 3520 2025 3553 res-
