2384 3770
295 158 369 205 AN
380 155 466 200 510.
482 155 591 198 Anu.
607 146 695 203 Ur
711 154 823 203 Aer:
839 151 930 197 Sto.
942 149 1071 211 RQ
1080 149 1195 199 Coo.
1214 149 1305 194 Sunt
1324 147 1414 195 Im‘.
1435 149 1491 195 ΙΝ
1508 148 1578 193 Eo
1591 150 1614 210 ,“’
1640 152 1729 197 Cot
1745 152 1833 198 Sia.

239 249 334 275 caut.
364 241 423 271 Hoc
433 238 603 281 argumento
617 236 821 279 motiquidaem
831 235 950 270 dicum:
975 233 1106 277 signum

235 287 461 326 arbitrarium,
488 287 528 321 ad
553 288 617 323 hoc
629 297 664 320 ut
677 284 850 332 significet,
877 286 1036 327 requirere
1052 283 1111 315 im-

235 338 406 381 positionis
429 338 488 370 suz
509 337 739 381 cognitionem
764 344 832 368 non
845 334 1030 372 actualem,
1056 333 1109 370 sed

236 387 449 423 solummodo
475 387 659 423 virtualem.
691 381 781 427 Rosa
795 384 928 427 negando
938 380 1110 425 consequen·

236 442 332 472 uam:
362 437 544 474 nullatenus
568 436 658 472 enirn
682 434 844 481 sequiture
870 444 934 477 ego
948 432 1045 466 talem
1060 444 1113 468 co·

235 486 423 532 gnitionem
453 487 485 519 in
507 496 559 519 me
579 495 645 518 non
659 483 825 526 expetiot;
852 494 932 528 ergo
943 482 1040 516 talem
1057 494 1111 516 co-

235 537 422 581 gnitionem
435 537 478 569 in
504 546 555 568 me
577 546 643 567 non
658 531 779 567 habeo.
814 533 903 567 Nam
924 533 1030 567 facilis
1043 534 1100 576 qui

236 587 312 624 dam
338 584 537 629 cytharaedus
562 584 640 617 dum
653 581 853 626 cytharizat,
878 583 1112 624 cytharizatio-

238 636 290 670 nis
311 636 372 669 suae
392 636 458 669 sine
480 633 582 670 dubio
602 634 858 670 intellestionem
880 632 1075 679 dirigentem
1101 657 1112 675 2

240 686 273 722 βε
294 685 488 720 volitionem
515 684 727 727 imperantem
752 707 762 723 ,
788 682 885 717 habet
913 695 922 726 ;
963 693 1110 717 neutram

238 746 346 771 tamen
370 735 404 773 in
426 735 457 769 fe
477 734 639 778 experitur
662 747 674 766 .·
712 732 890 776 cytharizat
912 733 1001 771 enim
1024 732 1110 777 quasi

237 794 305 818 non
330 779 545 823 attendendo,
576 785 610 817 <Sc
633 784 718 827 quasi
739 783 827 817 aliud
854 784 933 827 quid
957 781 1105 829 agendo

236 834 393 873 Similiter
402 834 482 871 dum
498 833 559 867 stas
573 859 584 874 ,
599 835 698 876 sedes,
713 833 919 870 autambulas
932 857 942 872 ,
955 833 1111 874 sessionis,

234 884 404 924 stationis,
431 893 486 916 aut
510 883 742 921 ambulationis
763 893 827 920 tuae
840 883 958 929 absque
971 882 1041 915 ullo
1053 881 1110 917 du·

237 934 294 972 bio
323 938 550 978 cognitionem
565 959 575 973 ,
600 934 632 971 ὃς
656 932 855 968 volitionem
875 932 993 974 habes;
1020 930 1111 968 seffio

236 994 323 1018 enim
336 1008 346 1024 ‚
369 984 509 1018 statio&
528 981 708 1016 ambulatio
730 982 789 1016 tibi
803 983 946 1020 actiones
960 981 1110 1018 humanae

236 1044 274 1068 ac
296 1034 404 1067 liberae
427 1035 520 1071 sunu
546 1044 616 1076 quae
638 1043 676 1065 ex
693 1033 831 1074 imperio
845 1033 1046 1070 voluntatis,
1070 1041 1108 1064 ac

235 1083 411 1119 directione
434 1084 615 1121 intellectus
640 1082 912 1127 progrediuntur:
940 1083 975 1116 &
1000 1092 1108 1118 tamen

238 1133 331 1167 istam
355 1133 583 1177 cognitionem
608 1132 844 1169 &volitionem
856 1132 1020 1175 saepiffime
1033 1133 1064 1164 in
1078 1141 1110 1164 te

237 1194 307 1220 non
327 1183 480 1225 experiris
500 1192 516 1221 ε,
547 1194 611 1227 ego
641 1182 750 1216 saltem
779 1182 867 1219 illam
892 1180 1051 1225 saepissime
1075 1183 1107 1213 in

236 1243 290 1267 me
310 1244 375 1266 non
397 1232 564 1276 experior.
594 1233 683 1277 Ergo
702 1234 807 1272 casia,
834 1243 938 1271 vana,
964 1233 996 1266 &
1024 1232 1110 1264 irrita

236 1283 281 1319 est
303 1280 370 1315 haec
391 1282 620 1328 consequentia
641 1295 651 1314 .·
677 1293 742 1326 ego
762 1282 860 1319 talem
883 1281 1109 1326 cognitionem

239 1333 273 1368 in
288 1342 340 1365 me
353 1342 419 1364 non
432 1332 599 1374 experior;
627 1341 706 1375 ergo
719 1331 808 1365 illam
820 1342 886 1368 non
900 1331 1005 1367 habeo
1019 1354 1030 1370 ,
1058 1341 1110 1364 ne·

237 1391 300 1429 que
322 1382 430 1418 formo
444 1382 476 1414 in
492 1392 560 1414 me.
589 1383 631 1412 Et
643 1381 879 1420 rattofflclara:
900 1383 984 1424 [quia
998 1380 1110 1425 cogni-

237 1432 365 1467 tionem
381 1432 428 1464 vel
445 1433 639 1469 volitionem
654 1432 798 1477 aliquam
811 1433 844 1465 in
857 1433 889 1465 se
914 1431 1051 1475 experiri
1063 1429 1109 1466 est

237 1489 467 1527 coguitionem
491 1482 539 1514 vel
565 1482 759 1518 volitionem
785 1481 873 1514 suam
885 1481 1112 1526 cognoscere,

240 1531 336 1571 seque
358 1533 448 1573 supra
474 1532 543 1564 illas
565 1530 745 1571 reflestere3
772 1531 862 1574 arqui
876 1529 996 1564 habere
1010 1530 1108 1572 posin

241 1590 335 1620 ιιιιις,
358 1591 394 1618 ac
423 1581 500 1623 saepe
517 1579 557 1615 de
577 1582 660 1614 fasto
689 1579 843 1615 habemus
853 1580 1063 1625 cognitiones
1075 1590 1112 1613 ac

240 1632 416 1666 volitiones
444 1654 454 1670 ,
482 1640 559 1673 quas
586 1643 653 1663 non
677 1632 930 1674 cognoscimus,
957 1632 1113 1674 supraque

241 1690 319 1721 quas
333 1692 391 1713 nos
416 1691 481 1713 non
507 1679 721 1714 reflectimus:
749 1681 1042 1714 reflenimusenim
1055 1689 1114 1714 nos

241 1731 450 1774 solummodo
473 1731 563 1773 supra
588 1731 798 1774 cognitiones
816 1732 849 1764 ἀ
862 1730 1039 1767 volitiones
1052 1740 1113 1764 no-

243 1780 292 1816 bis
315 1779 462 1817 difficiles
486 1783 517 1814 dc
541 1781 680 1822 arduas·,
707 1791 787 1824 quas
808 1792 884 1817 cum
897 1779 1008 1824 aliquo
1020 1789 1115 1814 conn-

241 1830 415 1864 tuelicere
437 1827 593 1864 debemus
610 1855 617 1863 .
646 1833 689 1867 At
715 1831 789 1867 vero
803 1832 894 1874 supra
919 1831 1008 1866 astus
1021 1829 1117 1865 uobis

240 1879 371 1920 faciles²
397 1890 480 1923 quos
504 1879 596 1916 nullo
622 1881 780 1924 negotio,
807 1881 840 1920 ὃς
860 1892 900 1914 ex
930 1880 1059 1914 intenso
1079 1889 1118 1913 ac

241 1938 298 1972 pet
330 1929 560 1972 quotidianum
591 1931 786 1967 exercitium
819 1930 976 1971 expedito
997 1929 1115 1963 habitu

242 1977 415 2016 elicimus,
436 1977 599 2014 ordinarie
622 1989 681 2011 nos
703 1990 768 2012 non
783 1978 976 2012 reflectimus
990 2001 999 2010 .
1026 1979 1117 2022 Ergo

242 2025 323 2068 saepe
345 2027 445 2065 etiarn
467 2026 500 2061 in
523 2025 617 2060 nobis
637 2027 848 2071 cognitiones
872 2038 927 2062 aut
944 2028 1117 2061 volitiones

243 2073 418 2116 habemus,
444 2086 524 2119 quas
539 2086 649 2114 tamen
669 2076 788 2114 habete
815 2087 878 2113 nos
899 2088 966 2114 non
987 2077 1118 2123 experi-

249 2134 342 2162 mur«
879 2149 882 2153 Δ

295 2183 347 2222 37.
375 2174 457 2211 Mali
466 2185 532 2218 ergo
541 2181 642 2207 contra
651 2185 698 2208 me
707 2180 928 2219 argumentaris
939 2189 950 2209 :
966 2174 1046 2209 dum
1057 2185 1109 2209 vo-

241 2233 295 2263 ees
307 2225 472 2262 idiomatis
486 2226 644 2265 materni,
669 2236 725 2258 aut
738 2225 970 2269 cujuscumque
982 2226 1115 2260 alterius

240 2274 342 2310 mihi
350 2274 525 2310 firmissime
549 2275 968 2318 noti,&frequentis1ime
984 2275 1130 2308 usitati·
1108 2291 1130 2314 ‚-

240 2322 329 2380 mihi
348 2323 532 2366 significant
543 2346 555 2364 ,
582 2323 751 2358 uullamin
766 2335 818 2358 me
831 2324 872 2360 de
886 2335 996 2358 earum
1011 2326 1117 2367 impo*

241 2358 358 2409 sitione
377 2372 608 2416 cognitionem
618 2374 784 2415 experior3
813 2373 893 2409 item
905 2373 1008 2410 dum
1001 2385 1036 2406 in
1051 2384 1116 2406 ma-

241 2422 321 2460 teria
340 2422 484 2459 evidenti
507 2422 542 2459 &
562 2422 647 2456 clara
670 2433 905 2467 argumentor,
931 2425 965 2459 in
980 2420 1118 2459 inferen

243 2473 287 2510 da
296 2472 512 2510 conclusione
524 2472 652 2506 nullum
664 2471 705 2508 de
718 2471 869 2510 bonitate
879 2475 1118 2518 consequentiae

241 2523 277 2558 in
302 2532 355 2555 me
381 2521 536 2564 judicium
553 2522 702 2564 experior
722 2534 732 2565 ς
758 2533 837 2567 ergo
862 2523 985 2557 nullam
1007 2525 1041 2556 iu
1066 2534 1118 2556 me

239 2572 281 2610 de
317 2570 525 2614 impositione
558 2571 786 2616 cognitionem
807 2596 817 2612 ,
863 2573 1055 2616 nullumque
1077 2572 1117 2606 de

240 2622 389 2659 bonitate
411 2621 649 2665 consequentiae
673 2621 836 2664 judicium
858 2622 890 2658 in
919 2635 971 2657 me
987 2622 1115 2664 habeo.

240 2673 458 2715 Praeterquam
480 2671 570 2704 enim
591 2671 680 2714 quod
702 2671 768 2704 istie
789 2673 1071 2716 consequentiaei
1052 2673 1114 2709 sint

238 2723 328 2758 cassae
351 2721 387 2759 δι,
409 2721 501 2753 irritae
523 2732 537 2761 ,·
565 2731 614 2763 ego
631 2721 676 2753 ad
691 2719 840 2755 hommem
864 2722 1111 2766 argumentabor:

239 2773 319 2806 dum
342 2770 425 2803 mihi
446 2770 632 2814 significant
660 2781 756 2803 voces
781 2772 918 2814 alicujus
947 2772 1131 2807 idiomatis

237 2821 371 2859 externi
388 2831 457 2856 non
474 2818 554 2853 adeo
577 2821 676 2863 usque
697 2820 776 2857 mihi
792 2821 873 2854 bene
886 2824 956 2856 uoti
971 2846 982 2861 ,
1008 2833 1112 2865 expe-

237 2874 305 2907 rior
327 2871 362 2906 in
387 2881 439 2907 me
459 2870 689 2914 cognitionem
707 2869 747 2903 de
773 2881 892 2905 vocum
906 2871 1039 2908 istarum
1053 2873 1113 2906 im-

237 2921 420 2966 positione;
448 2931 526 2964 ergo
548 2930 625 2954 tunc
644 2922 743 2956 talem
766 2922 799 2954 in
815 2932 867 2956 me
878 2921 1110 2964 cognitionem

240 2971 348 3006 habeo
373 2983 380 3003 :
420 2970 508 3014 Ergo
528 2971 548 3004 si
570 2980 650 3004 tunc
673 2969 779 3005 habeo
798 2996 808 3011 ‚
838 2972 958 3011 semper
981 2970 1108 3007 habeo

238 3024 281 3057 Et
308 3019 383 3056 sane
403 3020 492 3063 quod
511 3020 633 3062 semper
654 3020 788 3054 habeam
811 3043 821 3059 ,
856 3020 889 3054 &
915 3020 1032 3055 habere
1055 3021 1108 3057 de·

238 3072 330 3109 bearn
355 3071 430 3104 satis
458 3070 631 3112 probatum
653 3070 697 3104 est
711 3072 818 3113 supra.
848 3071 911 3107 Sed
922 3074 1032 3114 quaerit
1046 3069 1114 3109 hoo

236 3130 496 3166 argumentum:
535 3131 594 3155 cur
623 3119 720 3155 talem
752 3123 983 3166 cognitionem
1008 3120 1113 3157 horno

236 3173 340 3216 magis
351 3170 536 3212 experhtur
548 3171 633 3205 circa
645 3171 920 3214 significationem?
943 3171 1110 3208 idiomatis.

238 3223 343 3256 solum
371 3219 578 3255 mediocriter
603 3221 703 3264 noti,⁴
726 3232 762 3254 ac
775 3220 979 3261 monstrati,
1007 3233 1104 3266 quam

238 3273 321 3310 circa
343 3269 614 3313 significationem
632 3272 798 3306 idiomatis
811 3272 941 3314 egregie
955 3272 1048 3310 noti,
1071 3272 1103 3307 δε

240 3320 418 3356 admodum
441 3320 607 3357 familiaris
624 3322 641 3354 ἒἸ
662 3320 817 3363 Responsio.
834 3327 870 3354 in·
885 3328 1023 3362 promptia
1044 3322 1104 3361 eff:

243 3370 317 3415 quia
336 3393 346 3408 ,
372 3371 491 3409 utijam
504 3370 569 3402 dlxi
580 3394 590 3410 ‚
619 3382 677 3404 nos
690 3372 726 3407 in
739 3371 832 3404 nobis
846 3382 909 3404 non
921 3372 1103 3414 experimur

242 3419 420 3464 quamlibet
440 3421 668 3464 cognitionem
690 3445 700 3462 ,
726 3433 779 3455 aut
804 3421 996 3455 volitionem
1019 3433 1029 3464 3
1056 3423 1108 3456 sed

244 3468 452 3509 solummodo
473 3470 562 3507 illam
576 3494 587 3511 ‚
612 3481 679 3517 quai
701 3472 797 3506 nobis
810 3482 875 3507 non
894 3471 1109 3511 nihildifficl-

1926 163 1947 197 1
1964 163 2018 208 15

1173 233 1213 269 lis
1232 231 1374 269 &ardua
1389 231 1433 264 est
1446 255 1456 272 ,
1482 241 1645 274 quamque
1665 242 1727 266 non
1758 232 1908 268 nificu'm
1929 231 2049 276 aliquo

1174 281 1331 328 negotio,
1357 283 1541 315 attentione
1563 284 1727 317 &camut
1738 285 1850 319 elicere
1860 285 2049 327 postumus:

1171 344 1204 366 at
1229 332 1302 364 vero
1316 332 1403 364 illam
1418 355 1429 371 ,
1456 343 1524 374 quae
1538 335 1633 366 noois
1647 331 1804 363 facnnma
1821 358 1830 371 ‚
1857 331 2055 376 frequentis·

1173 383 1272 419 sima,
1296 380 1535 425 &quotidiana
1560 381 1603 414 est
1621 405 1629 419 ‚
1656 380 1823 414 ordinarie
1846 394 1910 415 mm
1926 382 2050 425 experi-

1173 441 1268 468 mur.-
1295 433 1384 474 atqui
1405 434 1559 475 cognitio
1581 431 1799 465 impositionis
1825 441 1905 463 circa
1930 432 2054 475 signifi·

1172 482 1338 517 cationem
1368 481 1537 516 idiomatis
1558 479 1683 515 exiesui
1704 504 1714 517 ‚
1743 491 1808 511 non
1839 481 1921 513 adeo
1947 486 2051 524 usque

1172 531 1253 568 bene
1276 533 1370 571 noti,
1396 531 1518 565 aerato
1540 531 1670 569 usitati,
1697 530 1742 563 est
1765 530 1854 565 astis
1871 529 1965 563 nobis
1980 542 2050 566 non

1173 581 1254 617 nihil
1276 582 1394 615 arduus
1419 593 1456 614 ac
1482 580 1643 621 diffisilis3
1665 591 1696 613 at
1722 578 1799 611 vero
1822 578 1975 622 cognitio
1991 580 2053 613 im'-

1172 631 1338 686 positionis
1358 633 1443 665 circa
1466 630 1591 677 signific
1614 640 1739 664 tionem
1756 627 1922 663 idiomatis
1936 638 2052 661 mater*

1173 681 1227 721 ui,
1256 691 1310 714 aut
1336 681 1572 727 cujuscumque
1590 681 1722 714 alterius
1744 678 1873 723 egregie
1890 679 1962 712 noti
1977 702 1989 718 ,
2014 682 2051 712 ae

1173 731 1205 764 in
1227 730 1296 764 dies
1316 732 1510 774 frequentati
1533 756 1543 770 ‚
1570 731 1613 763 est
1640 731 1732 763 nobis
1755 730 1911 763 facillima
1936 753 1946 768 ,
1972 739 2054 772 quo·

1171 781 1294 814 tidiana
1318 793 1356 815 ac
1378 782 1443 815 fine
1464 782 1534 816 ullo
1558 782 1694 824 negotio
1708 779 1837 813 elicita:
1863 779 1943 819 quid
1958 778 2057 812 mira*

1171 831 1212 863 ris
1235 841 1313 875 ergo
1335 843 1367 865 te
1392 830 1477 865 hanc
1506 832 1614 865 minus
1638 830 1773 873 experiri
1801 840 1902 873 quam
1931 827 2053 862 istam?

1171 881 1275 936 Qod
1299 883 1332 913 in
1348 882 1605 926 fineargumenti
1618 882 1659 914 de
1672 881 1869 924 cognitione
1879 890 1918 912 ac
1944 878 2055 911 inten-

1172 933 1264 965 tione
1284 931 1398 967 actuali
1419 933 1453 967 &
1477 931 1603 965 virtuali
1624 929 1825 969 adnectitur,
1853 929 1907 965 hic
1934 938 2052 972 tange·

1155 989 1205 1020 ire
1236 980 1337 1013 nolo.-
1367 983 1444 1023 quia
1468 982 1572 1015 nodus
1599 980 1653 1015 hic
1678 981 1849 1024 plusquam
1871 990 1940 1015 uno
1952 977 2052 1012 verbo

1156 1027 1253 1074 {opus
1276 1029 1395 1074 habet·
1422 1041 1632 1067 communem
1657 1031 1776 1075 quippe
1804 1027 2052 1071 philosophiam

1171 1078 1226 1116 hle
1240 1091 1306 1114 non
1319 1055 1432 1123 cap¹¹=0
1462 1091 1567 1123 neqsse
1581 1091 1801 1113 intentionem
1817 1091 1870 1112 au(
1884 1091 1908 1112 C
1908 1077 2052 1122 >gniti0⁶

1173 1141 1247 1164 nem
1275 1130 1444 1163 virtualem
1457 1155 1466 1170 ‚
1496 1131 1580 1163 inter
1605 1129 1803 1163 habitualem
1817 1130 1850 1162 ἀ
1863 1128 2023 1161 actualem
2041 1150 2054 1167 ,

1172 1178 1311 1216 mediam
1334 1180 1505 1229 intelligo.
1536 1179 1614 1213 Hoc
1638 1182 1672 1213 in
1686 1179 1786 1215 libros
1801 1180 1840 1212 de
1852 1179 1962 1212 anima
1982 1177 2054 1221 reji-

1170 1230 1244 1268 cio.

1225 1277 1277 1327 38
1305 1279 1434 1321 objicies
1455 1279 1604 1322 secunda:
1631 1290 1728 1313 voces
1748 1258 1932 1323 fignificant
1953 1276 2059 1321 pueris

1155 1301 1203 1383 {&
1228 1331 1373 1366 rusticis:
1399 1332 1489 1373 atqui
1516 1331 1563 1363 illi
1588 1329 1671 1363 nihil
1694 1330 1734 1363 de
1760 1329 1969 1371 impositione
1992 1327 2057 1360 sci-

1157 1369 1267 1414 ³unt.
1263 1391 1409 1424 ·ergo
1435 1381 1497 1418 &c
1519 1380 1607 1424 Resp.
1631 1381 1766 1425 negando
1788 1386 1948 1411 minorem:
1980 1378 2058 1410 licet

1175 1432 1268 1464 enim
1282 1429 1329 1463 illi
1348 1441 1414 1465 non
1429 1429 1570 1467 habeant
1593 1441 1823 1474 cognitionem
1835 1427 2056 1470 impositionis

1174 1479 1358 1515 distinstam
1372 1505 1382 1520 ,
1409 1480 1633 1515 scholasticam
1647 1505 1656 1519 ‚
1684 1492 1721 1514 ac
1735 1478 1963 1516 doctrinalem,
1978 1488 2054 1520 qua.

1159 1531 1247 1565 lem
1261 1529 1355 1564 habet
1365 1530 1479 1566 dostus
1495 1529 1730 1572 philosophus;
1760 1528 1880 1562 habent
1896 1537 2004 1561 tamen
2019 1525 2056 1559 il-

1157 1580 1244 1626 Ι,Ιίιις
1273 1581 1502 1625 cognitionem
1524 1580 1694 1614 confusam
1716 1604 1725 1617 ,
1754 1580 1787 1615 ἀ
1813 1578 2028 1611 sufficientem
2043 1599 2056 1615 ,

1161 1628 1222 1664 ad
1238 1628 1302 1667 hoc
1327 1640 1363 1663 ut
1394 1640 1487 1663 voces
1511 1630 1575 1664 illis
1598 1629 1778 1674 significare
1798 1628 1937 1670 possint.
1967 1625 2058 1659 Nam

1160 1680 1200 1714 si
1224 1680 1344 1714 rustico
1367 1680 1467 1723 gtaece
1487 1691 1542 1714 aut
1571 1677 1672 1713 latine
1693 1679 1834 1722 loquaris
1857 1690 1866 1719 ;
1897 1676 2004 1711 statim
2030 1675 2062 1708 se

1161 1729 1236 1770 illa
1263 1740 1331 1763 non
1346 1729 1527 1786 intelligere
1547 1729 1777 1773 protestabitur
1794 1752 1804 1768 ‚
1829 1741 1866 1763 ac
1880 1737 1996 1770 rogare
2012 1726 2062 1758 in-

1162 1774 1304 1823 cipiet,
1330 1770 1438 1823 quid·
1433 1791 1529 1815 voces
1545 1779 1609 1813 istae
1633 1779 1842 1823 significent:
1870 1776 1960 1820 quod
1993 1775 2060 1808 evi-

1162 1828 1262 1871 ‚dens
1286 1828 1415 1874 signum
1426 1829 1493 1869 est,
1519 1830 1613 1863 illum
1638 1829 1709 1863 rudi
1733 1829 1846 1863 saltem
1870 1825 2058 1860 &confusa

1181 1877 1321 1921 quadam
1343 1868 1562 1922 impositionis
1590 1879 1711 1921 pollere
1723 1878 1880 1911 scientia.
1907 1875 1987 1909 Hoc
2001 1886 2061 1910 au·

1190 1939 1261 1966 tem
1273 1927 1401 1962 abunde
1412 1929 1485 1962 satis
1495 1929 1540 1962 est
1553 1928 1592 1965 ad
1608 1928 1752 1961 nostrum
1767 1927 1967 1973 propositum
1981 1950 1989 1958 .

1385 2026 1721 2065 DUBIUM
1782 2026 1858 2062 VI.

1233 2128 1280 2161 An
1298 2123 1414 2168 fignum
1437 2125 1631 2158 arbitrarium
1655 2126 1738 2167 poffir
1764 2136 1826 2158 rem
1845 2127 2011 2168 perfefflus

1277 2173 1440 2222 fignificare
1461 2186 1552 2217 quam
1568 2174 1665 2216 fuerit
1698 2175 1737 2207 ab
1771 2176 1963 2219 instituente,

1399 2235 1450 2261 aut
1469 2223 1649 2272 Jiapponentc
1671 2232 1807 2266 concepta
1820 2226 1837 2258 ,ἒ

1356 2323 1489 2359 Uaestio
1509 2323 1575 2358 haec
1587 2323 1732 2358 maxime
1743 2324 1855 2358 locum
1870 2324 1966 2359 habet
1977 2324 2011 2358 in
2022 2327 2059 2360 si-

1373 2373 1445 2418 g'nis
1468 2373 1631 2408 vocalibus
1645 2399 1655 2414 ‚
1683 2374 1745 2407 five
1770 2375 1801 2407 in
1819 2375 1951 2408 vocibus
1965 2376 2061 2420 signi-

1340 2427 1344 2429 ’
1368 2424 1522 2458 ficativis.
1548 2424 1578 2459 Is
1595 2426 1715 2458 etenim
1740 2425 1796 2467 qui
1823 2435 1936 2458 vocem
1957 2426 1998 2458 ad
2022 2426 2059 2459 fi·

1160 2474 1407 2519 gnificandum
1429 2474 1570 2517 imponit
1587 2474 1638 2507 vel
1660 2474 1814 2516 supponit
1830 2499 1840 2514 ‚
1870 2476 1974 2518 primo
1985 2485 2055 2509 rem

1179 2525 1347 2566 concipit,
1373 2524 1406 2560 &
1436 2533 1515 2558 tunc
1530 2535 1643 2558 vocem
1656 2525 1800 2568 aliquam
1812 2524 1969 2567 deputat,
1996 2534 2054 2558 aut

1178 2575 1341 2616 applicat,
1368 2585 1431 2617 qua
1454 2585 1521 2608 rem
1546 2575 1564 2608 ὲ
1590 2575 1620 2608 se
1645 2585 1838 2618 conceptam
1860 2574 2007 2608 audienti
2021 2575 2057 2607 fi·

1178 2626 1333 2668 gnificare
1357 2623 1515 2657 intendit.
1544 2624 1661 2659 Sensus
1686 2636 1766 2669 ergo
1785 2624 1967 2668 quaestionis
1983 2623 2055 2658 est:

1164 2685 1218 2706 an
1246 2686 1308 2707 vox
1335 2678 1457 2716 prolata
1481 2673 1571 2717 poffit
1596 2675 1687 2707 suum
1711 2675 1929 2720 significatum
1951 2675 2055 2718 perfe-

1178 2723 1257 2757 ἂὶὺς
1279 2725 1456 2779 significare
1479 2747 1489 2762 ,
1516 2734 1612 2767 quam
1637 2723 1734 2758 fuerit
1765 2734 1984 2767 conceptum,
2010 2734 2049 2757 ac

1178 2774 1350 2817 fignificari
1374 2774 1537 2809 intentum
1572 2775 1589 2808 a
1610 2775 1809 2817 supponente
1837 2798 1846 2812 ‚
1884 2773 1934 2806 vel
1963 2772 2052 2806 insti·

1177 2835 1288 2857 tuente
1303 2825 1318 2856 ?-
1345 2823 1451 2867 Negat
1467 2826 1590 2861 sanstus
1601 2823 1728 2856 Thomm
1743 2833 1760 2862 1
1773 2833 1830 2865 par
1841 2835 1889 2864 qu.
1898 2831 2006 2871 13..art
2015 2833 2045 2858 1.

1179 2880 1354 2914 incorpore.
1387 2875 1629 2910 Durandusm1
1644 2875 1705 2906 diff.
1734 2887 1775 2910 ,η
1797 2873 1896 2916 quaest.
1919 2885 1944 2906 1.
1958 2881 2050 2908 arnt.

1183 2335 1241 2369 29·

1177 2925 1251 2960 ότι.
1265 2927 1416 2960 Suarez1.
1428 2933 1494 2964 par.
1506 2932 1580 2956 tomo
1598 2924 1682 2959 1.11b
1692 2936 1722 2959 2-
1733 2932 1788 2964 cap
1812 2934 1867 2969 31
1899 2922 1957 2955 Ast
1968 2922 2050 2956 affir-

1177 2984 1242 3007 mat
1267 2977 1367 3006 Scotus
1389 2973 1529 3012 in1.d1st
1544 2987 1586 3010 22
1623 2974 1717 3015 quaes1.
1732 2982 1845 3008 unica.
1873 2972 2044 3005 Theodorus

1175 3023 1333 3070 smifingt
1347 3033 1428 3064 part.
1441 3033 1525 3058 tom-t
1552 3025 1635 3056 traffl.
1644 3035 1669 3059 ι
1684 3022 1759 3063 αΙιῙρ.
1774 3033 1803 3067 7.
1818 3022 1917 3065 quaest
1935 3032 1956 3056 a.
1981 3023 2043 3065 §3

1174 3076 1287 3108 Moli'na
1305 3083 1394 3115 [Mpaer
1407 3076 1504 3116 quaell.
1515 3086 1552 3120 13
1578 3085 1630 3105 art
1647 3085 1671 3108 ι.
1684 3071 1760 3114 dis-P·
1770 3085 1796 3110 1·
1816 3069 2042 3112 GabrielVasq.

1171 3128 1205 3156 ln
1232 3126 1358 3157 eundem
1384 3122 1514 3166 ejusdem
1537 3123 1639 3165 ᾳαῶμῐϊ
1642 3131 1704 3156 onis
1717 3125 1894 3156 articulum:
1923 3121 2044 3165 aliique

1171 3174 1266 3206 multi
1289 3199 1295 3206 .
1325 3174 1460 3220 Qibus
1480 3185 1544 3217 ego
1564 3176 1705 3208 omnino
1727 3184 1806 3217 puto
1825 3175 1887 3206 esse
1914 3170 2055 3206 (ιιὶιίιειίᾳ

1149 3222 1334 3259 bendum

1218 3283 1274 3317 40.
1303 3277 1414 3311 Ratio„
1437 3282 1495 3314 qua
1507 3284 1623 3305 moveor
1641 3297 1650 3312 ,
1677 3273 1713 3311 est
1729 3273 1812 3306 haec:
1840 3271 1916 3315 quia
1933 3280 2054 3308 vocem

1170 3326 1262 3359 suum
1276 3322 1497 3366 significatum
1507 3324 1677 3365 perfestius
1689 3325 1868 3366 significare
1878 3320 2051 3361 audienti,

1172 3384 1268 3415 quarn
1281 3373 1379 3405 fuerit
1401 3382 1603 3414 conceptum
1626 3383 1663 3406 ae
1688 3373 1858 3416 significari
1885 3367 2055 3406 intentum

1173 3426 1190 3458 a
1216 3425 1378 3466 loquente
1401 3433 1455 3455 aut
1476 3422 1688 3462 instituente,
1714 3423 1758 3457 est
1784 3430 1901 3457 vocem
1913 3416 2054 3455 suumn!

1173 3473 1373 3521 gnificatum
1399 3470 1551 3507 audienti
1583 3473 1765 3517 significare
1806 3471 2004 3554 perfectior}
2015 3479 2059 3504 ae

1927 3531 1969 3555 no
1996 3531 2017 3555 ι-
