2384 3770
404 158 499 208 174

775 136 1094 189 Drsriurm:
1134 134 1211 189 1X.
1246 128 1390 188 D‘fi'n‘.
1427 140 1505 188 VI.
1542 134 1635 187 Sec.
1676 136 1755 201 111.
1887 139 1916 164 ⁵·

365 221 517 256 flendam
544 223 748 266 absolutam,
773 236 810 260 ac
836 235 890 269 per
917 224 1086 259 subsistens
1111 221 1239 256 absolu·
1279 228 1414 271 :quaevis
1427 239 1489 261 vox
1501 218 1689 261 communis
1702 222 1827 268 respicit
1841 226 1894 261 sua
1908 216 2078 260 individua
2091 220 2102 258 :⁴
2128 229 2165 259 ut

366 281 437 305 tum
464 285 472 304 ι

364 332 434 355 non
446 322 565 359 divinae
575 336 692 366 naturae
705 324 727 369 ς’
742 327 794 360 sed
807 325 994 363 divinarum
1008 323 1213 371 personarum
1227 336 1234 356 :

364 382 403 410 ut
415 373 646 418 elegantiffime
656 376 848 414 traditidem
862 375 940 418 Joan
947 384 1001 406 nes
1013 373 1106 407 Rada
1117 384 1192 406 tomo
1204 384 1235 422 3.

365 423 542 472 controvers
554 437 584 462 2.
606 435 666 460 art.
679 439 708 464 2.
734 427 824 471 Ergo
844 436 911 460 vox
937 426 1014 456 Deus
1029 423 1063 457 in
1079 424 1236 463 redicim-¹

364 473 504 518 mediate
528 475 707 520 significare
732 476 827 510 debet
850 487 918 509 non
929 474 1040 509 divina
1051 474 1229 522 supposita3

364 523 417 557 sed
428 521 492 558 hoc
504 525 669 561 subsistens
680 527 864 561 absolutum
876 549 884 559 .

365 588 371 596 ¹
414 584 471 621 54-
500 576 542 609 Et
564 575 685 617 haecest
700 577 804 615 ratio,
829 574 958 618 inquit,
985 573 1072 608 idem
1086 574 1178 608 Rada
1191 583 1232 606 to·

362 635 409 656 mo
424 636 450 660 1.
460 623 556 669 supra
564 633 657 663 citato
669 651 679 667 ‚
705 637 762 659 cur
773 627 795 658 s1
808 636 871 661 tres
885 625 1019 659 Divina:
1032 625 1178 661 Personat
1189 625 1227 658 ad

356 675 524 710 mitatem
536 677 687 722 suppositi
699 677 746 711 sui
767 676 959 710 assumerent
969 674 1106 709 eandem
1121 674 1230 709 huma·

360 726 499 760 nitatem
515 751 525 767 ,
538 739 618 761 *vox
641 726 723 759 bomo
733 725 925 771 significaret
937 724 1126 760 immediate
1143 725 1176 758 in
1186 735 1232 764 re·

361 777 413 809 sto
426 787 494 810 non
507 777 639 821 aliquod
659 777 826 817 subsistens
841 776 1025 810 absolutum
1039 777 1072 810 ὅ(
1084 786 1230 810 commu·

358 826 519 870 nicabile,
549 827 602 860 sed
625 827 813 861 immediate
840 828 906 871 ipsa
925 826 1039 860 divina
1053 826 1228 869 supposita.

357 877 448 909 Ratio
473 901 484 917 ,
513 879 648 920 inquam
663 902 674 918 ,
697 877 737 918 est
759 877 822 911 baec
846 889 853 909 ε
880 877 957 922 quia
983 887 1050 916 vox
1073 887 1227 910 concreta

352 926 555 960 substantiva
580 927 797 962 substantialis
818 929 852 960 in
876 928 962 960 recto
986 926 1172 967 immediate
1195 927 1230 959 si-

353 977 492 1020 gnificat
505 976 587 1010 illud
600 977 769 1011 subsistens
781 1002 791 1017 ,
817 977 971 1021 illamque
983 976 1227 1017 subsistentiam}

350 1028 410 1069 per
419 1036 515 1068 quam
527 1026 665 1061 subsistit
689 1027 908 1072 significatum
921 1026 987 1070 ejus
996 1027 1155 1061 formale:
1182 1037 1224 1060 at-

353 1076 412 1117 qui
435 1077 469 1109 in
483 1078 581 1118 casu;
606 1079 673 1122 quo
684 1077 797 1116 eadem
821 1076 1007 1117 humanitas
1020 1078 1225 1111 assumeretur

352 1124 371 1158 a
392 1125 494 1162 tribus
515 1124 661 1170 personis
677 1128 819 1168 divinis,
848 1138 927 1162 tunc
950 1126 1137 1161 humanitas
1156 1137 1223 1160 non

351 1174 532 1212 subsisteret
547 1182 607 1224 'per
628 1177 859 1212 ssibfistentIam
871 1177 1072 1219 absolutam;
1105 1177 1158 1211 sed
1172 1187 1225 1220 per

350 1224 563 1262 subfistentias
575 1229 738 1262 relativas:
768 1229 944 1268 subsisteret
957 1252 967 1267 ‚
996 1229 1129 1271 inquam
1144 1251 1155 1267 ,
1171 1238 1226 1270 per

350 1275 480 1311 divinas
492 1279 758 1322 suppofitalitates
769 1304 780 1319 ,
794 1280 846 1312 seu
860 1278 1100 1321 personalitates
1111 1301 1119 1308 .
1135 1278 1224 1324 Ergo

349 1326 450 1361 etiarn
475 1328 540 1362 isto
561 1330 634 1363 casu
664 1339 728 1362 vox
750 1328 976 1361 homoinrecto
991 1326 1179 1361 immediate
1190 1327 1221 1360 fi·

347 1376 520 1421 gnificaret
534 1389 602 1411 non
613 1378 747 1422 aliquod
762 1379 946 1412 absolutum
958 1377 1146 1422 subsistens3
1170 1377 1222 1411 sed

347 1426 461 1460 divina
480 1427 643 1471 'suppofita
667 1428 690 1468 ,'
713 1429 774 1461 ssve
796 1429 963 1471 personaS.
992 1430 1083 1461 Patet
1107 1430 1221 1460 minor:

348 1477 427 1519 quia
439 1477 503 1510 isto
515 1479 589 1517 casu
604 1476 790 1512 humanitas
805 1477 978 1511 subsisteret
993 1489 1047 1521 per
1061 1475 1222 1511 subsisten-

347 1527 430 1560 tiam
452 1527 543 1561 istius
562 1527 781 1567 subfistentis,
807 1528 825 1561 ὲ
849 1539 916 1571 quo
928 1528 968 1561 ad
982 1529 1138 1562 unitatem
1157 1526 1221 1560 sub

346 1575 494 1610 sistentiae
506 1579 712 1611 assumeretur
724 1590 735 1610 .·
763 1577 853 1621 atqui
882 1578 914 1610 in
930 1578 991 1611 isto
1002 1579 1076 1611 casu
1091 1577 1219 1611 assume«

347 1636 436 1660 retur
463 1637 530 1661 non
554 1626 572 1659 ὲ
596 1626 781 1661 subsistente
794 1627 963 1670 absoluto;
994 1627 1223 1670 sedasupposi-

347 1677 391 1709 tis
415 1678 466 1709 seu
490 1676 651 1719 personis:
679 1687 759 1721 ergo
781 1678 880 1710 etiam
896 1676 1073 1710 subsisteret
1089 1687 1156 1710 non
1169 1688 1223 1719 per

343 1725 584 1760 subfistentiam
597 1724 778 1765 absolutam
791 1739 805 1769 ,-
824 1726 878 1760 sed
887 1736 941 1775 per
953 1725 1223 1771 suppositalitates

347 1775 414 1808 ssve
427 1775 671 1818 personalitates
683 1802 690 1810 .

400 1836 419 1872 5
425 1837 454 1872 5.
483 1829 528 1858 Et
539 1825 607 1859 binc
615 1828 741 1860 ulterius
746 1836 836 1870 patet
849 1840 855 1859 :
870 1827 1014 1862 dabilem
1028 1828 1090 1861 esse
1099 1827 1223 1866 casum,

346 1876 385 1910 in
400 1887 467 1919 quo
480 1886 593 1916 voces,
607 1875 702 1908 ‘bomo
715 1877 748 1910 &
760 1878 898 1918 animal,
929 1877 1062 1921 aliaeque
1083 1877 1222 1915 similes,

346 1928 385 1961 'sn
421 1925 636 1970 significando
671 1926 908 1968 aequiparentur
935 1938 989 1969 per
1014 1930 1127 1960 omnia
1151 1927 1221 1959 voci

346 1980 448 2010 Deus.
477 1976 570 2009 Pone
591 1977 681 2010 enim
697 2001 707 2016 ‚
732 1976 874 2020 aliquam
896 1975 1137 2010 humanitatem
1152 1978 1221 2008 uni-

349 2027 379 2060 ri
401 2038 468 2060 non
496 2027 596 2060 alicui
619 2026 740 2060 divinae
762 2025 1032 2069 suppositalitati'·,
1060 2024 1112 2059 sed
1128 2025 1217 2059 subsi-

350 2078 475 2111 s’tentiae
496 2076 654 2110 essentiali
679 2076 833 2108 abtoluxae
844 2078 856 2116 (
868 2086 962 2117 quem
974 2077 1083 2107 casum
1098 2075 1222 2117 poffibi-

347 2129 417 2160 *lem
437 2127 498 2159 esse
515 2128 635 2159 docent
656 2124 886 2166 quamplurimi
906 2123 1080 2166 Theologi
1097 2135 1163 2156 non
1179 2125 1222 2154 in-

353 2176 439 2210 fimas
450 2187 532 2208 notae
543 2176 556 2217 )
568 2185 647 2207 tunc
659 2184 724 2207 vox
736 2173 838 2220 bomo,
865 2173 896 2205 δε
910 2184 975 2206 vox
996 2175 1113 2205 animal
1123 2173 1155 2205 in
1170 2182 1218 2205 re-

355 2226 408 2259 Cio
438 2225 626 2258 immediate
654 2222 883 2267 significabunt
908 2222 1076 2255 subsistens
1099 2222 1219 2256 absolu>

355 2287 427 2310 tum
439 2276 472 2310 δε
482 2274 638 2318 supposita
651 2273 861 2306 solummodo
874 2272 1016 2304 mediate
1033 2284 1040 2302 :
1070 2270 1148 2307 ficut
1159 2271 1222 2313 jam

356 2326 426 2360 dixi
445 2327 485 2358 de
496 2334 574 2357 voce
588 2326 668 2366 Deus
681 2346 688 2352 .
716 2324 746 2354 Β
749 2330 761 2352 t
768 2320 912 2363 probatur
923 2322 1020 2353 eodem
1030 2330 1222 2364 argumento:

356 2376 432 2420 quia
446 2371 511 2409 voit
521 2370 674 2408 eone-reta
696 2371 893 2404 substantiva
910 2370 1128 2404 substantialis
1140 2372 1172 2402 in
1182 2381 1221 2403 re-

356 2428 410 2460 fio
422 2422 773 2467 immediatesignificat
795 2420 876 2454 illud
889 2421 1057 2454 subsistens
1070 2445 1079 2459 ‚
1107 2431 1159 2462 per
1172 2432 1219 2453 cu>

356 2476 407 2520 jus
418 2473 653 2509 subsistentiam
665 2471 800 2505 subsistit
813 2470 1000 2504 immediate
1009 2470 1222 2515 significatum

357 2526 426 2570 ejus
436 2524 572 2559 formale
589 2536 599 2556 .·
627 2522 716 2564 atqui
738 2522 800 2555 isto
812 2521 887 2554 casu
914 2519 1101 2554 humanitas
1113 2521 1145 2554 ὃ(
1159 2521 1224 2553 ani·

358 2575 485 2610 malitas
498 2571 684 2611 immediate
708 2583 773 2604 non
790 2582 844 2614 per
856 2569 1144 2614 suppofitalitates;
1173 2570 1223 2603 sed

358 2636 414 2670 per
442 2624 675 2660 subsistentiam
696 2620 877 2656 absolutam
901 2619 1119 2662 subfisterent3
1141 2615 1226 2665 'ergo

358 2676 460 2712 etiam
473 2687 536 2710 vox
564 2672 648 2706 bomo
660 2696 671 2712 ,
696 2672 729 2705 δι
749 2682 815 2704 vox
825 2671 943 2703 animat
952 2671 985 2703 in
999 2672 1084 2709 resto
1098 2680 1166 2703 non
1180 2669 1225 2703 di-

357 2727 435 2759 vina
455 2724 631 2769 suppofita·.
660 2721 711 2757 sed
724 2721 944 2766 significarent
957 2720 1146 2755 immediate
1158 2720 1224 2756 sub·

358 2775 466 2810 sistens
475 2773 659 2809 absolutum
673 2797 680 2804 .

411 2825 468 2872 56.
496 2825 645 2858 Probatur
668 2826 760 2856 etiam
780 2820 910 2865 fecunda
932 2819 1113 2862 conclufionis
1134 2827 1207 2861 pars
1220 2841 1242 2859 „

356 2876 466 2921 scilicet
484 2876 562 2918 quod
583 2873 633 2906 boc
646 2883 749 2906 nomen
762 2872 853 2906 Deus
866 2873 976 2904 divina
983 2869 1131 2913 supposita
1141 2876 1173 2901 in
1184 2880 1225 2902 re-

362 2925 551 2970 Hofignt'ficet
563 2924 710 2958 mediate.
740 2923 828 2971 Qia
851 2932 918 2955 vox
938 2925 1017 2953 Deus
1043 2920 1075 2953 in
1099 2921 1183 2952 recto
1193 2919 1228 2951 si-

362 2977 499 3022 gnificat
508 2974 618 3008 divina
642 2973 799 3016 supposita
816 2985 823 3004 :
849 2972 960 3016 atqui,
986 2978 1018 3003 ut
1030 2967 1169 3012 ostensum
1179 2968 1228 3008 est,

364 3038 432 3061 non
444 3025 601 3072 significat
621 3024 675 3056 illa
689 3021 897 3057 immediate:
925 3031 1004 3065 ergo
1017 3019 1177 3064 fignificat
1193 3018 1226 3051 il-

365 3078 393 3110 la
407 3074 561 3110 mediate.
590 3074 737 3106 Probatur
762 3074 876 3114 major:
905 3071 980 3115 quia
995 3071 1104 3104 omnis
1118 3080 1182 3102 vox
1195 3069 1227 3101 in

364 3129 450 3161 resto
466 3126 624 3171 significat
648 3124 738 3157 illam
763 3133 854 3161 rem,
879 3121 920 3155 de
941 3132 1005 3164 qua
1026 3119 1231 3163 praedicatur:

365 3183 409 3210 uri
435 3178 545 3219 quippe
565 3177 636 3216 jam
663 3174 731 3206 dixi
751 3174 926 3215 aliquoties,
955 3171 988 3204 in
1005 3169 1232 3213 praedicatione

367 3228 554 3260 affirmativa
579 3224 787 3268 praedicatum
814 3248 824 3263 ,
858 3223 892 3256 &
915 3221 1088 3264 subjeetum
1111 3220 1233 3262 semper

368 3274 451 3308 idem
464 3275 680 3320 significatum
704 3274 824 3307 rectum
838 3271 955 3305 habere
967 3271 1088 3305 debent
1100 3294 1107 3302 .
1129 3267 1233 3312 Atqui

367 3334 433 3356 vox
455 3329 531 3358 Deus
558 3324 750 3359 affirmative
773 3322 962 3366 praedicatur
984 3322 1024 3354 de
1036 3320 1158 3354 divinis
1168 3320 1235 3362 sup·

368 3373 492 3416 positis:
519 3386 597 3418 ergo
620 3376 652 3408 in
675 3376 758 3407 resto
771 3372 931 3417 significat
943 3371 1121 3415 supposita.
1150 3371 1249 3403 Pne-¹

373 3430 473 3454 terea:
501 3434 567 3456 vox
582 3427 660 3455 Deus
684 3425 717 3457 in
731 3422 832 3458 modo
853 3424 912 3456 suo
925 3418 1128 3466 significandi
1143 3411 1252 3464 respist·

510 274 771 322 suppofitalitates
788 276 876 310 enim
899 276 974 308 sunt
998 271 1204 312 subsistentiae
1225 297 1236 314 2
1279 263 1425 318 ltradunt
1438 277 1618 313 scholastici
1629 276 1852 311 communiter
1868 287 2001 311 omnes:
2030 277 2164 311 Sanstus

1280 322 1445 379 JThomas
1461 341 1489 365 1-
1500 338 1580 369 part.
1595 327 1691 369 quaest.
1697 336 1747 375 39.
1766 326 2042 372 art.4.Gregorius
2055 327 2160 360 Arim.

1279 382 1323 412 §in
1338 389 1365 413 1.
1376 378 1439 417 diff
1449 390 1479 428 4⁴
1489 378 1591 421 quaest.
1615 384 1703 410 unica
1714 401 1721 408 .
1749 375 1885 410 Gabriel
1900 375 1997 417 quest.
2011 385 2042 410 2.
2055 387 2115 410 art.
2128 386 2159 410 2.

1291 427 1461 468 conclusione
1473 439 1505 464 2.
1521 428 1563 462 Et
1575 426 1798 472 expressissime
1812 427 1847 460 in
1861 424 2006 458 terminis
2018 422 2160 460 Ludovi-

1292 488 1349 512 cus
1363 478 1495 511 Molina
1506 487 1581 511 tomo
1594 489 1623 514 2.
1634 483 1666 510 in
1679 487 1707 514 ι.
1716 485 1796 518 part.
1807 475 1964 520 quest-23·
1977 482 2068 517 ονλψ
2082 475 2158 520 dlsp.

1292 538 1321 561 2.
1339 528 1443 574 Atqui
1463 539 1528 562 vox
1539 528 1726 562 communis
1737 528 1789 560 sua
1804 524 1974 560 individua
1987 535 2056 558 non
2067 525 2160 570 signi-

1291 575 1366 611 ficat
1381 577 1567 612 immediate
1578 590 1591 620 ;
1620 578 1670 610 sed
1683 575 1890 610 solummodo
1904 575 2062 609 mediate:
2083 586 2162 619 ergo

1291 626 1435 661 similiter
1456 627 1514 662 ista
1539 639 1604 662 vox
1617 630 1698 660 Deus
1711 626 1820 660 divina
1833 626 1989 672 supposita
2003 624 2163 670 significa-

1291 675 1337 711 bit
1349 675 1558 711 solummode
1571 678 1709 711 mediate·
1720 701 1727 709 .

1342 739 1396 774 57.
1423 732 1468 761 Et
1489 734 1568 760 ratio
1588 730 1609 760 ἃ
1617 731 1710 769 priori
1722 725 1759 764 est
1772 738 1782 758 :
1809 725 1882 767 quia
1897 737 1990 760 voces
2004 735 2162 759 concretae

1289 776 1492 812 substantivae
1511 777 1733 815 substantiales
1744 776 1821 810 sicut
1834 776 1868 808 in
1879 778 1964 811 resto
1975 776 2162 820 significant

1290 828 1481 868 immediate
1501 828 1584 862 illud
1612 827 1812 874 subsistens,¹
1828 827 1859 859 in
1887 836 1953 867 quo
1975 836 2085 860 earum
2097 826 2162 859 fiar-

1291 878 1374 913 male
1396 878 1612 923 significatum
1626 876 1983 927 subsisiitimmediate;
2010 877 2055 909 ita
2070 876 2102 908 in
2115 885 2161 908 re-

1289 930 1341 966 sto
1361 929 1544 974 signis-icant
1566 927 1705 962 mediate
1728 927 1809 960 illud
1822 926 2013 965 subfistens',
2042 926 2074 958 in
2090 936 2159 968 quo

1287 990 1397 1016 earum
1421 978 1555 1013 formale
1577 979 1791 1023 significatum
1824 976 1960 1010 subiistit
1984 974 2124 1008 mediate
2150 988 2157 1007 :
2212 973 2216 977 '

1268 1039 1270 1041 ’
1289 1030 1377 1074 atqui
1402 1030 1516 1064 Deitas
1537 1027 1713 1072 principale
1735 1039 1772 1061 ac
1794 1025 1928 1060 formale
1939 1026 2158 1070 significatum

1290 1081 1379 1113 vocis
1392 1083 1472 1112 Deus
1495 1080 1572 1113 licet
1587 1090 1653 1111 non
1676 1077 1818 1110 subsistat
1830 1088 1886 1120 per
1897 1076 2026 1110 divinas
2043 1078 2160 1118 suppo-

1288 1130 1475 1172 sitalitates3
1504 1128 1638 1163 subsistit
1659 1137 1767 1161 tamen
1784 1127 1817 1159 in
1832 1126 1953 1159 divinis
1965 1126 2151 1168 suppositis.-

1288 1190 1322 1213 ut
1345 1180 1509 1223 eleganter
1537 1178 1637 1212 tradit
1659 1178 1752 1211 Rada
1778 1186 1852 1209 tomo
1873 1185 1904 1222 3.
1932 1181 2039 1208 citato.
2069 1176 2159 1219 Ergo

1287 1240 1353 1263 vox
1376 1233 1454 1262 Deus
1465 1228 1561 1262 debet
1574 1230 1606 1261 in
1622 1229 1707 1261 recto
1722 1225 1898 1271 significare
1922 1226 2030 1259 divina
2046 1226 2159 1268 suppo-

1287 1280 1339 1316 sita
1350 1279 1462 1316 saltem
1488 1278 1642 1313 mediate.
1670 1278 1736 1311 Hic
1748 1277 1911 1310 calamum
1923 1275 2159 1308 fist0&multa

1286 1327 1474 1366 adducenda
1500 1327 1719 1363 non’a'dduco
1743 1339 1750 1358 :
1786 1325 1862 1369 quia
1894 1326 2066 1369 negotium
2093 1324 2158 1358 hoc

1288 1390 1352 1413 non
1378 1380 1473 1423 plane
1497 1378 1790 1419 summulisticum3
1819 1376 1871 1409 sed
1893 1378 1992 1408 etiam
2007 1371 2160 1408 Theolo-

1284 1431 1394 1474 gicurn
1407 1431 1451 1462 est
1464 1455 1471 1461 .
1501 1428 1669 1467 Disputari
1690 1426 1744 1460 hic
1768 1425 1868 1460 etiam
1881 1425 1980 1468 posset
1993 1423 2034 1457 de
2046 1424 2162 1466 suppo·

1285 1475 1400 1513 sitione
1413 1479 1504 1512 vocis
1518 1480 1612 1509 Deus:
1644 1474 1815 1520 quomodo
1828 1474 1948 1508 scilicet
1962 1485 2020 1516 pro
2034 1473 2159 1507 divinis

1286 1529 1450 1572 suppositis
1464 1527 1686 1571 supponatur?
1714 1525 1777 1559 Sed
1797 1523 1878 1559 alibi
1902 1525 2008 1558 forsan
2035 1523 2160 1557 etitlo·

1284 1590 1340 1614 cus
1365 1580 1468 1623 magis
1480 1586 1685 1621 opportunus
1701 1600 1709 1608 .

1333 1626 1388 1674 58.
1421 1628 1570 1661 Alteram
1592 1622 1818 1659 difficultatem
1838 1650 1848 1665 ,
1877 1622 1947 1667 qu‘ae
1970 1621 2078 1668 tangit
2103 1626 2158 1656 vo·

1284 1678 1445 1712 cembomo
1465 1702 1476 1717 ,
1516 1687 1628 1710 monet
1661 1674 1754 1709 nobis
1783 1674 1898 1708 Petrus
1925 1672 2157 1715 VVadingus‚

1286 1726 1494 1763 Summulisia
1517 1725 1595 1768 hinc
1620 1726 1696 1759 inde
1716 1735 1781 1759 non
1807 1723 1996 1758 inconditus
2019 1736 2026 1755 :
2055 1728 2085 1754 t'n
2105 1720 2159 1765 suo

1284 1777 1371 1811 traH.
1392 1778 1428 1810 de
1447 1778 1555 1809 divina
1578 1780 1728 1808 Incarnat.
1751 1770 1826 1816 disp.
1844 1783 1895 1819 13.
1921 1773 1990 1805 dub.
2020 1783 2050 1818 3.
2082 1770 2157 1806 Ubi

1287 1827 1376 1868 vult,
1404 1826 1492 1876 quod
1507 1838 1570 1860 vox
1582 1825 1664 1859 bomo
1683 1824 1765 1858 olim
1778 1824 1874 1857 fuerit
1887 1822 2061 1867 synonima
2079 1831 2156 1854 curn

1287 1876 1565 1917 vocehumannas,
1592 1875 1642 1909 vel
1656 1874 1740 1908 certe
1763 1874 1851 1917 quod
1865 1871 2013 1906 habuerit
2030 1870 2111 1904 duas
2122 1871 2156 1904 fi-

1287 1928 1515 1971 gnificationes
1539 1951 1549 1965 ,
1576 1927 1630 1959 seu
1652 1924 1873 1967 impositiones
1898 1935 1906 1954 :
1934 1930 2033 1954 unam
2054 1945 2065 1960 ‚
2092 1931 2157 1962 qua

1288 1975 1484 2021 significabat
1501 1975 1698 2018 suppositum
1723 1972 1939 2006 humanitatis
1959 1983 1968 2012 ς
1995 1972 2130 2003 alteram
2144 1993 2157 2009 ,

1286 2038 1349 2070 qua
1372 2026 1474 2060 solam
1498 2023 1738 2058 humanitatem
1759 2018 1961 2065 significabat
1984 2045 1991 2052 .
2031 2019 2157 2054 Funda-

1286 2084 1417 2108 mentum
1430 2099 1440 2114 ‚
1460 2084 1522 2115 ‘quo
1545 2083 1678 2106 movetur
1699 2097 1710 2112 ‚
1732 2072 1770 2112 est
1791 2071 1862 2104 boc:
1892 2079 2009 2103 vocum
2030 2069 2159 2112 impoli-

1287 2125 1413 2166 tionem
1441 2133 1479 2156 ac
1507 2121 1780 2166 significationem
1806 2120 1930 2153 noviffe
1955 2126 2084 2161 oportet
2114 2130 2157 2151 ex

1286 2172 1458 2206 communi
1479 2171 1536 2205 usu
1559 2172 1702 2204 virorum
1713 2169 1906 2204 doctorum:
1934 2171 2157 2211 atquiomnes

1287 2224 1393 2257 Sansti
1406 2221 1516 2255 Patres
1528 2221 1638 2264 passim
1648 2221 1798 2262 usurpant
1811 2228 1924 2252 vocem
1937 2217 2019 2250 bomo
2029 2243 2039 2256 ‚
2067 2227 2102 2251 ut
2116 2217 2158 2251 sit

1287 2271 1461 2313 synonima
1476 2273 1549 2305 voci
1563 2268 1756 2303 humanitas:
1785 2279 1865 2312 ergo
1878 2268 1928 2300 vel
1939 2266 2020 2300 olim
2033 2266 2095 2300 fuit
2108 2267 2156 2308 sy-

1290 2322 1422 2354 nonlma
1449 2344 1461 2362 ,
1485 2320 1534 2353 vel
1561 2319 1674 2352 habuit
1696 2319 1776 2352 duas
1801 2317 2027 2360 impositiones
2052 2314 2158 2350 modo

1287 2371 1472 2413 jamdicto.
1502 2370 1601 2407 Maior
1612 2367 1648 2409 est
1660 2365 2049 2408 clara.wnoremprobae:
2079 2366 2157 2408 quia

1289 2420 1373 2464 apud
1395 2430 1511 2454 omnes
1534 2420 1669 2452 Sanstos
1683 2417 1792 2452 Patres
1806 2415 2022 2461 vulgatissima
2035 2414 2079 2449 est
2089 2413 2158 2449 haec

1291 2470 1491 2516 propositio,
1522 2471 1604 2502 Deus
1628 2466 1774 2510 affumpfie
1794 2466 1954 2499 bominem.
1983 2465 2068 2513 Qae
2080 2465 2158 2498 falsa.

1289 2532 1325 2553 ac
1337 2520 1484 2554 haeretica
1504 2517 1549 2552 est
1562 2543 1572 2557 ,
1600 2517 1658 2550 nisi
1685 2518 1717 2550 in
1729 2527 1765 2549 ea
1778 2526 1843 2549 vox
1856 2516 2047 2547 bomtnemsrt
2061 2516 2159 2556 syno-

1291 2571 1376 2603 nima
1398 2580 1473 2604 cum
1497 2579 1578 2601 voce
1601 2566 1836 2598 humanitatem.
1866 2563 2034 2607 Additque
2047 2562 2158 2606 aliqua

1289 2619 1420 2652 Parrum
1443 2615 1651 2656 testimonia,
1677 2615 1856 2648 dicentium
1881 2624 1993 2648 vocem
2010 2611 2093 2646 bomo
2103 2612 2160 2647 ali-

1287 2667 1419 2711 quande
1431 2676 1609 2711 pronatura
1627 2689 1638 2705 ‚
1663 2664 1844 2707 aliquando
1858 2673 1915 2706 pro
1927 2664 2061 2707 persona
2071 2664 2159 2697 usur·

1287 2719 1354 2762 pari
1377 2731 1389 2757 .-
1415 2714 1595 2762 aliquande>
1620 2714 1798 2762 fignificare
1824 2713 1909 2749 hanc
1932 2738 1944 2756 ,
1979 2711 2160 2759 aliquando

1288 2769 1377 2802 illam
1390 2793 1397 2800 .
2085 2759 2091 2767 ¹

1337 2828 1391 2865 59.
1420 2815 1561 2851 Modum
1575 2814 1664 2850 hunc
1677 2813 1834 2861 loquendi
1846 2824 1912 2847 non
1924 2812 2046 2847 damno
2063 2837 2074 2853 ,
2088 2823 2160 2846 nou

1287 2877 1408 2914 arguo:
1436 2877 1578 2902 attamen
1604 2866 1707 2909 magis
1733 2864 1923 2897 crediderim
1950 2873 2065 2897 vocem
2075 2861 2160 2895 bomo

1289 2919 1361 2952 istas
1383 2918 1463 2952 duas
1489 2916 1734 2960 impositiones,
1756 2915 1809 2947 seu
1821 2913 2071 2958 significationes
2086 2922 2173 2946 nou·

1290 2969 1453 3010 habuisse;
1480 2965 1534 3000 sed
1559 2968 1678 3009 semper
1699 2974 1738 2997 ex
1761 2965 1816 2996 sua
1839 2962 2156 3007 originariaimposi-

1289 3020 1379 3054 tione
1401 3017 1589 3062 fignificasi'e
1611 3014 1805 3059 suppositum
1828 3012 2059 3046 humanitatis:
2088 3011 2159 3054 sup·

1290 3070 1429 3113 positum
1452 3065 1582 3111 quidem
1601 3066 1635 3100 in
1654 3065 1760 3105 resto3
1787 3062 2019 3096 humanitatem
2033 3058 2160 3095 veroin.

1289 3119 1446 3163 obliquo.
1475 3116 1540 3151 Cui
1562 3114 1648 3149 nihil
1670 3113 1793 3152 officit,
1821 3113 1909 3155 quod
1924 3111 2031 3144 Sancti
2046 3110 2159 3144 Patres

1290 3181 1360 3203 eam
1373 3166 1569 3212 quandoque
1580 3177 1638 3208 pro
1651 3165 1718 3199 sola
1738 3162 1942 3196 humanitate
1955 3161 2135 3204 usurparint
2147 3171 2158 3191 τ

1290 3231 1331 3252 ex
1345 3217 1408 3252 hoc
1421 3218 1510 3251 enim
1529 3215 1599 3251 duae
1612 3212 1831 3258 impositiones
1845 3211 1895 3245 illi
1910 3211 2096 3245 nullatenus
2106 3210 2162 3243 de-

1291 3267 1370 3302 bent
1382 3266 1530 3315 assignari
1540 3290 1548 3297 .
1575 3263 1736 3308 Alioquin
1750 3263 1839 3295 enim
1849 3271 2013 3305 oporteret
2028 3272 2096 3295 non
2111 3260 2162 3292 so·

1291 3318 1359 3352 lum
1370 3319 1445 3352 voci
1456 3317 1537 3350 bomo
1544 3327 1559 3358 ,⁴
1584 3313 1638 3348 sed
1658 3314 1756 3348 etiam
1770 3312 1966 3354 cuicumque
1977 3310 2069 3345 alteri
2083 3309 2160 3342 voci

1292 3378 1454 3403 concretae
1518 3375 1584 3400 tam
1605 3362 1828 3402 substantiali,
1856 3372 1954 3405 quam
1977 3359 2162 3394 accidenta-

1293 3419 1316 3452 li
1334 3443 1344 3458 ,
1371 3429 1439 3453 tarn
1454 3392 1658 3450 sdbstantivae
1670 3436 1681 3453 ,
1705 3424 1804 3457 quam
1815 3411 1975 3454 adjefflvae
1987 3434 1997 3450 ,
2023 3409 2162 3452 affigna-

370 3471 417 3507 cit
437 3471 549 3507 divina
572 3474 755 3516 suppofita;
781 3474 861 3508 sieut
882 3483 948 3506 vox
968 3471 1069 3512 bomo,
1094 3480 1151 3504 aut
1172 3465 1255 3506 atial-
1293 3479 1326 3505 re
1335 3469 1414 3504 duas
1425 3466 1561 3503 diversas
1582 3464 1827 3510 impositiones:
1853 3461 2009 3501 alteram,
2033 3470 2099 3503 qua
2110 3458 2163 3492 su-

2053 3507 2119 3543 bie·
