2384 3770
400 98 491 145 108

350 188 449 217 unam
459 185 593 223 gentem
610 174 942 222 suntfignfficntivae,
965 176 1051 222 apud
1072 176 1211 215 alteram

349 239 419 265 non
439 227 534 270 sunt3
557 229 591 263 Θ
611 231 686 264 ratio
695 228 755 268 est.-
782 229 862 274 quia
893 238 988 268 voces
1009 227 1163 266 habentes
1181 240 1212 265 a-

348 277 414 322 pud
432 288 532 313 unam
551 288 683 322 gentem
700 287 822 325 vtotam
843 278 1010 315 essentiam
1038 279 1120 325 [igni
1135 303 1147 320 ,
1172 290 1210 313 a·-

346 326 413 372 pud
431 328 565 365 alteram
582 337 685 364 totam
705 329 788 374 signi
808 329 977 363 essentiam
989 340 1058 365 non
1077 329 1210 372 habent;

345 386 426 423 ergo
439 389 552 423 voees,
571 390 639 423 quae
649 378 732 422 apud
756 390 854 415 unam
865 389 998 422 gentem
1023 380 1096 414 sunt
1110 378 1210 424 signa,

345 428 433 472 apud
451 429 584 466 alteram
599 439 668 465 non
702 430 777 464 sunt
804 454 812 463 .
851 428 1000 464 Probatur
1020 438 1113 463 antee,
1136 429 1214 473 quia

346 481 395 514 uti
414 479 485 515 dixi
507 477 585 522 disp.
610 491 640 518 2.
663 478 732 514 dub.
759 478 791 515 6.
815 476 871 521 sub
887 477 1000 520 finem,
1026 490 1095 515 tota
1113 481 1215 514 effen·

296 539 301 543 ·
345 530 392 564 tia
402 529 484 575 signi
502 529 660 564 arbitrarii
680 541 748 564 non
770 529 815 563 est
839 527 905 563 sola
915 529 1110 573 significatio
1133 530 1214 572 apti·

345 580 523 624 tudinalis;
543 579 597 614 sed
616 579 661 613 est
671 577 867 624 significatio
877 578 1104 628 aptitudiqalis
1118 578 1214 615 simul

344 641 421 665 cum
441 632 495 665 sua
510 629 737 673 impofitione:
759 628 852 671 atqui
880 638 974 662 voces
1000 627 1086 670 apud
1111 638 1212 664 unam

344 690 479 725 gentem
500 680 655 715 habentes
682 679 920 722 impositionem
942 701 953 718 ,
989 676 1076 723 apud
1111 678 1211 713 aliam

343 729 554 773 impositione
564 739 694 771 carent3
713 739 791 774 ergo
805 738 899 764 voces
910 729 999 772 apud
1020 738 1119 764 unam
1134 738 1213 772 gen·

343 788 411 814 tem
432 790 536 815 totam
557 779 639 823 figni
660 779 827 815 essentiam
850 776 1005 814 habentes
1023 802 1035 821 ,
1060 778 1146 822 apud
1165 778 1213 817 al·

343 838 443 866 tetam
462 841 531 865 non
553 828 677 865 habent
698 829 790 863 illam
814 838 918 863 totam
938 850 947 861 .

464 926 1087 967 DUBIUMII.

397 1030 478 1073 ,ραι
498 1053 508 1068 ,
533 1028 567 1061 θ
600 1029 697 1070 qualis
713 1026 753 1070 fit
773 1027 910 1070 praefata
923 1026 1000 1072 figni
1023 1026 1150 1068 divisio?

342 1075 373 1117 8.
482 1077 604 1113 Raefata
622 1079 706 1122 signi
729 1078 845 1115 divifio
861 1078 907 1113 est
930 1078 1120 1122 adaequata,
1146 1077 1205 1112 im·

496 1128 663 1169 mediata,
689 1127 857 1169 univoca,
882 1140 922 1163 ac
946 1127 1074 1173 generis
1096 1127 1130 1160 in
1143 1128 1206 1170 spe—

338 1177 403 1212 cies
414 1201 425 1218 ‚
449 1179 530 1221 quod
545 1174 709 1235 adaequata
724 1189 758 1213 ac
777 1179 954 1220 immediata
973 1176 1007 1217 lie
1020 1188 1035 1218 ς
1043 1176 1199 1219 probatur.

338 1229 416 1272 quia
438 1228 556 1263 divisio
577 1229 740 1272 adaequata
772 1240 810 1263 ac
841 1226 1030 1264 immediata
1051 1226 1098 1261 est
1119 1226 1176 1262 illa
1188 1250 1200 1268 ,

335 1276 373 1318 in
390 1289 453 1321 qua
475 1276 619 1313 membra
632 1277 690 1313 sub
710 1277 814 1314 diviso
832 1276 1021 1313 immediate
1031 1276 1203 1310 continen-

337 1337 389 1362 tur
400 1350 417 1366 „
435 1328 469 1362 δι
481 1340 558 1363 cum
568 1327 676 1364 diviso
687 1338 924 1365 convertuntur
933 1339 948 1368 ;
972 1328 1063 1371 atqui
1076 1326 1202 1371 signum

337 1377 481 1411 naturale
505 1379 539 1415 ec
564 1377 770 1416 arbitrarium
794 1402 806 1419 ,
836 1389 907 1420 quae
929 1375 983 1411 hic
998 1376 1144 1413 membra
1155 1375 1203 1410 di-

335 1425 478 1463 videntia
498 1428 592 1473 sent,
616 1438 693 1463 eum
715 1428 806 1474 signo
835 1428 869 1462 in
890 1427 1059 1464 communi
1082 1425 1135 1462 hic
1153 1426 1202 1461 di·

334 1477 405 1511 viso
425 1485 679 1519 convertuntur,
701 1489 739 1513 ae
761 1477 950 1513 immediate
966 1476 1024 1511 sub
1048 1475 1108 1511 illo
1126 1486 1200 1510 con·

334 1526 504 1561 tinentur:
531 1527 582 1560 vel
601 1527 624 1560 si
648 1527 712 1562 hoc
729 1539 827 1572 negas
849 1552 861 1569 ,
886 1528 928 1562 da
950 1525 1032 1561 mihi
1055 1525 1200 1563 membra

338 1576 577 1613 immediatiora
598 1588 637 1611 ac
661 1577 845 1621 adaquata:
872 1576 1021 1614 Probatur
1041 1581 1110 1610 min.
1125 1576 1200 1620 quia

334 1625 391 1659 illa
412 1625 555 1660 membra
580 1626 759 1661 dividentia
793 1636 1029 1663 convertuntur
1048 1636 1125 1659 cum
1147 1626 1201 1661 so-

334 1676 369 1709 lo
388 1674 515 1718 diviso,
540 1687 611 1720 quae
634 1677 717 1711 intra
731 1679 821 1713 suum
841 1677 981 1713 divisum
1004 1675 1132 1709 nullum
1145 1674 1200 1709 ha·

334 1725 413 1759 bent
437 1725 605 1768 medium;
632 1727 687 1760 illa
712 1726 832 1763 etenim
853 1726 928 1762 talia
950 1726 1045 1765 sunt,
1067 1736 1102 1759 ut
1116 1723 1199 1763 nihil

333 1773 541 1809 contineatur
556 1775 612 1810 sub
623 1776 729 1813 diviso
741 1801 751 1816 ,
774 1777 855 1821 quin
867 1778 967 1811 etiam
990 1776 1199 1811 contineatur

333 1823 393 1858 sub
414 1823 505 1868 ipfis:
531 1825 621 1867 atqui
635 1826 763 1870 signum
786 1826 976 1862 naturale&
997 1824 1199 1861 arbitrarium

334 1874 420 1909 intra
453 1884 556 1909 totam
575 1874 657 1918 signi
679 1875 886 1910 latitudinem
918 1875 1048 1910 nullum
1080 1873 1199 1909 habent

334 1923 501 1966 medium;
529 1923 656 1958 nullum
678 1924 797 1968 quippe
815 1924 860 1961 est
882 1923 1039 1966 affignare
1060 1923 1200 1966 signum,

334 1973 422 2017 quod
444 1985 549 2016 neque
571 1975 716 2009 naturale
738 1998 749 2014 ,
785 1984 890 2017 neque
913 1972 1117 2008 arbitrarium
1142 1972 1197 2009 sit:

332 2023 412 2069 ergo
432 2023 498 2058 haec
519 2023 662 2058 membra
687 2023 869 2057 dividentia
889 2033 965 2057 curn
990 2023 1047 2057 suo
1059 2033 1200 2056 conver-

334 2083 448 2108 tuntur
469 2074 596 2108 diviso.
625 2073 772 2107 Probatur
791 2078 860 2104 min.
881 2072 958 2115 quia
979 2070 1199 2106 contradicto-

334 2124 400 2162 ria,
418 2133 455 2157 ae
477 2124 728 2157 etiamextrema
752 2121 885 2162 pontiva
907 2119 1109 2153 involventia
1124 2129 1199 2152 con-

335 2170 560 2207 tradi-stionem
578 2195 589 2210 ‚
609 2170 737 2204 nullum
759 2169 879 2204 habent
901 2169 1046 2203 medium
1066 2179 1076 2203 ;
1108 2168 1198 2212 atqui

336 2221 406 2256 haec
426 2220 571 2254 membra
591 2218 772 2255 dividentia
785 2243 796 2259 ,
823 2218 942 2253 scilicet
963 2218 1091 2262 signum
1104 2229 1199 2253 natu·

335 2271 403 2306 tale
421 2269 671 2305 &arbitrarium
684 2292 695 2308 ‚
722 2269 796 2303 sunt
816 2269 885 2302 duo
895 2278 1040 2303 extrema
1064 2268 1198 2310 positiva

336 2320 539 2355 involventia
559 2317 873 2354 contradictionem:
906 2329 981 2352 nam
1001 2318 1127 2361 signum
1146 2329 1199 2350 ar-

336 2370 505 2404 bitrarium
527 2368 573 2402 est
597 2367 629 2401 id
643 2392 654 2408 ,
681 2367 770 2411 quod
800 2367 897 2401 habet
915 2368 1093 2411 potentiam
1107 2366 1199 2410 signi-

336 2420 457 2455 ficandi
475 2418 660 2463 expeditam
685 2418 726 2452 ab
748 2418 928 2452 extrinseco
949 2429 959 2462 ·,
985 2416 1130 2451 naturale
1150 2427 1198 2450 ve·

335 2469 373 2504 ro
393 2470 438 2504 est
460 2469 494 2504 id
515 2468 605 2512 quod
626 2467 806 2510 potentiam
821 2466 1019 2512 significandi
1038 2464 1136 2500 habet
1146 2478 1199 2500 ex·

335 2521 478 2562 peditam
499 2518 540 2552 ab
562 2518 757 2557 intrinseco,
783 2527 854 2558 quae
873 2515 942 2550 duo
965 2514 1196 2549 manifessefibi

336 2580 454 2603 mutuo
471 2567 699 2603 contradicunt
711 2590 721 2606 ,
737 2577 816 2610 ergo
828 2566 894 2600 haec
907 2564 973 2599 duo
986 2565 1129 2599 membra
1146 2566 1198 2599 di·

335 2618 482 2654 videntia
505 2618 590 2652 intra
608 2627 710 2653 totam
727 2617 809 2663 signi
831 2615 1039 2652 latitudinem
1068 2614 1197 2652 nullum

336 2669 460 2704 habent
480 2668 642 2702 medium.

387 2730 418 2765 9.
446 2719 537 2761 „Quod
554 2723 681 2752 univoca
698 2742 708 2758 ‚
724 2719 757 2753 er
772 2721 889 2762 gener-Is
903 2722 934 2749 in
950 2714 1062 2760 species
1079 2713 1119 2756 fit
1133 2739 1143 2754 ‚
1172 2726 1197 2748 e-

336 2768 582 2810 ttamprobasur,
606 2767 682 2809 quia
693 2768 807 2801 divisio
818 2767 944 2812 generis
966 2767 1000 2800 in
1023 2765 1141 2806 species
1153 2764 1198 2799 est

338 2819 416 2858 illa,
445 2819 478 2851 in
499 2829 564 2860 qua
586 2817 727 2851 divisum
745 2816 791 2851 est
811 2828 914 2861 genus
937 2817 1077 2859 respectu
1099 2826 1199 2850 mem-

339 2869 469 2903 brorum
487 2865 702 2903 dividentium
712 2879 726 2909 ;
752 2867 982 2911 atquifignum
1010 2866 1043 2898 in
1054 2875 1199 2899 commu-

339 2918 374 2950 ni
394 2916 447 2951 hic
470 2917 609 2951 divisum
638 2918 777 2960 respestu
799 2916 956 2953 arbitrarii
982 2915 1017 2949 ὃ(
1038 2913 1194 2948 naturalis

339 2968 443 3009 ipsum
464 2965 678 3000 dividentium
689 2966 734 3000 est
756 2977 878 3011 genus:
904 2964 984 3009 ergo
997 2963 1061 2999 haec
1082 2962 1200 3001 divisio

339 3017 384 3050 est
401 3018 527 3062 generis
548 3018 580 3050 in
606 3017 746 3060 species,
770 3016 917 3060 adeoque
927 3014 1022 3052 fimus
1045 3014 1199 3048 univoca:
1220 3030 1224 3034 «

339 3078 440 3101 omne
460 3066 548 3099 enim
571 3077 672 3109 genus
698 3066 902 3109 praedicatum
934 3064 1113 3099 univocum
1137 3064 1200 3098 esse

338 3117 453 3152 debet.
481 3115 626 3149 Probatur
638 3122 705 3149 min.
716 3118 791 3159 quia
803 3126 908 3160 genus
918 3114 963 3148 est
977 3114 1197 3158 praedicatum,

295 3192 300 3196 .
339 3165 427 3209 quod
453 3165 638 3209 praedicatur
660 3166 869 3202 essentialiter
900 3165 942 3198 de
971 3164 1084 3198 multis
1109 3163 1199 3200 diffe-

339 3216 483 3249 rentibus
502 3216 607 3259 specie
632 3215 665 3248 in
686 3217 744 3250 suo
770 3215 953 3260 significato
975 3213 1103 3251 formali
1125 3224 1133 3246 ι
1160 3213 1201 3246 de

339 3265 603 3305 quadefinitione
629 3265 732 3300 multa
757 3265 819 3299 tibi
843 3265 951 3302 dicam
964 3265 999 3298 in
1027 3263 1200 3307 Anti-por-

339 3311 458 3356 phyrio
485 3326 493 3345 τ
541 3314 631 3359 atqui
673 3315 816 3359 signum⁴
840 3316 875 3349 in
924 3314 1096 3349 communi
1145 3313 1204 3347 res-

338 3364 432 3405 pectu
458 3366 610 3399 naturalis
636 3365 670 3399 &
696 3364 855 3400 arbitrarii
891 3365 938 3400 est
963 3365 1028 3406 tale
1054 3362 1220 3440 praediea-¹

333 3416 406 3449 mm
428 3422 509 3457 ergo
524 3412 571 3446 est
591 3425 711 3458 genus:
740 3414 905 3451 Probatur
939 3419 1054 3451 minor:
1079 3414 1154 3459 quia
1166 3412 1199 3448 fi-

875 69 1197 139 nntium.
1249 90 1328 160 111,
1385 90 1529 140 Dm.
1579 94 1690 148 11..v

1281 177 1476 223 gnificatutn
1487 179 1626 214 formale
1648 175 1742 222 hujus
1755 180 1930 224 concreti,
1949 180 2152 227 fignum,'est

1277 229 1428 273 ¹potentia
1438 228 1647 274 significativa
1667 231 1709 264 ad
1729 230 1976 274 significandum
1988 235 2151 278 expeditu

1280 288 1316 314 ue
1329 281 1400 320 jam
1412 282 1576 322 'aliquoties
1600 279 1712 314 didam
1737 282 1772 315 ὁ·
1789 280 1947 323 probatum
1970 283 2010 323 est
2029 297 2044 317 .·
2060 288 2151 329 atqui

1279 331 1430 372 potentia
1452 330 1663 375 significativa
1687 329 1727 364 ad
1749 329 2002 374 significandum
2018 338 2152 379 expedi·

1279 388 1332 419 ta,
1359 390 1430 423 quae
1455 380 1500 414 est
1518 380 1552 415 in
1578 380 1672 425 figno
1693 380 1888 420 arbitrario,
1912 381 1958 414 est
1985 383 2149 426 speciedi.

1282 429 1370 464 versa
1390 429 1432 463 ab
1455 430 1510 464 illa
1530 455 1541 470 ‚
1563 441 1633 474 quae
1657 431 1702 464 est
1726 431 1759 464 in
1782 431 1920 470 naturali
1945 444 1956 464 .·
1979 441 2057 476 ergo
2079 432 2148 470 haec

1278 477 1347 513 duo
1371 479 1459 523 signa
1483 480 1652 516 differunt
1671 480 1776 524 specie
1805 481 1840 515 in
1871 480 2053 527 significato
2083 481 2148 519 for.

1279 527 1356 562 mali
1388 528 1471 572 signi
1511 542 1518 562 :
1559 529 1640 574 ergo
1678 531 1700 564 fi
1729 542 1808 565 num
1850 531 1896 566 est
1939 531 2147 575 praedicatum

1279 576 1483 620 praedieabile
1503 579 1545 614 de
1559 579 1671 613 multis
1682 542 1905 615 digfferentibus
1916 581 2019 625 specie
2039 581 2075 615 in
2086 584 2147 618 suo

1277 627 1460 672 significato
1479 629 1631 663 formali.
1658 630 1808 664 Probatur
1830 638 1923 664 minor
1947 643 1956 665 ;
1993 632 2069 674 quia
2092 643 2148 676 po-

1278 678 1378 711 tentia
1401 678 1614 722 significativa
1635 679 1677 712 ad
1700 679 1949 723 significandum
1974 682 2146 725 expedita,

1275 738 1345 771 quae
1364 726 1409 763 est
1434 729 1467 761 in
1491 727 1587 772 figno
1608 728 1779 763 arbitrario
1797 754 1808 769 ,
1840 730 1885 764 est
1908 732 2027 765 entitas
2056 732 2144 767 illius

1275 778 1357 821 signi
1381 776 1475 812 simul
1495 789 1570 812 cum
1593 777 1680 814 illius
1703 779 1909 823 impositione
1930 806 1942 823 ,
1973 782 2036 816 five
2054 782 2145 817 adsi-

1274 827 1498 870 gnificandurn
1523 828 1755 874 deputatione3
1779 831 1924 872 potentia
1949 830 2025 867 vero
2047 831 2144 875 signi·

1273 877 1400 912 ficativa
1422 878 1461 912 ad
1484 876 1738 922 fignificandum
1761 880 1911 923 expedita
1925 904 1936 922 ‚
1962 892 2032 924 quae
2054 882 2099 914 est
2121 882 2140 915 a

1272 929 1364 971 figno
1381 929 1543 970 naturali,
1568 929 1612 962 est
1629 929 1718 963 illius
1736 930 1857 965 entitas
1876 941 1952 963 cum
1976 931 2064 967 illius
2077 942 2141 978 na·-

1271 978 1364 1011 turali
1385 978 1425 1013 ad
1448 979 1540 1012 suum
1553 978 1773 1022 significatum
1801 980 2130 1023 connexione&pro

1271 1027 1447 1070 portiom,-
1473 1028 1584 1073 atqui,
1607 1034 1651 1060 uti
1669 1036 1759 1070 patet
1773 1053 1783 1069 ,
1810 1028 1875 1065 haec
1898 1029 1966 1063 duo
1988 1031 2063 1066 sunt
2076 1031 2141 1073 pla*

1270 1077 1310 1113 ne
1329 1077 1500 1118 distimsta,
1521 1090 1559 1112 ac
1578 1077 1682 1120 specie
1703 1078 1828 1112 diversa
1850 1091 1858 1111 :
1885 1080 1966 1123 ergo
1989 1083 2137 1124 porentia.

1268 1127 1479 1170 significativa
1499 1127 1540 1161 ad
1553 1126 1800 1171 significandum
1812 1127 1983 1170 expedita,
2010 1141 2078 1172 quae
2089 1131 2135 1164 est

1267 1176 1300 1208 in
1325 1176 1519 1215 arbitrario,
1538 1176 1583 1211 est
1606 1177 1711 1219 specie
1737 1176 1886 1215 distiniia
1905 1177 1948 1212 ab
1962 1178 2018 1215 illa
2032 1202 2043 1220 ‚
2067 1190 2138 1226 qua

1265 1226 1308 1261 est
1331 1226 1365 1259 in
1391 1226 1527 1260 naturali
1554 1225 1665 1271 figno.

1318 1284 1368 1313 10-
1395 1275 1521 1310 obiectes
1542 1278 1657 1317 primi:
1688 1275 1807 1319 species
1831 1276 1968 1316 divisivae
1992 1277 2135 1319 ejusdem

1263 1325 1409 1369 genem,
1436 1326 1604 1369 praesertim
1627 1326 1649 1359 fi
1673 1337 1821 1361 mutuam
1842 1328 2135 1364 contradiffionem

1263 1374 1437 1410 involvant
1455 1400 1466 1416 ,
1491 1375 1611 1411 debent
1631 1374 1688 1410 sibi
1702 1386 1817 1410 mutuo
1831 1388 2006 1420 repugnate
2019 1390 2028 1421 3
2043 1379 2135 1421 atqui

1263 1425 1388 1470 signum
1412 1424 1612 1461 arbitrarium
1635 1426 1670 1461 ὅ(
1693 1426 1837 1463 naturale
1858 1426 1912 1460 fibi
1937 1436 2054 1463 mutuo
2066 1438 2136 1462 non

1264 1485 1470 1519 repugnant:
1492 1475 1570 1519 ergo
1593 1487 1661 1509 nou
1683 1477 1815 1518 possunt
1825 1477 1887 1511 effe
1913 1477 2032 1519 species
2054 1476 2136 1510 divi·

1263 1525 1331 1559 fivae
1351 1524 1491 1571 ejusdem
1504 1525 1628 1569 generis
1642 1537 1655 1561 2
1677 1527 1758 1569 ergo*
1777 1527 1904 1569 praefata
1916 1527 1997 1571 signi
2018 1526 2135 1560 divisio

1263 1576 1379 1618 nequit
1404 1575 1468 1609 esse
1485 1575 1616 1620 generis
1631 1576 1665 1608 in
1691 1574 1812 1618 species
1825 1600 1833 1608 .
1859 1576 2011 1610 Probatur
2028 1581 2134 1609 minor:

1266 1624 1343 1667 quia
1358 1626 1574 1669 repugnantia
1599 1625 1695 1665 sunt,
1717 1636 1787 1668 quae
1812 1636 1879 1659 non
1904 1627 2038 1669 possunt
2053 1625 2136 1659 veri·

1263 1674 1351 1710 ficari
1361 1674 1452 1709 fimul
1462 1674 1503 1708 de
1516 1674 1631 1709 eodem
1641 1699 1651 1714 ,
1677 1684 1711 1709 ut
1722 1676 1857 1709 traditur
1871 1681 1903 1708 in
1911 1675 2134 1718 postpraedtcae·

1263 1730 1370 1761 mentis
1394 1736 1401 1756 :
1436 1725 1528 1768 atqui
1567 1724 1694 1769 signum
1726 1725 1928 1760 arbitrarium
1973 1726 2008 1761 dc
2041 1735 2133 1759 natu·

1263 1774 1329 1811 tale
1353 1774 1511 1811 verificari
1524 1775 1657 1818 possunt
1668 1774 1711 1809 de
1729 1776 1845 1809 eodem
1857 1788 1871 1817 ;
1899 1776 2002 1818 potest
2015 1775 2134 1817 quippe

1262 1822 1375 1859 eadem
1399 1835 1449 1860 tes
1473 1848 1485 1868 ‚
1522 1835 1590 1858 nou
1613 1824 1716 1859 solam
1740 1825 1882 1868 respestu
1903 1824 2108 1858 diversorum
2122 1847 2135 1863 ,

1263 1874 1316 1910 sed
1328 1876 1426 1911 etiam
1439 1875 1575 1917 respefiu
1590 1873 1760 1918 significati
1775 1875 1918 1917 ejusdem
1931 1898 1942 1914 ,
1965 1875 2028 1909 effe
2038 1874 2133 1909 simul

1262 1923 1466 1961 arbitrarium
1480 1948 1491 1966 ,
1507 1924 1541 1959 δε
1564 1924 1882 1969 naturale-signum,
1908 1935 1937 1957 v.
1962 1935 1992 1968 g.
2012 1924 2073 1956 Iris
2083 1923 2132 1956 est

1263 1972 1391 2015 fignum
1410 1971 1616 2009 arbitrarium
1630 1983 1696 2008 non
1710 1968 1810 2008 futuri
1822 1973 1962 2016 amplius
1972 1973 2133 2016 generalia

1262 2020 1377 2058 diluvii
1403 2046 1414 2062 ‚
1440 2022 1472 2059 ὅ(
1499 2022 1629 2066 signum
1653 2023 1798 2057 naturale
1820 2021 1917 2057 nubis
1933 2022 2048 2056 rotidae
2079 2022 2133 2056 de-

1264 2071 1421 2115 pluentis,
1443 2079 1500 2104 aut
1530 2071 1614 2106 certe
1656 2071 1722 2114 jam
1755 2070 1944 2114 depluiturae
1975 2083 1983 2103 ι
2021 2073 2054 2106 &
2087 2072 2132 2107 st·

1263 2118 1303 2152 ne
1324 2119 1402 2160 quid
1428 2129 1514 2152 vetat
1536 2119 1672 2152 eandem
1699 2120 1812 2154 itidem
1834 2120 1958 2154 institui
1980 2121 2014 2153 ἀ
2034 2119 2132 2163 depu-

1262 2168 1321 2201 tari
1333 2165 1373 2202 ad
1387 2166 1635 2211 significandum
1650 2168 1790 2204 eundem
1806 2169 1903 2205 nubis
1915 2180 2019 2203 rorem
2033 2193 2045 2208 ,
2069 2180 2130 2212 pto

1263 2216 1452 2254 horninibus
1473 2217 1612 2252 indoctis
1633 2241 1644 2257 ,
1681 2217 1771 2252 iridis
1794 2230 1903 2253 ortum
1917 2243 1928 2259 ,
1956 2229 2128 2259 naturam,

1262 2278 1300 2300 ac
1322 2266 1502 2301 naturalem
1523 2267 1797 2311 significationem
1809 2267 2062 2312 ignorantibus?
2084 2279 2132 2301 er-

1262 2327 1307 2361 go
1324 2316 1449 2360 signum
1472 2316 1619 2353 naturale
1638 2316 1672 2353 &
1694 2316 1898 2351 arbitrarium
1930 2317 1989 2352 fibi
2013 2326 2131 2350 mutuo

1265 2377 1331 2400 non
1355 2376 1555 2409 repugnant.
1580 2364 1741 2408 Resp.dist.
1756 2369 1828 2409 maj.
1860 2366 2130 2409 speciesdivifivae

1261 2414 1400 2457 ejusdem
1423 2416 1548 2459 generis
1568 2415 1689 2449 debent
1711 2427 1888 2461 repugnare
1908 2416 2017 2459 quoad
2029 2418 2131 2450 essen·

1263 2465 1345 2499 tiam
1358 2490 1368 2504 ‚
1393 2464 1471 2504 idest
1486 2489 1497 2505 ,
1522 2465 1641 2500 debent
1655 2464 1771 2501 habere
1790 2466 1932 2500 diversas
1946 2477 1986 2499 ac
1998 2466 2131 2499 dimmi-

1262 2515 1306 2549 les
1318 2515 1489 2554 essentias,
1516 2514 1559 2548 ita
1586 2524 1622 2548 ut
1650 2516 1784 2549 effentia
1811 2515 1907 2549 unius
1934 2526 2002 2548 non
2030 2515 2068 2549 fit
2080 2516 2127 2548 es-

1262 2565 1361 2599 sentia
1387 2564 1535 2606 altetius;
1559 2563 1600 2605 fic
1623 2565 1743 2597 concedo
1764 2577 1774 2607 3
1802 2564 1922 2600 debent
1947 2575 2127 2608 repugnare

1260 2612 1367 2656 quoad
1395 2613 1427 2650 in
1454 2614 1571 2647 eodem
1597 2613 1740 2655 subjecto
1766 2615 1819 2647 vel
1846 2614 2128 2658 suppofitoinexi-

1261 2664 1412 2701 flentiam
1430 2661 1489 2704 ,fic
1510 2674 1598 2707 nego:
1627 2662 1692 2697 hoc
1714 2664 1803 2698 enirn
1830 2664 1925 2707 plane
1950 2665 2067 2698 falsum
2078 2665 2124 2697 est

1259 2714 1356 2752 etiam
1382 2713 1416 2748 in
1441 2714 1506 2747 illis
1530 2713 1692 2755 speciebus
1716 2738 1728 2755 ,
1753 2725 1823 2756 quat
1844 2713 2046 2758 affignantur
2071 2724 2128 2757 per

1260 2764 1415 2801 terminos
1437 2763 1726 2802 contradictorios,
1752 2764 1994 2806 involvuntque
2018 2774 2129 2798 mutu-

1260 2825 1313 2849 am
1325 2812 1634 2852 contradictionem,
1662 2814 1743 2855 quod
1763 2813 1876 2853 ostendo
1896 2811 2015 2853 diverfis
2029 2825 2128 2847 exem-

1257 2864 1345 2905 plis:
1370 2874 1449 2897 nam
1476 2862 1650 2899 substantia
1670 2863 1704 2896 ἃ
1736 2863 1887 2897 accidens
1912 2865 1985 2897 sunt
2009 2863 2127 2907 species

1262 2925 1317 2957 per
1339 2913 1496 2949 terminos
1521 2910 1787 2948 contradictorios
1797 2912 1978 2947 dividentes
1999 2925 2079 2955 ens;
2093 2914 2128 2947 dc

1262 2973 1370 2998 tamen
1397 2974 1463 2997 non
1487 2972 1667 3006 repugnant
1692 2961 1801 3004 quoad
1819 2963 2126 2997 existentiamintra

1263 3013 1348 3047 idem
1376 3013 1594 3056 suppositum,
1613 3011 1664 3046 vel
1686 3013 1863 3054 subjectum
1891 3026 1899 3045 :
1923 3023 1997 3045 nam
2017 3013 2128 3045 formae

1262 3063 1488 3101 substantiales
1509 3062 1708 3099 recipiuntur
1726 3061 1759 3094 in
1785 3062 1896 3096 eadem
1922 3061 2055 3095 materia
2067 3062 2127 3103 pri-

1262 3124 1314 3147 ma
1336 3125 1412 3147 cum
1437 3112 1660 3148 accidentibus
1680 3136 1690 3151 ,
1716 3111 1794 3145 item
1817 3111 1921 3145 forma
1949 3110 2128 3145 materialis

1262 3164 1294 3198 &
1332 3163 1554 3199 immaterialis
1590 3162 1663 3195 sunt
1700 3160 1843 3196 membra
1883 3173 1937 3204 pet
1969 3161 2126 3196 terminos

1263 3214 1524 3250 contradiaorios
1536 3211 1716 3246 dividentia
1742 3212 1882 3245 formam
1895 3212 1928 3244 in
1941 3211 2127 3253 communi;

1263 3263 1296 3300 δε
1314 3263 1463 3306 nunquid
1484 3272 1591 3298 tamen
1616 3263 1719 3295 forma
1741 3262 1870 3301 carnis,
1899 3260 1997 3300 offis,
2023 3262 2126 3299 nervi,

1263 3311 1395 3356 aliaeque
1430 3311 1600 3356 partiales,
1625 3311 1718 3344 fimus
1743 3323 1819 3346 cum
1839 3312 1949 3345 anima
1973 3309 2128 3344 rationali

1264 3362 1407 3397 existunt
1435 3363 1470 3397 in
1496 3362 1612 3396 eodem
1641 3361 1804 3404 supposito
1827 3386 1838 3402 ,
1866 3361 1899 3394 in
1936 3361 2052 3394 eodem
2079 3362 2127 3394 su.

1265 3411 1368 3455 bJesto
1377 3437 1389 3455 ‚
1414 3412 1526 3449 eadem
1537 3410 1691 3447 nimirum
1704 3410 1837 3447 materia
1847 3410 1974 3455 prima?
1998 3411 2078 3445 item
2092 3411 2128 3444 in

2025 3470 2081 3495 tua
