2384 3770
886 82 1167 125 SANcrt

1221 82 1707 125 Aucusrrur.
1993 94 2049 135 39

258 173 324 201 vim·
335 173 426 212 opcrIs
441 167 545 206 aeceffir
558 188 567 204 ‚
588 163 676 206 fimul
686 172 717 197 ut
730 169 763 197 in
773 166 879 207 populo
891 169 1032 206 apparuit
1044 187 1055 202 ,
1082 174 1160 195 con-2
1184 162 1281 196 ,idum
1294 161 1375 195 dicis
1388 162 1529 203 primum
1541 164 1606 205 agri
1623 161 1848 205 Hipponensis
1857 163 2091 196 monasterium

259 222 396 254 tumelias
420 244 428 258 ‚
451 215 608 260 sacrilegia
635 239 646 255 ,
671 223 757 257 atque
782 220 977 248 execrationes
1009 217 1162 263 excepitzj

260 273 325 306 Nec
341 267 433 312 solum
451 267 519 306 boc,
544 265 602 309 sed
620 265 827 307 improbifflmis
842 261 1072 305 facinorosbrum
1097 263 1162 313 hm}

258 329 371 351 minum
391 316 540 351 cachinnis
561 340 572 356 ‚
599 314 820 352 &detestandis
842 314 1008 346 ridentium
1025 311 1120 354 fibilis
1132 335 1142 351 ,
1159 322 1162 353 ᾗ

258 368 343 410 quasi
359 373 470 401 taureis
484 391 494 407 ‚
521 365 673 400 cedebatur
693 387 700 395 .
724 364 798 396 Vere*
818 369 862 397 ut}
868 362 898 404 fi
904 369 970 405 quis
985 374 1021 396 ea
1034 361 1143 405 inscius

253 430 356 453 verum
374 417 439 460 fieri
461 417 594 454 videret,
620 425 677 446 non
690 415 820 454 aliquem
847 412 992 446 bominem
1011 412 1144 453 ludifica-

256 474 307 507 ri,
328 467 387 510 sed
394 479 501 500 novum
522 465 748 506 inauditumque
769 462 926 502 monstrum
954 463 1035 506 abigi
1056 472 1142 505 atque

257 522 452 551 exterminari
469 514 687 548 arbitraretur.
718 513 828 546 llliex
853 513 970 546 sanetis
995 514 1144 554 Eremis,

256 567 509 609 venerandisque
530 564 656 598 secretis
669 563 864 606 prodeuntes
879 562 1033 597 monachi
1051 574 1143 598 erant

255 619 397 652 omnino
421 615 532 649 fratres
553 613 653 647 nostri
680 612 936 657 Augustinenses
954 638 961 645 .
991 613 1085 646 Patet
1107 613 1141 647 id

255 680 297 701 ex
321 668 389 710 ipso
407 663 621 709 Augustino,
647 663 703 706 qui
728 663 805 697 istos
828 661 1141 708 Carthaginenfium

254 716 482 760 perditiffimos
494 725 599 748 mores
611 713 736 746 dudum
759 722 833 746 ante
855 713 1141 747 sanetumsalvia—

254 778 334 801 num
360 767 553 799 lamentatus
575 764 618 797 est
642 788 652 803 ‚
690 763 732 796 fic
756 763 868 797 dicens
891 764 931 797 ad
959 763 1139 807 populum.

255 818 419 858 Aliquando
442 815 552 856 dimiffo
571 813 686 846 theatro
706 822 760 849 aut
771 812 996 853 amphitheatro
1017 823 1079 845 cum
1089 824 1141 845 cae-

86 851 235 901 psal-147.
249 873 331 909 perit
342 878 378 899 ex
398 865 452 898 illa
462 876 554 898 cavea
575 870 677 897 evomi
691 863 779 895 rurba
799 865 984 904 perditorum
997 888 1007 903 ,
1034 863 1142 897 vident

250 919 429 960 plerumque
445 940 454 954 ,
481 925 513 948 ut
522 914 558 956 fit
574 938 584 953 ,
602 912 734 954 zranfire
743 910 845 954 servos
859 915 923 960 ,Dei
935 938 945 952 ‚
974 910 1142 955 cognofiunt

253 966 315 1010 ipso
335 966 439 999 babitu
461 966 512 998 vel
529 962 618 1003 vestis
641 963 694 996 vel
712 963 841 1003 capitis,
869 964 920 995 vel
934 962 1040 1004 fronte
1058 971 1141 995 notos

254 1016 389 1056 habene,
416 1016 585 1054 (nedicunt,
614 1011 759 1056 omisero}
783 1011 871 1052 istos,
895 1014 970 1055 quid
985 1012 1142 1055 perdunt?

253 1069 383 1100 Fratres
395 1090 406 1106 ‚
432 1076 563 1108 rogemus
577 1067 670 1096 Deum
687 1072 745 1105 pro
765 1063 969 1097 benevolentia
994 1061 1119 1106 ipsorum
1133 1088 1143 1103 ,

253 1122 323 1159 quia
335 1116 441 1149 bonum
463 1115 542 1148 illud
548 1122 682 1155 putant.
710 1116 792 1146 Bene
803 1113 886 1145 nobis
911 1115 1034 1146 volunt.
1064 1113 1142 1147 Haec

252 1166 370 1206 verba,
399 1168 483 1198 Bene
505 1165 588 1197 nobis
600 1165 726 1203 volum,
752 1162 879 1206 aliaque
906 1162 937 1196 id
950 1174 1052 1207 genus
1066 1162 1142 1196 sub·

253 1216 420 1257 sequentia
444 1215 549 1257 palam
574 1213 722 1246 indicant
743 1212 822 1246 istos
845 1213 909 1246 Dei
925 1214 1036 1247 servos
1049 1213 1142 1246 fuisse

256 1264 534 1308 Augustinianos.
563 1262 773 1295 Ridebantur
793 1273 962 1305 tamquam
990 1273 1074 1297 nova
1101 1275 1142 1297 at-

253 1325 319 1357 que
340 1313 487 1347 inaudita
513 1311 654 1344 monstra
676 1323 682 1342 ε
711 1311 798 1355 Quia
825 1313 940 1344 Africa
962 1310 1027 1346 huc
1046 1313 1144 1357 usque

251 1374 321 1397 non
344 1364 466 1397 viderat
491 1359 674 1395 monachos
687 1384 698 1400 ,
731 1359 781 1393 sed
794 1359 879 1394 hisce
894 1361 1009 1395 diebus
1022 1362 1091 1405 ipso
1103 1362 1144 1397 eo

252 1413 424 1448 induxerat
437 1413 571 1447 Sanstus
586 1409 791 1455 Augustinus
803 1436 810 1443 .

428 1513 459 1546 C
511 1511 543 1545 A
594 1511 621 1544 P
673 1510 713 1545 U
765 1510 802 1543 T
878 1511 910 1546 X
924 1510 969 1544 V.

402 1567 543 1596 Reiicitur
555 1562 650 1605 Gloffa
663 1561 814 1595 Gabrielis
829 1564 968 1595 Pennotti
980 1586 988 1596 .

333 1665 370 1699 Τ
393 1663 470 1698 hinc
489 1672 601 1707 patet,
625 1673 782 1706 quantum
805 1662 846 1696 de
871 1661 959 1697 hisce
981 1661 1141 1697 monaste-

359 1716 414 1749 riis
439 1739 448 1754 ,
485 1724 660 1755 eorumque
687 1712 881 1746 differentiis
901 1723 981 1747 erret
1005 1712 1140 1746 Gabriel

250 1764 459 1804 Pennottus,
485 1764 664 1797 ficdicens.
694 1767 786 1795 Ratio
805 1762 987 1803 differentiae
1012 1763 1140 1803 nonest,

76 1814 233 1854 L.1.c.12
251 1818 332 1858 quod
348 1821 480 1857 primam
502 1812 704 1851 monasterium
730 1812 795 1856 effer
819 1815 920 1845 domus
933 1815 1139 1846 Eremitarum

79 1875 153 1910 n·4-
249 1876 304 1899 aut
324 1864 527 1898 monachorum
550 1888 561 1903 ‚
587 1864 639 1896 vel
659 1864 737 1905 quod
758 1875 815 1895 non
836 1864 901 1905 effer
922 1863 1068 1906 collegium
1088 1862 1140 1906 seu

246 1913 439 1957 seminarium
461 1916 624 1947 derisorum
644 1925 653 1954 3
677 1912 735 1955 sed
757 1919 834 1945 ratio
856 1912 1036 1952 differentia
1058 1914 1139 1952 exsil-

251 1970 311 2002 πίε,
339 1966 418 2005 quod
441 1963 606 2005 insecundo
630 1962 798 2000 monasterio
816 1966 955 2002 degentes
970 1986 979 2000 ‚
1009 1960 1138 1998 Eccleliae

253 2012 452 2044 cathedralis
473 2015 614 2042 Canonici
635 2021 700 2042 cum
716 2009 801 2051 essent
820 2033 830 2048 ‚
857 2020 913 2041 non
922 2008 1076 2047 niliclerici
1089 2010 1139 2052 esse

247 2070 391 2103 poterant
402 2068 433 2092 in
441 2059 538 2101 sacris
556 2070 589 2092 ut
600 2060 764 2099 plurimum
775 2058 920 2096 constituti
933 2072 944 2090 :
971 2061 1076 2090 Verum
1087 2067 1137 2099 qui

252 2116 285 2142 in
291 2117 390 2151 primo
402 2110 571 2146 monasterio
583 2107 744 2138 manebant
757 2127 767 2143 ,
790 2104 842 2144 etfi
849 2116 886 2137 ex
910 2106 988 2136 illiur
1001 2106 1134 2144 monaste-

251 2166 292 2192 rii
302 2159 430 2198 instituto
440 2158 533 2190 clerici
544 2156 595 2199 effe
602 2155 713 2197 possent
725 2179 736 2195 ,
763 2156 796 2188 (θ’
807 2155 850 2185 ad
859 2155 1025 2187 clericatum
1034 2156 1136 2197 assumi

251 2209 456 2252 consuevissent
469 2232 478 2247 ,
507 2218 563 2239 non
584 2217 684 2238 tamen
707 2213 794 2238 erant
806 2204 873 2236 ac‘lu
895 2204 1134 2247 clericiinsacris

252 2260 417 2298 constituti,
439 2256 493 2300 sed
514 2258 557 2288 ad
569 2255 717 2299 summum
742 2261 774 2287 in
797 2254 958 2287 minoribus
979 2277 990 2293 ,
1016 2264 1135 2297 excepto

255 2307 411 2349 Praeposito
434 2308 486 2339 vel
497 2305 686 2343 Presbytero.
703 2304 761 2337 -Et
786 2304 887 2337 infra.
919 2308 991 2336 Non
1013 2317 1132 2348 negave‘

253 2362 310 2390 rim
329 2363 460 2398 primum
482 2354 681 2393 monasterium
704 2355 854 2395 aliquanto
875 2353 1030 2391 aridioris
1040 2353 1128 2396 obfir-

252 2412 369 2439 vantiae
372 2405 461 2447 fuisse
473 2402 746 2446 quamsecurium,
774 2414 831 2435 non
843 2405 926 2445 quod
927 2409 1059 2444 primum
1068 2405 1134 2446 esset

250 2455 450 2496 monasterium
475 2457 683 2486 Eremttarum
706 2477 716 2492 ‚
750 2451 910 2496 secundum
933 2457 1004 2486 vero
1026 2454 1131 2487 clerico·

246 2517 314 2539 rum
330 2530 340 2545 ‚
363 2503 418 2548 sed
429 2511 500 2545 quia
518 2509 650 2545 primum
675 2511 741 2536 erat
764 2502 860 2535 veluti
875 2501 1071 2544 seminarium
1098 2507 1131 2541 (τ

246 2556 350 2589 domus
373 2556 510 2597 qua-dam
531 2552 707 2586 novitiorum
721 2577 730 2592 ‚
744 2551 915 2595 -secundum
938 2564 1007 2586 vero
1031 2556 1129 2587 sacer-

244 2607 368 2644 dotum,
395 2608 449 2638 &a
481 2605 588 2637 Hasce
608 2604 678 2637 suas
689 2604 796 2636 devias
817 2603 1040 2646 cogitationes
1051 2616 1127 2648 pro-

244 2655 299 2690 bat
312 2656 497 2688 Pennottus
523 2652 628 2696 primo
649 2665 688 2686 ex
701 2654 808 2686 sansto
824 2652 967 2687 Poffidio
979 2678 990 2694 ‚
1017 2659 1126 2697 quiex

242 2706 351 2749 primo
376 2702 582 2747 Hipponenfi
604 2703 781 2746 Augustini
801 2703 999 2737 monasterio
1022 2704 1126 2746 plures

241 2754 411 2799 prom0tos
431 2754 511 2790 dicit
534 2753 575 2786 ad
591 2753 820 2796 Episcopatum
835 2777 845 2791 ,
872 2752 1037 2797 aliumque
1059 2767 1123 2788 om⁴

241 2817 317 2839 nem
332 2804 518 2838 inferiorem
534 2802 720 2836 clericatum
732 2828 739 2835 .
770 2801 900 2835 Deinde
918 2814 958 2836 ex
976 2804 1043 2845 ipso
1056 2804 1123 2838 Au·

238 2856 373 2899 gustino
395 2855 435 2887 ad
446 2854 567 2897 Papam
581 2851 788 2886 Caelestinum
803 2851 959 2886 scribente
982 2853 1022 2887 de
1043 2855 1122 2888 infe-

239 2904 391 2938 liciffimo
405 2904 465 2937 isto
481 2904 585 2945 primo
599 2902 746 2936 Ecclefiae
759 2902 946 2935 Fussalenfis
957 2903 1120 2947 Episcopo

238 2954 395 2989 Antonio
417 2966 424 2985 ε
475 2953 571 2986 Dicit
593 2963 667 2986 eum
691 2964 708 2985 a
743 2953 871 2994 parvula
900 2963 993 2986 aetate
1015 2955 1119 2988 secum

235 3005 329 3039 fuifle
341 3006 375 3038 in
392 3004 589 3037 monasterio
600 3002 780 3036 enutritum
794 3025 803 3040 ,
830 3000 964 3043 soloque
977 3003 1118 3038 Lestoris

236 3056 338 3100 gradu
354 3065 489 3088 netum.
519 3052 607 3086 istud
632 3052 775 3086 Antonii
807 3051 1039 3087 monasterium
1062 3065 1118 3097 pu.

235 3114 282 3140 tat
304 3103 490 3137 Pennottus
515 3103 607 3136 fuiffe
630 3103 768 3145 primurn
789 3101 1021 3136 monasterium
1042 3128 1053 3143 ‚
1079 3116 1118 3139 eo

235 3153 325 3199 quod
338 3154 371 3186 in
383 3153 526 3187 secundo
544 3152 626 3186 nulli
641 3153 763 3195 parvuli
780 3152 976 3185 nutrirentur
988 3177 997 3193 ‚
1020 3165 1117 3195 atque

235 3216 279 3240 ex
298 3203 442 3238 coinfert
452 3204 547 3245 primi
571 3201 759 3236 monasterii
773 3203 880 3235 fratres
903 3202 1010 3244 paffim
1024 3203 1115 3238 fuiffe

233 3254 407 3294 Lectores,
434 3252 552 3286 aliosve
572 3252 708 3287 clericos
733 3252 897 3291 minores,
923 3252 1115 3288 candidatos

235 3305 389 3338 ordinum
422 3303 592 3337 altiorum.

284 3353 408 3389 Verum
424 3353 588 3386 Pennotte
597 3352 843 3388 multiformiter
851 3363 951 3388 erras.
977 3352 1091 3390 Primo
1101 3379 1113 3397 ,

335 3402 439 3444 Christ.
467 3406 546 3447 Lupi
562 3406 621 3447 Op.
643 3406 724 3436 rom.
743 3405 816 3436 ΧΠ.

78 2323 120 2363 C.
136 2334 240 2370 153,

70 2950 128 2995 Ep.
139 2953 219 2990 261.

1190 2556 1276 2589 stum
1298 2564 1395 2589 vocat
1418 2556 1539 2589 laicum
1565 2579 1572 2587 .

1190 2606 1388 2639 monasterio
1403 2603 1626 2639 Adrumetino
1637 2606 1778 2641 Praefesti
1793 2607 1830 2642 ad
1845 2610 2078 2654 Augustinum.

1191 2655 1280 2689 Dicit
1293 2657 1383 2688 enim
1398 2656 1637 2698 componendis
1652 2658 1929 2694 tumultuantibus
1941 2660 2008 2695 istis
2020 2662 2076 2697 fra-

1188 2705 1287 2739 tribus
1302 2729 1312 2744 ‚
1325 2707 1483 2748 quoniam
1499 2705 1681 2740 Valentino
1697 2706 1866 2750 Praeposito
1876 2714 2076 2753 acquiescere

1187 2755 1343 2788 nolebant
1371 2781 1381 2795 ,
1421 2756 1553 2799 majoris
1576 2756 1791 2792 Auctoritatis
1812 2760 1915 2803 gratia
1939 2761 2074 2796 advoca-

1185 2817 1255 2838 tum
1278 2807 1340 2839 effe
1363 2805 1589 2848 Presbyterum
1607 2806 1764 2842 Sabinum
1779 2833 1788 2847 ,
1817 2820 1853 2842 ac
1877 2811 1974 2844 etiam
2000 2812 2076 2855 Epi-

1184 2856 1316 2898 scopum
1333 2855 1515 2890 Evodinm.
1546 2857 1639 2890 Etex
1664 2857 1726 2890 isto
1741 2858 1939 2903 Episcopalis
1963 2863 2074 2898 conci-

1183 2905 1217 2938 lii
1230 2917 1360 2939 canone
1375 2931 1386 2947 ,
1410 2917 1505 2949 quern
1520 2906 1723 2951 Augustinus
1736 2909 1849 2941 recitat
1878 2910 1910 2942 in
1926 2911 2072 2953 Epistola

1180 2955 1219 2989 ad
1243 2954 1471 2999 Presbyterum
1487 2956 1708 3002 Qintianum
1732 2982 1738 2988 .
1768 2960 1813 2989 De
1825 2960 1924 3001 aliquo
1934 2962 2072 3003 monaste-

1178 3012 1221 3038 rio
1232 3011 1281 3047 qui
1295 3006 1455 3048 recesserint
1469 3009 1520 3039 vel
1528 3006 1653 3048 projecit
1668 3006 1790 3047 fuerint
1801 3030 1811 3046 ‚
1833 3020 1890 3041 non
1898 3010 1980 3051 fiant
1998 3012 2069 3045 alibi

1176 3057 1270 3090 clerici
1292 3066 1343 3088 aut
1358 3056 1756 3098 Praepofitimonastermrum
1770 3081 1777 3089 .
1804 3058 1965 3101 Praepositi
1989 3073 2069 3106 ergo

1176 3106 1227 3139 isti
1243 3117 1331 3139 erant
1346 3105 1430 3139 mere
1457 3106 1530 3140 laici
1545 3120 1556 3141 .·
1582 3107 1614 3139 Si
1637 3117 1777 3149 namque
1791 3107 1969 3151 Presbyteri
1993 3112 2070 3146 fuis-

1177 3156 1244 3189 sent
1260 3180 1270 3194 ,
1299 3156 1476 3190 sufficiebat
1501 3156 1629 3196 dicere,
1657 3160 1728 3190 Non
1746 3157 1825 3198 fiant
1848 3159 1924 3191 alibi
1946 3162 2068 3202 clerici,

1175 3216 1279 3248 neque
1296 3217 1379 3248 opus
1391 3215 1458 3238 erat
1472 3203 1700 3239 additamento
1714 3208 1804 3241 istius
1815 3208 2047 3250 disjunstionis
2058 3237 2065 3244 .

1174 3256 1299 3288 Fratres
1314 3256 1421 3297 itaque
1436 3254 1615 3299 Augustini
1629 3257 1792 3301 gradatim
1807 3258 2067 3296 subiiciebantur

1157 3305 1294 3338 ¹tribus:
1326 3305 1429 3339 Laico
1448 3303 1621 3348 Praepofito
1636 3331 1645 3345 ,
1673 3305 1862 3348 Presbytero
1881 3333 1891 3349 ,
1929 3310 2068 3356 ac5Epi-

1157 3364 1161 3381 ¹
1175 3356 1276 3399 scopo
1287 3379 1298 3397 ,
1326 3354 1497 3399 quomodo
1509 3355 1574 3391 fere
1595 3355 1699 3390 modo
1717 3357 1828 3392 fratres
1841 3356 1996 3394 Alexiani
2007 3386 2014 3393 .

1156 3385 1164 3437 Ι

1205 212 1296 247 fuiffe
1321 212 1407 254 quafi
1437 213 1649 254 Seminarium
1676 224 1711 246 ac
1734 213 1931 246 novitiarum
1959 212 2091 247 secundi

1205 261 1415 300 monasterii,
1443 262 1585 304 atquein
1607 262 1676 303 ipso
1690 262 1802 295 vixiffe
1825 262 1962 296 clericos
1984 263 2092 297 mino-

1205 311 1455 345 rescandidatos
1479 310 1639 355 graduum
1662 311 1837 345 altiorum.
1871 313 2004 346 Etenim
2030 314 2090 356 pri·

1205 371 1293 394 mum
1309 361 1540 394 monasterium
1563 361 1628 393 fine
1641 360 1712 393 ullo
1724 360 1840 393 ordine
1852 363 1890 395 ad
1913 361 2088 397 secundum

1203 411 1244 444 ab
1263 411 1450 455 Augustino
1465 410 1650 444 institutum
1660 410 1704 443 est
1720 435 1729 450 ‚
1743 410 1880 453 quitum
1895 412 1935 446 de
1947 404 2090 447 secundo

1205 472 1270 495 non
1288 462 1356 503 plus
1380 471 1477 504 quarn
1499 460 1540 495 de
1570 461 1664 503 apice
1690 459 1876 502 Episcopali
1900 461 2089 506 cogitabat,

1205 511 1342 554 ideoque
1353 512 1415 545 effe
1426 512 1553 553 nequiit
1568 509 1697 544 secundi
1723 509 1901 542 novitiatus
1916 522 1951 543 ac
1963 514 2089 554 tyroci-

1204 563 1295 594 nium
1317 585 1328 600 ‚
1371 560 1548 595 novitiatus
1569 561 1688 604 quippe
1718 560 1762 592 est
1788 559 1865 602 quid
1898 560 2088 596 relatiuam.

1205 611 1351 645 Primum
1378 636 1389 652 ‚
1415 611 1549 654 inquam
1576 635 1586 651 ,
1614 609 1849 644 monasterium
1876 619 1942 642 erat
1968 609 2086 647 domus

1205 662 1348 704 planstus
1361 672 1458 703 atque
1470 661 1613 695 altiffimi
1630 659 1766 698 silentii,
1792 659 1824 692 in
1839 671 1901 702 qua
1925 659 2090 702 degebant

1205 712 1308 754 plures
1320 712 1432 747 fratres
1443 712 1628 754 irregulares
1639 711 1749 743 omnis
1767 708 1994 743 Ecclefiasticae
2007 710 2091 743 ordi·

1204 762 1348 795 nationis
1370 760 1532 794 inhabiles
1547 774 1557 793 .·
1586 758 1772 809 Qomodo
1797 754 1876 803 ergo
1899 759 1961 792 effe
1983 759 2095 801 potuit

1206 811 1343 854 palaestra
1361 822 1397 844 ac
1411 811 1616 854 tyrocinium
1638 811 1832 844 clericorum
1847 808 2013 843 minorum
2028 809 2095 852 spe-

1205 862 1346 896 rantium
1374 861 1519 904 majora?
1546 861 1673 895 Scimus
1698 858 1830 902 quidem
1854 871 1898 893 ex
1918 859 1977 891 illo
1989 859 2095 901 plures

1204 912 1243 944 ad
1269 912 1458 944 clericatum
1480 911 1658 954 assumptos
1682 922 1689 942 :
1717 909 1843 943 Verum
1866 919 1980 942 contra
2006 910 2096 951 spem

1205 973 1240 994 ac
1254 961 1455 1003 propofitum
1469 962 1560 994 suum
1573 985 1583 1001 ‚
1610 970 1790 1002 contraque
1803 959 1850 993 sui
1876 958 2015 992 instituti
2029 959 2092 992 sco-

1205 1020 1304 1053 pum,
1331 1017 1366 1042 ut
1393 1010 1459 1043 iam
1485 1011 1581 1043 citata
1605 1011 1735 1044 vincula
1760 1010 1943 1044 &carceres
1967 1007 2096 1043 abunde

1205 1060 1418 1093 testificantur
1434 1083 1442 1091 .
1471 1059 1599 1093 Affumi
1612 1071 1668 1093 eos
1681 1061 1758 1093 fecit
1773 1059 1917 1095 Ecclesiae
1930 1058 2095 1093 Africanae

1206 1111 1315 1153 inopia
1326 1133 1336 1149 ,
1363 1121 1400 1143 ac
1413 1120 1488 1153 erga
1502 1109 1614 1142 fratres
1638 1109 1714 1142 istos
1727 1110 1963 1152 propenflsfima
1978 1110 2095 1144 volun·

1206 1168 1253 1198 tas
1268 1161 1361 1193 saneti
1382 1156 1674 1202 AureliiEpiscopi
1699 1158 1983 1203 Carthaginenfis.
2014 1163 2093 1195 Om-

1206 1222 1260 1243 nes
1274 1221 1413 1253 namque
1429 1209 1507 1244 istos
1524 1210 1639 1243 fratres
1651 1209 1743 1243 fuisse
1754 1234 1765 1249 ,
1793 1220 1860 1242 non
1875 1210 2019 1242 minores
2029 1209 2094 1243 cle·

1204 1262 1308 1300 ticos,
1335 1259 1389 1293 sed
1404 1261 1487 1295 mere
1499 1259 1600 1293 laicos
1614 1283 1625 1299 ,
1654 1259 1757 1301 palam
1773 1259 1810 1292 fit
1824 1269 1865 1292 ex
1879 1258 1967 1292 libris
1982 1259 2095 1293 Retra-

1205 1312 1404 1344 stationum:
1433 1310 1481 1346 Ibi
1494 1310 1614 1353 quippe
1631 1309 1726 1342 Pater
1744 1309 1973 1353 Augustinus,
1987 1319 2022 1342 ut
2034 1320 2091 1342 eos

1203 1372 1220 1393 a
1234 1360 1323 1395 fideli
1338 1359 1460 1403 populo
1481 1358 1666 1403 distinguat
1681 1383 1691 1398 ‚
1716 1359 1872 1402 populum
1887 1360 1984 1393 istum
1999 1370 2094 1393 vocat

1206 1422 1271 1444 non
1284 1410 1471 1454 (impliciter
1487 1410 1610 1450 laicos,
1637 1410 1690 1444 sed
1712 1411 1800 1442 laicos
1810 1408 1950 1452 propositi
1962 1409 2090 1451 inferio-

1204 1465 1245 1493 ris
1257 1485 1264 1492 .
1295 1460 1399 1508 Qod
1414 1461 1519 1504 ipsum
1534 1459 1654 1503 patebit
1666 1459 1782 1495 clarius
1794 1485 1803 1500 ‚
1832 1459 1886 1495 ubi
1903 1471 1980 1494 mox
1994 1460 2094 1494 etiam

1204 1511 1474 1545 monasteriorum
1498 1510 1632 1544 illorum
1643 1509 1810 1546 Praefeetos
1836 1509 1930 1545 fuisse
1941 1509 2096 1545 merelai-

1203 1572 1259 1594 cos
1272 1560 1494 1594 demonstrato
1506 1585 1513 1592 .

1254 1611 1404 1644 Secundo
1422 1612 1534 1655 itaque
1547 1621 1629 1645 erras
1641 1635 1652 1650 ,
1678 1609 1755 1644 dum
1777 1610 1860 1645 dicis
1874 1611 1969 1654 primi
1983 1621 2099 1647 mona-

1203 1661 1287 1694 sterii
1304 1662 1534 1704 Praepofitum,
1560 1672 1657 1703 quem
1671 1661 1805 1704 quidem
1832 1672 1907 1695 cum
1922 1660 2096 1704 Presbyte-

1202 1723 1238 1745 ro
1258 1709 1373 1745 videris
1396 1711 1622 1752 confundere,
1649 1711 1759 1754 paffim
1789 1712 1979 1756 insignitum
2003 1711 2097 1745 fuisse

1202 1761 1312 1803 aliquo
1323 1761 1442 1795 ordine
1454 1762 1568 1804 majori
1584 1786 1591 1793 .
1614 1763 1733 1795 Fateor
1745 1763 1885 1805 primum
1899 1762 1996 1809 primi
2010 1762 2096 1804 Hip-

1203 1812 1354 1855 ponenfis
1379 1812 1566 1846 monasterii
1595 1811 1803 1855 Praepofitum
1832 1813 1936 1854 ipsum
1965 1811 2095 1844 Patrem

1202 1862 1424 1906 Augustinum
1446 1863 1539 1896 fuisse
1558 1860 1807 1904 Presbyterum,
1838 1862 1977 1903 itemque
2004 1860 2035 1893 id
2047 1860 2090 1895 fa-

1200 1914 1287 1944 stum
1306 1912 1337 1943 in
1347 1912 1541 1954 quibusdam
1564 1911 1596 1944 id
1611 1910 1714 1954 genus
1733 1910 1938 1943 monasteriis
1949 1911 2022 1944 aliis
2034 1912 2094 1944 cir-

1199 1972 1235 1992 ca
1250 1971 1393 2002 tempora
1408 1960 1506 1992 sancti
1520 1959 1707 2002 Fulgentii,;
1730 1959 1838 1995 verum
1850 1961 1959 2003 quoad
1976 1961 2090 2005 Augu-

1201 2009 1303 2042 stinus
1328 2010 1431 2049 vixit,
1459 2010 1646 2042 constanter
1665 2010 1741 2043 dico
1764 2020 1879 2044 omnes
1905 2011 2090 2047 istiusmodi

1198 2058 1359 2091 domuum
1384 2057 1553 2090 Praefec'tos
1576 2057 1734 2092 haefiffein
1750 2072 1840 2094 mero
1864 2060 2002 2094 laicatu.
2034 2061 2092 2096 Pa-

1198 2115 1243 2138 tet
1258 2106 1288 2137 id
1301 2116 1341 2138 ex
1356 2107 1451 2139 sancti
1467 2105 1642 2148 Augustini
1659 2106 1787 2150 Regula
1802 2122 1812 2143 ,-
1842 2110 1998 2152 Praeposito
2010 2121 2090 2148 tam-

1196 2166 1284 2196 quam
1311 2157 1400 2187 Patri
1428 2155 1585 2187 obediatur
1609 2180 1618 2195 ,
1654 2158 1746 2188 multo
1766 2164 1858 2201 magis
1897 2161 2087 2199 Presbytero.

1198 2204 1308 2237 Palam
1319 2216 1392 2238 ecce
1405 2205 1486 2239 dicit
1501 2204 1600 2238 alium
1616 2206 1707 2239 fuisse
1719 2205 1966 2250 Presbyterum,
1988 2212 2090 2245 alium

1198 2255 1403 2297 Praepofitum
1416 2281 1425 2295 ‚
1454 2256 1486 2288 &
1499 2255 1632 2296 quidem
1657 2267 1693 2289 ea
1705 2259 1894 2300 ampliativa
1910 2261 2064 2302 particula
2078 2286 2090 2302 ‚

1196 2306 1303 2337 Multos
1318 2311 1410 2348 magis
1426 2329 1436 2344 ‚
1470 2306 1544 2337 satis
1555 2305 1693 2339 infinuat
1709 2306 1915 2349 Praepofitum
1930 2323 1996 2344 non
2014 2312 2088 2345 fuis·

1194 2355 1223 2387 se
1239 2356 1464 2397 Presbyterum
1479 2379 1489 2394 ‚
1513 2355 1563 2387 sed
1588 2353 1755 2389 hominem
1781 2359 1898 2400 gradus
1924 2351 2087 2404 longeio-

1193 2405 1336 2437 ferioris.
1362 2404 1453 2438 Patet
1469 2404 1610 2447 idipsum
1622 2416 1661 2438 ex
1673 2405 1763 2440 libris
1775 2406 1953 2451 Augustini
1968 2412 2009 2444 de
2023 2413 2087 2445 ori-

1192 2456 1270 2498 gine
1284 2455 1397 2488 animae
1410 2455 1562 2489 adversus
1579 2454 1796 2490 Vincentium
1811 2457 1999 2493 Victorem:
2031 2462 2081 2496 lbi

1193 2516 1332 2548 namque
1358 2505 1522 2538 Renatum
1546 2506 1746 2540 monasterio
1759 2507 1940 2542 Caesarienfl
1966 2510 2084 2545 Praefe-

1611 2556 1652 2590 Et
1673 2567 1712 2590 ex
1738 2557 1883 2599 Epistola
1909 2559 2079 2596 Valentini
2101 2570 2160 2614 Ep,
2175 2570 2256 2617 2534

2090 2980 2245 3030 ΕΗΒλ

1620 3406 1655 3441 D
1694 3416 1718 3445 2
1926 3409 2009 3447 Ter-
