<?xml version="1.0" encoding="UTF-8"?>
<!DOCTYPE html PUBLIC "-//W3C//DTD XHTML 1.0 Transitional//EN"
    "http://www.w3.org/TR/xhtml1/DTD/xhtml1-transitional.dtd">
<html xmlns="http://www.w3.org/1999/xhtml" xml:lang="en" lang="en">
 <head>
  <title>
</title>
<meta http-equiv="Content-Type" content="text/html;charset=utf-8" />
  <meta name='ocr-system' content='tesseract 3.04.00' />
  <meta name='ocr-capabilities' content='ocr_page ocr_carea ocr_par ocr_line ocrx_word'/>
</head>
<body>
  <div class='ocr_page' id='page_1' title='image "./operaomniastudio12lupuuoft/operaomniastudio12lupuuoft_0224.png"; bbox 0 0 2384 3770; ppageno 0'>
   <div class='ocr_carea' id='block_1_1' title="bbox 377 205 476 238">
    <p class='ocr_par' dir='ltr' id='par_1_1' title="bbox 377 205 476 238">
     <span class='ocr_line' id='line_1_1' title="bbox 377 205 476 238; baseline -0.03 0"><span class='ocrx_word' id='word_1_1' title='bbox 377 205 476 238; x_wconf 82' lang='lat'>210</span> 
     </span>
    </p>
   </div>
   <div class='ocr_carea' id='block_1_2' title="bbox 332 273 1213 471">
    <p class='ocr_par' dir='ltr' id='par_1_2' title="bbox 332 273 1213 471">
     <span class='ocr_line' id='line_1_2' title="bbox 335 273 1115 320; baseline 0 -10"><span class='ocrx_word' id='word_1_2' title='bbox 335 287 458 320; x_wconf 78' lang='lat' dir='ltr'>ponere</span> <span class='ocrx_word' id='word_1_3' title='bbox 485 286 555 309; x_wconf 87' lang='lat' dir='ltr'>non</span> <span class='ocrx_word' id='word_1_4' title='bbox 594 273 724 310; x_wconf 76' lang='lat' dir='ltr'>tantum</span> <span class='ocrx_word' id='word_1_5' title='bbox 755 276 799 310; x_wconf 89' lang='lat' dir='ltr'>est</span> <span class='ocrx_word' id='word_1_6' title='bbox 822 287 918 311; x_wconf 90' lang='lat' dir='ltr'>voces</span> <span class='ocrx_word' id='word_1_7' title='bbox 939 276 1078 320; x_wconf 89' lang='lat' dir='ltr'>proferre</span> <span class='ocrx_word' id='word_1_8' title='bbox 1103 300 1115 317; x_wconf 92' lang='lat'>,</span> 
     </span>
     <span class='ocr_line' id='line_1_3' title="bbox 335 325 1212 371; baseline 0.001 -13"><span class='ocrx_word' id='word_1_9' title='bbox 335 325 464 361; x_wconf 75' lang='lat' dir='ltr'>tantum</span> <span class='ocrx_word' id='word_1_10' title='bbox 491 325 537 360; x_wconf 90' lang='lat' dir='ltr'>est</span> <span class='ocrx_word' id='word_1_11' title='bbox 566 325 647 360; x_wconf 89' lang='lat' dir='ltr'>velle</span> <span class='ocrx_word' id='word_1_12' title='bbox 664 325 789 370; x_wconf 84' lang='lat' dir='ltr'>aliquid</span> <span class='ocrx_word' id='word_1_13' title='bbox 822 338 876 371; x_wconf 86' lang='lat' dir='ltr'>per</span> <span class='ocrx_word' id='word_1_14' title='bbox 897 337 991 360; x_wconf 89' lang='lat' dir='ltr'>voces</span> <span class='ocrx_word' id='word_1_15' title='bbox 1012 326 1212 371; x_wconf 80' lang='lat' dir='ltr'>significare-3</span> 
     </span>
     <span class='ocr_line' id='line_1_4' title="bbox 332 374 1212 420; baseline 0.003 -13"><span class='ocrx_word' id='word_1_16' title='bbox 332 374 386 409; x_wconf 86' lang='lat' dir='ltr'>sed</span> <span class='ocrx_word' id='word_1_17' title='bbox 413 377 459 411; x_wconf 85' lang='lat' dir='ltr'>est</span> <span class='ocrx_word' id='word_1_18' title='bbox 493 377 635 420; x_wconf 89' lang='lat' dir='ltr'>proferre</span> <span class='ocrx_word' id='word_1_19' title='bbox 666 387 759 411; x_wconf 81' lang='lat' dir='ltr'>voces</span> <span class='ocrx_word' id='word_1_20' title='bbox 793 388 866 410; x_wconf 89' lang='lat' dir='ltr'>cum</span> <span class='ocrx_word' id='word_1_21' title='bbox 900 377 1069 410; x_wconf 84' lang='lat' dir='ltr'>voluntate</span> <span class='ocrx_word' id='word_1_22' title='bbox 1091 377 1143 411; x_wconf 89' lang='lat' dir='ltr'>seu</span> <span class='ocrx_word' id='word_1_23' title='bbox 1167 378 1212 410; x_wconf 90' lang='lat' dir='ltr'>in·</span> 
     </span>
     <span class='ocr_line' id='line_1_5' title="bbox 332 425 1213 471; baseline 0.001 -12"><span class='ocrx_word' id='word_1_24' title='bbox 332 427 485 461; x_wconf 84' lang='lat' dir='ltr'>tentione</span> <span class='ocrx_word' id='word_1_25' title='bbox 511 426 715 471; x_wconf 87' lang='lat' dir='ltr'>significandi</span> <span class='ocrx_word' id='word_1_26' title='bbox 745 452 752 459; x_wconf 91' lang='lat'>.</span> <span class='ocrx_word' id='word_1_27' title='bbox 780 426 956 461; x_wconf 76' lang='lat' dir='ltr'>Conclusio</span> <span class='ocrx_word' id='word_1_28' title='bbox 982 425 1048 460; x_wconf 84' lang='lat' dir='ltr'>haec</span> <span class='ocrx_word' id='word_1_29' title='bbox 1069 428 1143 460; x_wconf 89' lang='lat' dir='ltr'>satis</span> <span class='ocrx_word' id='word_1_30' title='bbox 1160 438 1213 470; x_wconf 88' lang='lat' dir='ltr'>pa·</span> 
     </span>
    </p>
   </div>
   <div class='ocr_carea' id='block_1_3' title="bbox 1153 286 1212 310">
    <p class='ocr_par' dir='ltr' id='par_1_3' title="bbox 1153 286 1212 310">
     <span class='ocr_line' id='line_1_6' title="bbox 1153 286 1212 310; baseline 0 0"><span class='ocrx_word' id='word_1_31' title='bbox 1153 286 1212 310; x_wconf 74' lang='lat' dir='ltr'>nec</span> 
     </span>
    </p>
   </div>
   <div class='ocr_carea' id='block_1_4' title="bbox 329 475 1213 1224">
    <p class='ocr_par' dir='ltr' id='par_1_4' title="bbox 329 475 1213 1224">
     <span class='ocr_line' id='line_1_7' title="bbox 334 475 1213 521; baseline 0.001 -12"><span class='ocrx_word' id='word_1_32' title='bbox 334 484 382 509; x_wconf 81' lang='lat' dir='ltr'>tet</span> <span class='ocrx_word' id='word_1_33' title='bbox 401 488 442 511; x_wconf 86' lang='lat' dir='ltr'>ex</span> <span class='ocrx_word' id='word_1_34' title='bbox 464 476 558 510; x_wconf 69' lang='lat' dir='ltr'>diffis</span> <span class='ocrx_word' id='word_1_35' title='bbox 585 489 593 508; x_wconf 74' lang='grc' dir='ltr'>ι</span> <span class='ocrx_word' id='word_1_36' title='bbox 620 476 740 521; x_wconf 77' lang='lat' dir='ltr'>,Quibus</span> <span class='ocrx_word' id='word_1_37' title='bbox 761 486 864 510; x_wconf 80' lang='lat' dir='ltr'>tamen</span> <span class='ocrx_word' id='word_1_38' title='bbox 885 478 919 510; x_wconf 64' lang='lat'>(9</span> <span class='ocrx_word' id='word_1_39' title='bbox 943 475 1021 509; x_wconf 87' lang='lat' dir='ltr'>banc</span> <span class='ocrx_word' id='word_1_40' title='bbox 1040 476 1140 510; x_wconf 81' lang='lat' dir='ltr'>adhuc</span> <span class='ocrx_word' id='word_1_41' title='bbox 1164 489 1213 510; x_wconf 83' lang='lat' dir='ltr'>ra-</span> 
     </span>
     <span class='ocr_line' id='line_1_8' title="bbox 333 527 1212 573; baseline 0.001 -14"><span class='ocrx_word' id='word_1_42' title='bbox 333 530 443 561; x_wconf 78' lang='lat' dir='ltr'>tionem</span> <span class='ocrx_word' id='word_1_43' title='bbox 467 527 544 561; x_wconf 72' lang='lat' dir='ltr'>adde</span> <span class='ocrx_word' id='word_1_44' title='bbox 567 538 575 558; x_wconf 89' lang='lat'><strong>:</strong></span> <span class='ocrx_word' id='word_1_45' title='bbox 605 528 694 573; x_wconf 84' lang='lat' dir='ltr'>Qia</span> <span class='ocrx_word' id='word_1_46' title='bbox 721 537 835 560; x_wconf 90' lang='lat' dir='ltr'>vocem</span> <span class='ocrx_word' id='word_1_47' title='bbox 860 529 1039 568; x_wconf 86' lang='lat' dir='ltr'>supponere</span> <span class='ocrx_word' id='word_1_48' title='bbox 1061 527 1106 560; x_wconf 88' lang='lat' dir='ltr'>est</span> <span class='ocrx_word' id='word_1_49' title='bbox 1134 538 1212 560; x_wconf 89' lang='lat' dir='ltr'>voce</span> 
     </span>
     <span class='ocr_line' id='line_1_9' title="bbox 333 575 1211 620; baseline 0 -10"><span class='ocrx_word' id='word_1_50' title='bbox 333 575 406 619; x_wconf 85' lang='lat' dir='ltr'>uti,</span> <span class='ocrx_word' id='word_1_51' title='bbox 430 576 476 611; x_wconf 86' lang='lat' dir='ltr'>est</span> <span class='ocrx_word' id='word_1_52' title='bbox 500 588 615 611; x_wconf 87' lang='lat' dir='ltr'>vocem</span> <span class='ocrx_word' id='word_1_53' title='bbox 641 577 808 620; x_wconf 82' lang='lat' dir='ltr'>usurpare:</span> <span class='ocrx_word' id='word_1_54' title='bbox 832 577 866 610; x_wconf 73' lang='grc' dir='ltr'>ἀ</span> <span class='ocrx_word' id='word_1_55' title='bbox 889 577 1065 618; x_wconf 88' lang='lat' dir='ltr'>suppositio</span> <span class='ocrx_word' id='word_1_56' title='bbox 1089 576 1134 610; x_wconf 88' lang='lat' dir='ltr'>est</span> <span class='ocrx_word' id='word_1_57' title='bbox 1158 587 1211 610; x_wconf 86' lang='lat' dir='ltr'>vo-</span> 
     </span>
     <span class='ocr_line' id='line_1_10' title="bbox 333 625 1213 669; baseline 0.002 -10"><span class='ocrx_word' id='word_1_58' title='bbox 333 625 381 660; x_wconf 87' lang='lat' dir='ltr'>cis</span> <span class='ocrx_word' id='word_1_59' title='bbox 400 628 517 661; x_wconf 85' lang='lat' dir='ltr'>usus&amp;</span> <span class='ocrx_word' id='word_1_60' title='bbox 542 627 707 669; x_wconf 77' lang='lat' dir='ltr'>usurpatio</span> <span class='ocrx_word' id='word_1_61' title='bbox 723 639 733 659; x_wconf 87' lang='grc'>.-</span> <span class='ocrx_word' id='word_1_62' title='bbox 761 625 885 668; x_wconf 84' lang='lat' dir='ltr'>utijam</span> <span class='ocrx_word' id='word_1_63' title='bbox 899 626 990 659; x_wconf 83' lang='lat' dir='ltr'>dixi.</span> <span class='ocrx_word' id='word_1_64' title='bbox 1020 627 1213 669; x_wconf 79' lang='lat' dir='ltr'>Atquiusus</span> 
     </span>
     <span class='ocr_line' id='line_1_11' title="bbox 331 675 1212 720; baseline 0.002 -11"><span class='ocrx_word' id='word_1_65' title='bbox 331 676 385 711; x_wconf 86' lang='lat' dir='ltr'>seu</span> <span class='ocrx_word' id='word_1_66' title='bbox 409 677 575 720; x_wconf 85' lang='lat' dir='ltr'>usurpatio</span> <span class='ocrx_word' id='word_1_67' title='bbox 598 675 735 718; x_wconf 86' lang='lat' dir='ltr'>alicujus</span> <span class='ocrx_word' id='word_1_68' title='bbox 757 676 802 709; x_wconf 90' lang='lat' dir='ltr'>rei</span> <span class='ocrx_word' id='word_1_69' title='bbox 827 675 872 709; x_wconf 91' lang='lat' dir='ltr'>est</span> <span class='ocrx_word' id='word_1_70' title='bbox 896 678 982 710; x_wconf 61' lang='lat' dir='ltr'>aetus</span> <span class='ocrx_word' id='word_1_71' title='bbox 1005 675 1136 719; x_wconf 86' lang='lat' dir='ltr'>quidam</span> <span class='ocrx_word' id='word_1_72' title='bbox 1159 689 1212 711; x_wconf 86' lang='lat' dir='ltr'>ex·</span> 
     </span>
     <span class='ocr_line' id='line_1_12' title="bbox 330 726 1212 761; baseline 0.001 -1"><span class='ocrx_word' id='word_1_73' title='bbox 330 728 430 761; x_wconf 87' lang='lat' dir='ltr'>terior</span> <span class='ocrx_word' id='word_1_74' title='bbox 452 727 544 760; x_wconf 88' lang='lat' dir='ltr'>simul</span> <span class='ocrx_word' id='word_1_75' title='bbox 570 738 645 760; x_wconf 88' lang='lat' dir='ltr'>cum</span> <span class='ocrx_word' id='word_1_76' title='bbox 669 727 740 759; x_wconf 66' lang='lat' dir='ltr'>actu</span> <span class='ocrx_word' id='word_1_77' title='bbox 761 726 916 760; x_wconf 86' lang='lat' dir='ltr'>interiore</span> <span class='ocrx_word' id='word_1_78' title='bbox 938 727 1118 760; x_wconf 83' lang='lat' dir='ltr'>voluntatis</span> <span class='ocrx_word' id='word_1_79' title='bbox 1141 738 1149 758; x_wconf 74' lang='grc' dir='ltr'>ε</span> <span class='ocrx_word' id='word_1_80' title='bbox 1177 737 1212 761; x_wconf 91' lang='lat' dir='ltr'>ut</span> 
     </span>
     <span class='ocr_line' id='line_1_13' title="bbox 332 775 1211 818; baseline 0 -8"><span class='ocrx_word' id='word_1_81' title='bbox 332 777 432 811; x_wconf 81' lang='lat' dir='ltr'>tradit</span> <span class='ocrx_word' id='word_1_82' title='bbox 456 776 651 812; x_wconf 88' lang='lat' dir='ltr'>S.Thomas</span> <span class='ocrx_word' id='word_1_83' title='bbox 673 787 701 811; x_wconf 80' lang='lat'>1·</span> <span class='ocrx_word' id='word_1_84' title='bbox 721 787 751 812; x_wconf 89' lang='lat'>2.</span> <span class='ocrx_word' id='word_1_85' title='bbox 775 776 875 818; x_wconf 80' lang='lat' dir='ltr'>quaest.</span> <span class='ocrx_word' id='word_1_86' title='bbox 894 776 948 812; x_wconf 79' lang='lat'>16·</span> <span class='ocrx_word' id='word_1_87' title='bbox 969 786 1026 809; x_wconf 78' lang='lat' dir='ltr'>art.</span> <span class='ocrx_word' id='word_1_88' title='bbox 1045 787 1073 812; x_wconf 89' lang='lat'>1.</span> <span class='ocrx_word' id='word_1_89' title='bbox 1100 775 1143 810; x_wconf 91' lang='lat' dir='ltr'>Et</span> <span class='ocrx_word' id='word_1_90' title='bbox 1155 777 1211 811; x_wconf 83' lang='lat' dir='ltr'>alii</span> 
     </span>
     <span class='ocr_line' id='line_1_14' title="bbox 332 825 1211 871; baseline 0.001 -11"><span class='ocrx_word' id='word_1_91' title='bbox 332 826 454 862; x_wconf 81' lang='lat' dir='ltr'>ibidem</span> <span class='ocrx_word' id='word_1_92' title='bbox 478 826 721 861; x_wconf 88' lang='lat' dir='ltr'>communiter.</span> <span class='ocrx_word' id='word_1_93' title='bbox 750 825 841 871; x_wconf 88' lang='lat' dir='ltr'>Ergo</span> <span class='ocrx_word' id='word_1_94' title='bbox 862 827 1010 860; x_wconf 88' lang='lat' dir='ltr'>similiter</span> <span class='ocrx_word' id='word_1_95' title='bbox 1037 826 1211 870; x_wconf 83' lang='lat' dir='ltr'>suppofitio</span> 
     </span>
     <span class='ocr_line' id='line_1_15' title="bbox 331 875 1209 919; baseline -0.001 -8"><span class='ocrx_word' id='word_1_96' title='bbox 331 878 422 911; x_wconf 89' lang='lat' dir='ltr'>vocis</span> <span class='ocrx_word' id='word_1_97' title='bbox 441 878 592 919; x_wconf 81' lang='lat' dir='ltr'>importat</span> <span class='ocrx_word' id='word_1_98' title='bbox 615 875 683 910; x_wconf 92' lang='lat' dir='ltr'>duo</span> <span class='ocrx_word' id='word_1_99' title='bbox 699 899 709 915; x_wconf 89' lang='lat'>,</span> <span class='ocrx_word' id='word_1_100' title='bbox 735 876 887 911; x_wconf 86' lang='lat' dir='ltr'>videlicet</span> <span class='ocrx_word' id='word_1_101' title='bbox 897 878 1003 911; x_wconf 71' lang='lat' dir='ltr'>astum</span> <span class='ocrx_word' id='word_1_102' title='bbox 1015 877 1209 911; x_wconf 78' lang='lat' dir='ltr'>exteriorem</span> 
     </span>
     <span class='ocr_line' id='line_1_16' title="bbox 332 925 1210 972; baseline 0.001 -12"><span class='ocrx_word' id='word_1_103' title='bbox 332 927 425 961; x_wconf 87' lang='lat' dir='ltr'>simul</span> <span class='ocrx_word' id='word_1_104' title='bbox 447 936 522 959; x_wconf 88' lang='lat' dir='ltr'>cum</span> <span class='ocrx_word' id='word_1_105' title='bbox 546 927 618 961; x_wconf 72' lang='lat' dir='ltr'>astu</span> <span class='ocrx_word' id='word_1_106' title='bbox 641 925 823 961; x_wconf 88' lang='lat' dir='ltr'>voluntatis</span> <span class='ocrx_word' id='word_1_107' title='bbox 844 928 994 961; x_wconf 71' lang='lat' dir='ltr'>interno:</span> <span class='ocrx_word' id='word_1_108' title='bbox 1022 928 1111 972; x_wconf 90' lang='lat' dir='ltr'>atqui</span> <span class='ocrx_word' id='word_1_109' title='bbox 1124 928 1210 961; x_wconf 71' lang='lat' dir='ltr'>aetus</span> 
     </span>
     <span class='ocr_line' id='line_1_17' title="bbox 331 975 1210 1021; baseline 0.001 -11"><span class='ocrx_word' id='word_1_110' title='bbox 331 975 388 1011; x_wconf 85' lang='lat' dir='ltr'>hic</span> <span class='ocrx_word' id='word_1_111' title='bbox 416 986 569 1010; x_wconf 85' lang='lat' dir='ltr'>externus</span> <span class='ocrx_word' id='word_1_112' title='bbox 605 977 719 1019; x_wconf 89' lang='lat' dir='ltr'>nequit</span> <span class='ocrx_word' id='word_1_113' title='bbox 751 977 814 1011; x_wconf 80' lang='lat' dir='ltr'>effe</span> <span class='ocrx_word' id='word_1_114' title='bbox 836 976 919 1011; x_wconf 88' lang='lat' dir='ltr'>alius</span> <span class='ocrx_word' id='word_1_115' title='bbox 945 1001 955 1017; x_wconf 92' lang='lat'><strong>,</strong></span> <span class='ocrx_word' id='word_1_116' title='bbox 992 989 1092 1021; x_wconf 88' lang='lat' dir='ltr'>quam</span> <span class='ocrx_word' id='word_1_117' title='bbox 1120 977 1210 1012; x_wconf 87' lang='lat' dir='ltr'>vocis</span> 
     </span>
     <span class='ocr_line' id='line_1_18' title="bbox 332 1026 1209 1070; baseline 0.003 -12"><span class='ocrx_word' id='word_1_118' title='bbox 332 1026 488 1069; x_wconf 77' lang='lat' dir='ltr'>prolatio:</span> <span class='ocrx_word' id='word_1_119' title='bbox 519 1026 552 1059; x_wconf 74' lang='grc' dir='ltr'>δε</span> <span class='ocrx_word' id='word_1_120' title='bbox 575 1027 661 1060; x_wconf 66' lang='lat' dir='ltr'>astus</span> <span class='ocrx_word' id='word_1_121' title='bbox 674 1026 1011 1061; x_wconf 84' lang='lat' dir='ltr'>voluntatisinternus</span> <span class='ocrx_word' id='word_1_122' title='bbox 1023 1028 1136 1070; x_wconf 87' lang='lat' dir='ltr'>nequit</span> <span class='ocrx_word' id='word_1_123' title='bbox 1146 1030 1209 1062; x_wconf 82' lang='lat' dir='ltr'>esse</span> 
     </span>
     <span class='ocr_line' id='line_1_19' title="bbox 331 1075 1206 1122; baseline 0 -13"><span class='ocrx_word' id='word_1_124' title='bbox 331 1075 438 1116; x_wconf 86' lang='lat' dir='ltr'>alius,</span> <span class='ocrx_word' id='word_1_125' title='bbox 465 1086 562 1119; x_wconf 87' lang='lat' dir='ltr'>quam</span> <span class='ocrx_word' id='word_1_126' title='bbox 584 1076 704 1111; x_wconf 88' lang='lat' dir='ltr'>volitio</span> <span class='ocrx_word' id='word_1_127' title='bbox 729 1078 794 1110; x_wconf 85' lang='lat' dir='ltr'>sive</span> <span class='ocrx_word' id='word_1_128' title='bbox 819 1077 961 1111; x_wconf 82' lang='lat' dir='ltr'>intentio</span> <span class='ocrx_word' id='word_1_129' title='bbox 983 1077 1206 1122; x_wconf 83' lang='lat' dir='ltr'>significandi:</span> 
     </span>
     <span class='ocr_line' id='line_1_20' title="bbox 330 1126 1206 1172; baseline 0.001 -12"><span class='ocrx_word' id='word_1_130' title='bbox 330 1127 403 1170; x_wconf 84' lang='lat' dir='ltr'>quis</span> <span class='ocrx_word' id='word_1_131' title='bbox 424 1126 513 1160; x_wconf 86' lang='lat' dir='ltr'>enirn</span> <span class='ocrx_word' id='word_1_132' title='bbox 534 1127 619 1160; x_wconf 87' lang='lat' dir='ltr'>foret</span> <span class='ocrx_word' id='word_1_133' title='bbox 642 1126 748 1161; x_wconf 85' lang='lat' dir='ltr'>alius?</span> <span class='ocrx_word' id='word_1_134' title='bbox 776 1127 865 1172; x_wconf 89' lang='lat' dir='ltr'>Ergo</span> <span class='ocrx_word' id='word_1_135' title='bbox 892 1128 1070 1171; x_wconf 78' lang='lat' dir='ltr'>suppositio</span> <span class='ocrx_word' id='word_1_136' title='bbox 1094 1127 1138 1161; x_wconf 86' lang='lat' dir='ltr'>est</span> <span class='ocrx_word' id='word_1_137' title='bbox 1153 1138 1206 1161; x_wconf 86' lang='lat' dir='ltr'>vo-</span> 
     </span>
     <span class='ocr_line' id='line_1_21' title="bbox 329 1176 1069 1224; baseline -0.003 -13"><span class='ocrx_word' id='word_1_138' title='bbox 329 1176 377 1211; x_wconf 84' lang='lat' dir='ltr'>cis</span> <span class='ocrx_word' id='word_1_139' title='bbox 397 1177 539 1222; x_wconf 89' lang='lat' dir='ltr'>prolatio</span> <span class='ocrx_word' id='word_1_140' title='bbox 554 1187 632 1212; x_wconf 89' lang='lat' dir='ltr'>cum</span> <span class='ocrx_word' id='word_1_141' title='bbox 653 1177 824 1212; x_wconf 69' lang='lat' dir='ltr'>voluntate</span> <span class='ocrx_word' id='word_1_142' title='bbox 846 1178 1069 1224; x_wconf 81' lang='lat' dir='ltr'>significandi.</span> 
     </span>
    </p>
   </div>
   <div class='ocr_carea' id='block_1_5' title="bbox 569 1327 971 1365">
    <p class='ocr_par' dir='ltr' id='par_1_5' title="bbox 569 1327 971 1365">
     <span class='ocr_line' id='line_1_22' title="bbox 569 1327 971 1365; baseline -0.01 -1"><span class='ocrx_word' id='word_1_143' title='bbox 569 1328 868 1365; x_wconf 87' lang='lat' dir='ltr'>SECTIO</span> <span class='ocrx_word' id='word_1_144' title='bbox 918 1327 971 1361; x_wconf 90' lang='lat'>11.</span> 
     </span>
    </p>
   </div>
   <div class='ocr_carea' id='block_1_6' title="bbox 439 1427 1095 1513">
    <p class='ocr_par' dir='ltr' id='par_1_6' title="bbox 439 1427 1095 1513">
     <span class='ocr_line' id='line_1_23' title="bbox 439 1427 1095 1476; baseline -0.002 -14"><span class='ocrx_word' id='word_1_145' title='bbox 439 1431 647 1472; x_wconf 63' lang='lat' dir='ltr'>proponuntur</span> <span class='ocrx_word' id='word_1_146' title='bbox 673 1430 708 1464; x_wconf 66' lang='grc' dir='ltr'><em>Θ</em></span> <span class='ocrx_word' id='word_1_147' title='bbox 729 1427 888 1476; x_wconf 69' lang='lat' dir='ltr'>fhlvuntur</span> <span class='ocrx_word' id='word_1_148' title='bbox 913 1435 1095 1475; x_wconf 84' lang='lat' dir='ltr'>argumenta</span> 
     </span>
     <span class='ocr_line' id='line_1_24' title="bbox 687 1484 857 1513; baseline 0.006 -1"><span class='ocrx_word' id='word_1_149' title='bbox 687 1484 857 1513; x_wconf 68' lang='lat' dir='ltr'>contraria.</span> 
     </span>
    </p>
   </div>
   <div class='ocr_carea' id='block_1_7' title="bbox 320 1576 1211 3569">
    <p class='ocr_par' dir='ltr' id='par_1_7' title="bbox 332 1576 1205 1672">
     <span class='ocr_line' id='line_1_25' title="bbox 332 1576 1205 1623; baseline 0.002 -13"><span class='ocrx_word' id='word_1_150' title='bbox 332 1577 387 1615; x_wconf 80' lang='lat'>16.</span> <span class='ocrx_word' id='word_1_151' title='bbox 523 1580 638 1620; x_wconf 68' lang='lat' dir='ltr'>Bjicies</span> <span class='ocrx_word' id='word_1_152' title='bbox 660 1580 759 1621; x_wconf 62' lang='lat' dir='ltr'>prim&amp;</span> <span class='ocrx_word' id='word_1_153' title='bbox 783 1591 794 1611; x_wconf 92' lang='lat'>.·</span> <span class='ocrx_word' id='word_1_154' title='bbox 820 1578 911 1612; x_wconf 84' lang='lat' dir='ltr'>Tam</span> <span class='ocrx_word' id='word_1_155' title='bbox 936 1579 1077 1623; x_wconf 86' lang='lat' dir='ltr'>prolatio</span> <span class='ocrx_word' id='word_1_156' title='bbox 1098 1576 1205 1618; x_wconf 88' lang='lat' dir='ltr'>vocis,</span> 
     </span>
     <span class='ocr_line' id='line_1_26' title="bbox 533 1628 1205 1672; baseline -0.001 -10"><span class='ocrx_word' id='word_1_157' title='bbox 533 1638 630 1672; x_wconf 86' lang='lat' dir='ltr'>quam</span> <span class='ocrx_word' id='word_1_158' title='bbox 652 1629 749 1662; x_wconf 92' lang='lat' dir='ltr'>etiam</span> <span class='ocrx_word' id='word_1_159' title='bbox 783 1629 926 1663; x_wconf 82' lang='lat' dir='ltr'>intentio</span> <span class='ocrx_word' id='word_1_160' title='bbox 954 1629 1120 1672; x_wconf 89' lang='lat' dir='ltr'>loquentis</span> <span class='ocrx_word' id='word_1_161' title='bbox 1144 1628 1205 1662; x_wconf 90' lang='lat' dir='ltr'>ali-</span> 
     </span>
    </p>

    <p class='ocr_par' dir='ltr' id='par_1_8' title="bbox 320 1677 1211 3569">
     <span class='ocr_line' id='line_1_27' title="bbox 324 1677 1206 1724; baseline -0.001 -12"><span class='ocrx_word' id='word_1_162' title='bbox 324 1677 404 1724; x_wconf 83' lang='lat' dir='ltr'>quid</span> <span class='ocrx_word' id='word_1_163' title='bbox 429 1688 484 1720; x_wconf 90' lang='lat' dir='ltr'>per</span> <span class='ocrx_word' id='word_1_164' title='bbox 507 1689 620 1712; x_wconf 85' lang='lat' dir='ltr'>vocem</span> <span class='ocrx_word' id='word_1_165' title='bbox 641 1678 843 1723; x_wconf 88' lang='lat' dir='ltr'>significandi</span> <span class='ocrx_word' id='word_1_166' title='bbox 866 1679 938 1712; x_wconf 83' lang='lat' dir='ltr'>sunt</span> <span class='ocrx_word' id='word_1_167' title='bbox 959 1679 1137 1723; x_wconf 86' lang='lat' dir='ltr'>significata</span> <span class='ocrx_word' id='word_1_168' title='bbox 1153 1689 1206 1711; x_wconf 90' lang='lat' dir='ltr'>vo·</span> 
     </span>
     <span class='ocr_line' id='line_1_28' title="bbox 324 1728 1208 1772; baseline -0.001 -10"><span class='ocrx_word' id='word_1_169' title='bbox 324 1729 372 1762; x_wconf 86' lang='lat' dir='ltr'>eis</span> <span class='ocrx_word' id='word_1_170' title='bbox 404 1739 412 1758; x_wconf 71' lang='grc' dir='ltr'><strong>ι</strong></span> <span class='ocrx_word' id='word_1_171' title='bbox 449 1728 541 1770; x_wconf 89' lang='lat' dir='ltr'>atqui</span> <span class='ocrx_word' id='word_1_172' title='bbox 567 1728 785 1772; x_wconf 81' lang='lat' dir='ltr'>significatum</span> <span class='ocrx_word' id='word_1_173' title='bbox 807 1730 898 1763; x_wconf 91' lang='lat' dir='ltr'>vocis</span> <span class='ocrx_word' id='word_1_174' title='bbox 920 1729 1034 1771; x_wconf 90' lang='lat' dir='ltr'>nequit</span> <span class='ocrx_word' id='word_1_175' title='bbox 1055 1728 1118 1761; x_wconf 77' lang='lat' dir='ltr'>esse</span> <span class='ocrx_word' id='word_1_176' title='bbox 1140 1729 1208 1770; x_wconf 89' lang='lat' dir='ltr'>sup-</span> 
     </span>
     <span class='ocr_line' id='line_1_29' title="bbox 324 1774 1207 1823; baseline 0 -12"><span class='ocrx_word' id='word_1_177' title='bbox 324 1774 443 1821; x_wconf 77' lang='lat' dir='ltr'>positio</span> <span class='ocrx_word' id='word_1_178' title='bbox 469 1775 561 1810; x_wconf 82' lang='lat' dir='ltr'>vocis</span> <span class='ocrx_word' id='word_1_179' title='bbox 586 1791 597 1810; x_wconf 88' lang='lat'><em>:</em></span> <span class='ocrx_word' id='word_1_180' title='bbox 622 1789 704 1823; x_wconf 89' lang='lat' dir='ltr'>ergo</span> <span class='ocrx_word' id='word_1_181' title='bbox 727 1789 831 1821; x_wconf 88' lang='lat' dir='ltr'>neque</span> <span class='ocrx_word' id='word_1_182' title='bbox 853 1779 996 1821; x_wconf 87' lang='lat' dir='ltr'>prolatio</span> <span class='ocrx_word' id='word_1_183' title='bbox 1017 1778 1106 1812; x_wconf 86' lang='lat' dir='ltr'>vocis</span> <span class='ocrx_word' id='word_1_184' title='bbox 1133 1788 1207 1811; x_wconf 88' lang='lat' dir='ltr'>cum</span> 
     </span>
     <span class='ocr_line' id='line_1_30' title="bbox 323 1825 1194 1872; baseline -0.003 -10"><span class='ocrx_word' id='word_1_185' title='bbox 323 1825 512 1862; x_wconf 80' lang='lat' dir='ltr'>intentione</span> <span class='ocrx_word' id='word_1_186' title='bbox 535 1826 740 1870; x_wconf 80' lang='lat' dir='ltr'>significandi</span> <span class='ocrx_word' id='word_1_187' title='bbox 758 1829 821 1862; x_wconf 81' lang='lat' dir='ltr'>esse</span> <span class='ocrx_word' id='word_1_188' title='bbox 833 1829 936 1872; x_wconf 88' lang='lat' dir='ltr'>potest</span> <span class='ocrx_word' id='word_1_189' title='bbox 964 1827 1140 1871; x_wconf 77' lang='lat' dir='ltr'>suppositio</span> <span class='ocrx_word' id='word_1_190' title='bbox 1152 1838 1194 1860; x_wconf 94' lang='lat' dir='ltr'>vo</span> 
     </span>
     <span class='ocr_line' id='line_1_31' title="bbox 323 1875 1195 1921; baseline 0.001 -11"><span class='ocrx_word' id='word_1_191' title='bbox 323 1878 389 1910; x_wconf 86' lang='lat' dir='ltr'>cis.</span> <span class='ocrx_word' id='word_1_192' title='bbox 418 1875 527 1919; x_wconf 84' lang='lat' dir='ltr'>Hujus</span> <span class='ocrx_word' id='word_1_193' title='bbox 548 1879 732 1921; x_wconf 87' lang='lat' dir='ltr'>argumenti</span> <span class='ocrx_word' id='word_1_194' title='bbox 755 1879 887 1921; x_wconf 85' lang='lat' dir='ltr'>conseq.</span> <span class='ocrx_word' id='word_1_195' title='bbox 910 1878 955 1912; x_wconf 88' lang='lat' dir='ltr'>est</span> <span class='ocrx_word' id='word_1_196' title='bbox 980 1879 1066 1912; x_wconf 90' lang='lat' dir='ltr'>clara</span> <span class='ocrx_word' id='word_1_197' title='bbox 1087 1890 1098 1920; x_wconf 77' lang='lat'>3</span> <span class='ocrx_word' id='word_1_198' title='bbox 1138 1889 1195 1919; x_wconf 83' lang='lat' dir='ltr'>pro</span> 
     </span>
     <span class='ocr_line' id='line_1_32' title="bbox 324 1925 1186 1969; baseline -0.003 -8"><span class='ocrx_word' id='word_1_199' title='bbox 324 1926 432 1961; x_wconf 82' lang='lat' dir='ltr'>banda</span> <span class='ocrx_word' id='word_1_200' title='bbox 456 1935 567 1960; x_wconf 90' lang='lat' dir='ltr'>tamen</span> <span class='ocrx_word' id='word_1_201' title='bbox 592 1926 637 1959; x_wconf 86' lang='lat' dir='ltr'>est</span> <span class='ocrx_word' id='word_1_202' title='bbox 669 1925 771 1969; x_wconf 72' lang='lat' dir='ltr'>major</span> <span class='ocrx_word' id='word_1_203' title='bbox 793 1950 803 1965; x_wconf 92' lang='lat'>,</span> <span class='ocrx_word' id='word_1_204' title='bbox 840 1927 935 1958; x_wconf 89' lang='lat' dir='ltr'>simul</span> <span class='ocrx_word' id='word_1_205' title='bbox 957 1938 1033 1959; x_wconf 87' lang='lat' dir='ltr'>cum</span> <span class='ocrx_word' id='word_1_206' title='bbox 1057 1928 1186 1959; x_wconf 89' lang='lat' dir='ltr'>minore</span> 
     </span>
     <span class='ocr_line' id='line_1_33' title="bbox 323 1974 1196 2019; baseline -0.005 -9"><span class='ocrx_word' id='word_1_207' title='bbox 323 1976 370 2011; x_wconf 87' lang='lat' dir='ltr'>Et</span> <span class='ocrx_word' id='word_1_208' title='bbox 391 1975 496 2019; x_wconf 84' lang='lat' dir='ltr'>major</span> <span class='ocrx_word' id='word_1_209' title='bbox 519 1975 659 2019; x_wconf 49' lang='lat' dir='ltr'>quidem*</span> <span class='ocrx_word' id='word_1_210' title='bbox 673 1976 845 2009; x_wconf 84' lang='lat' dir='ltr'>manifesta</span> <span class='ocrx_word' id='word_1_211' title='bbox 868 1975 913 2009; x_wconf 87' lang='lat' dir='ltr'>est</span> <span class='ocrx_word' id='word_1_212' title='bbox 934 1975 1027 2009; x_wconf 89' lang='lat' dir='ltr'>omni</span> <span class='ocrx_word' id='word_1_213' title='bbox 1053 1974 1136 2017; x_wconf 84' lang='lat' dir='ltr'>Juris</span> <span class='ocrx_word' id='word_1_214' title='bbox 1158 1985 1196 2017; x_wconf 91' lang='lat' dir='ltr'>pe</span> 
     </span>
     <span class='ocr_line' id='line_1_34' title="bbox 324 2024 1176 2067; baseline -0.004 -6"><span class='ocrx_word' id='word_1_215' title='bbox 324 2027 390 2061; x_wconf 84' lang='lat' dir='ltr'>rito</span> <span class='ocrx_word' id='word_1_216' title='bbox 411 2051 422 2067; x_wconf 91' lang='lat'><em>,</em></span> <span class='ocrx_word' id='word_1_217' title='bbox 448 2037 486 2061; x_wconf 86' lang='lat' dir='ltr'>ac</span> <span class='ocrx_word' id='word_1_218' title='bbox 507 2027 606 2060; x_wconf 87' lang='lat' dir='ltr'>etiam</span> <span class='ocrx_word' id='word_1_219' title='bbox 634 2028 727 2060; x_wconf 88' lang='lat' dir='ltr'>omni</span> <span class='ocrx_word' id='word_1_220' title='bbox 751 2025 968 2061; x_wconf 79' lang='lat' dir='ltr'>Summulistae</span> <span class='ocrx_word' id='word_1_221' title='bbox 991 2026 1024 2059; x_wconf 89' lang='lat'>&amp;</span> <span class='ocrx_word' id='word_1_222' title='bbox 1047 2024 1176 2067; x_wconf 87' lang='lat' dir='ltr'>Logico</span> 
     </span>
     <span class='ocr_line' id='line_1_35' title="bbox 324 2073 1210 2123; baseline -0.006 -12"><span class='ocrx_word' id='word_1_223' title='bbox 324 2076 418 2123; x_wconf 78' lang='lat' dir='ltr'>Quia</span> <span class='ocrx_word' id='word_1_224' title='bbox 436 2076 653 2120; x_wconf 85' lang='lat' dir='ltr'>significatum</span> <span class='ocrx_word' id='word_1_225' title='bbox 675 2076 764 2109; x_wconf 84' lang='lat' dir='ltr'>vocis</span> <span class='ocrx_word' id='word_1_226' title='bbox 785 2076 830 2107; x_wconf 88' lang='lat' dir='ltr'>est</span> <span class='ocrx_word' id='word_1_227' title='bbox 859 2073 963 2111; x_wconf 85' lang='lat' dir='ltr'>illud,</span> <span class='ocrx_word' id='word_1_228' title='bbox 988 2075 1020 2106; x_wconf 85' lang='lat' dir='ltr'>in</span> <span class='ocrx_word' id='word_1_229' title='bbox 1043 2075 1135 2114; x_wconf 85' lang='lat' dir='ltr'>cujus</span> <span class='ocrx_word' id='word_1_230' title='bbox 1156 2084 1210 2106; x_wconf 92' lang='lat' dir='ltr'>co-</span> 
     </span>
     <span class='ocr_line' id='line_1_36' title="bbox 323 2122 1209 2171; baseline -0.009 -11"><span class='ocrx_word' id='word_1_231' title='bbox 323 2126 513 2171; x_wconf 86' lang='lat' dir='ltr'>gnitionem</span> <span class='ocrx_word' id='word_1_232' title='bbox 539 2124 709 2158; x_wconf 89' lang='lat' dir='ltr'>deducitur</span> <span class='ocrx_word' id='word_1_233' title='bbox 747 2122 882 2155; x_wconf 86' lang='lat' dir='ltr'>audiens</span> <span class='ocrx_word' id='word_1_234' title='bbox 900 2133 940 2155; x_wconf 89' lang='lat' dir='ltr'>ex</span> <span class='ocrx_word' id='word_1_235' title='bbox 964 2122 1133 2154; x_wconf 84' lang='lat' dir='ltr'>auditione</span> <span class='ocrx_word' id='word_1_236' title='bbox 1157 2133 1209 2153; x_wconf 89' lang='lat' dir='ltr'>vo-</span> 
     </span>
     <span class='ocr_line' id='line_1_37' title="bbox 323 2169 1208 2218; baseline -0.008 -9"><span class='ocrx_word' id='word_1_237' title='bbox 323 2176 390 2210; x_wconf 85' lang='lat' dir='ltr'>cis:</span> <span class='ocrx_word' id='word_1_238' title='bbox 421 2175 512 2218; x_wconf 88' lang='lat' dir='ltr'>atqui</span> <span class='ocrx_word' id='word_1_239' title='bbox 536 2172 669 2207; x_wconf 84' lang='lat' dir='ltr'>audiens</span> <span class='ocrx_word' id='word_1_240' title='bbox 688 2184 728 2206; x_wconf 82' lang='lat' dir='ltr'>ex</span> <span class='ocrx_word' id='word_1_241' title='bbox 751 2183 831 2205; x_wconf 88' lang='lat' dir='ltr'>voce</span> <span class='ocrx_word' id='word_1_242' title='bbox 857 2171 969 2204; x_wconf 89' lang='lat' dir='ltr'>audita</span> <span class='ocrx_word' id='word_1_243' title='bbox 994 2169 1208 2215; x_wconf 88' lang='lat' dir='ltr'>cognoscit&amp;</span> 
     </span>
     <span class='ocr_line' id='line_1_38' title="bbox 324 2221 1209 2269; baseline -0.009 -10"><span class='ocrx_word' id='word_1_244' title='bbox 324 2225 546 2269; x_wconf 79' lang='lat' dir='ltr'>prolationem</span> <span class='ocrx_word' id='word_1_245' title='bbox 578 2223 690 2262; x_wconf 85' lang='lat' dir='ltr'>vocis,</span> <span class='ocrx_word' id='word_1_246' title='bbox 717 2233 756 2255; x_wconf 81' lang='lat' dir='ltr'>ac</span> <span class='ocrx_word' id='word_1_247' title='bbox 775 2223 874 2256; x_wconf 86' lang='lat' dir='ltr'>etiarn</span> <span class='ocrx_word' id='word_1_248' title='bbox 899 2221 1144 2259; x_wconf 87' lang='lat' dir='ltr'>intentionem,</span> <span class='ocrx_word' id='word_1_249' title='bbox 1172 2230 1209 2252; x_wconf 87' lang='lat' dir='ltr'>ac</span> 
     </span>
     <span class='ocr_line' id='line_1_39' title="bbox 325 2269 1210 2316; baseline -0.009 -7"><span class='ocrx_word' id='word_1_250' title='bbox 325 2283 470 2309; x_wconf 88' lang='lat' dir='ltr'>mentem</span> <span class='ocrx_word' id='word_1_251' title='bbox 496 2272 680 2316; x_wconf 86' lang='lat' dir='ltr'>loquentis:</span> <span class='ocrx_word' id='word_1_252' title='bbox 708 2281 785 2303; x_wconf 88' lang='lat' dir='ltr'>narn</span> <span class='ocrx_word' id='word_1_253' title='bbox 810 2270 914 2304; x_wconf 87' lang='lat' dir='ltr'>verbis</span> <span class='ocrx_word' id='word_1_254' title='bbox 938 2269 1117 2302; x_wconf 79' lang='lat' dir='ltr'>declaratur</span> <span class='ocrx_word' id='word_1_255' title='bbox 1142 2271 1210 2301; x_wconf 89' lang='lat' dir='ltr'>ani-</span> 
     </span>
     <span class='ocr_line' id='line_1_40' title="bbox 323 2318 1208 2365; baseline -0.01 -6"><span class='ocrx_word' id='word_1_256' title='bbox 323 2336 420 2364; x_wconf 84' lang='lat' dir='ltr'>mus,</span> <span class='ocrx_word' id='word_1_257' title='bbox 445 2324 478 2357; x_wconf 86' lang='lat'>&amp;</span> <span class='ocrx_word' id='word_1_258' title='bbox 504 2321 577 2356; x_wconf 86' lang='lat' dir='ltr'>talis</span> <span class='ocrx_word' id='word_1_259' title='bbox 599 2319 821 2365; x_wconf 74' lang='lat' dir='ltr'>praesumitur,</span> <span class='ocrx_word' id='word_1_260' title='bbox 850 2319 980 2363; x_wconf 86' lang='lat' dir='ltr'>qualem</span> <span class='ocrx_word' id='word_1_261' title='bbox 1011 2318 1208 2362; x_wconf 89' lang='lat' dir='ltr'>prolataver-</span> 
     </span>
     <span class='ocr_line' id='line_1_41' title="bbox 324 2367 1211 2418; baseline -0.01 -9"><span class='ocrx_word' id='word_1_262' title='bbox 324 2374 364 2409; x_wconf 89' lang='lat' dir='ltr'>ba</span> <span class='ocrx_word' id='word_1_263' title='bbox 386 2373 589 2418; x_wconf 82' lang='lat' dir='ltr'>significant.</span> <span class='ocrx_word' id='word_1_264' title='bbox 621 2375 657 2404; x_wconf 81' lang='lat' dir='ltr'>L.</span> <span class='ocrx_word' id='word_1_265' title='bbox 681 2369 783 2410; x_wconf 80' lang='lat' dir='ltr'>labeo,</span> <span class='ocrx_word' id='word_1_266' title='bbox 809 2370 835 2413; x_wconf 84' lang='lat'>§.</span> <span class='ocrx_word' id='word_1_267' title='bbox 860 2369 937 2403; x_wconf 81' lang='lat' dir='ltr'>idem</span> <span class='ocrx_word' id='word_1_268' title='bbox 959 2369 1088 2403; x_wconf 77' lang='lat' dir='ltr'>tuber-on.</span> <span class='ocrx_word' id='word_1_269' title='bbox 1107 2367 1146 2409; x_wconf 78' lang='lat' dir='ltr'><em>ffl</em></span> <span class='ocrx_word' id='word_1_270' title='bbox 1173 2369 1211 2401; x_wconf 81' lang='lat' dir='ltr'>de</span> 
     </span>
     <span class='ocr_line' id='line_1_42' title="bbox 322 2418 1210 2469; baseline -0.008 -11"><span class='ocrx_word' id='word_1_271' title='bbox 322 2423 426 2469; x_wconf 80' lang='lat' dir='ltr'>supell.</span> <span class='ocrx_word' id='word_1_272' title='bbox 447 2425 499 2466; x_wconf 85' lang='lat' dir='ltr'>leg.</span> <span class='ocrx_word' id='word_1_273' title='bbox 531 2422 611 2469; x_wconf 80' lang='lat' dir='ltr'>Qio</span> <span class='ocrx_word' id='word_1_274' title='bbox 643 2420 708 2454; x_wconf 92' lang='lat' dir='ltr'>loci</span> <span class='ocrx_word' id='word_1_275' title='bbox 728 2419 843 2453; x_wconf 85' lang='lat' dir='ltr'>Celsus</span> <span class='ocrx_word' id='word_1_276' title='bbox 866 2431 907 2453; x_wconf 86' lang='lat' dir='ltr'>ex</span> <span class='ocrx_word' id='word_1_277' title='bbox 931 2418 1122 2453; x_wconf 88' lang='lat' dir='ltr'>Tuberonis</span> <span class='ocrx_word' id='word_1_278' title='bbox 1145 2419 1210 2452; x_wconf 87' lang='lat' dir='ltr'>sen·</span> 
     </span>
     <span class='ocr_line' id='line_1_43' title="bbox 322 2468 1210 2512; baseline -0.009 -3"><span class='ocrx_word' id='word_1_279' title='bbox 322 2475 427 2509; x_wconf 83' lang='lat' dir='ltr'>tentia</span> <span class='ocrx_word' id='word_1_280' title='bbox 456 2472 563 2512; x_wconf 82' lang='lat' dir='ltr'>dixit,</span> <span class='ocrx_word' id='word_1_281' title='bbox 590 2470 730 2505; x_wconf 88' lang='lat' dir='ltr'>nomina</span> <span class='ocrx_word' id='word_1_282' title='bbox 756 2470 843 2510; x_wconf 77' lang='lat' dir='ltr'>esse,</span> <span class='ocrx_word' id='word_1_283' title='bbox 869 2480 906 2503; x_wconf 93' lang='lat' dir='ltr'>ut</span> <span class='ocrx_word' id='word_1_284' title='bbox 919 2468 1143 2503; x_wconf 88' lang='lat' dir='ltr'>demonstrent</span> <span class='ocrx_word' id='word_1_285' title='bbox 1157 2480 1210 2502; x_wconf 93' lang='lat' dir='ltr'>vo·</span> 
     </span>
     <span class='ocr_line' id='line_1_44' title="bbox 324 2518 1209 2563; baseline -0.01 -3"><span class='ocrx_word' id='word_1_286' title='bbox 324 2525 485 2560; x_wconf 87' lang='lat' dir='ltr'>luntatem</span> <span class='ocrx_word' id='word_1_287' title='bbox 512 2521 675 2561; x_wconf 78' lang='lat' dir='ltr'>dicentis,</span> <span class='ocrx_word' id='word_1_288' title='bbox 701 2520 734 2554; x_wconf 90' lang='lat'>&amp;</span> <span class='ocrx_word' id='word_1_289' title='bbox 756 2530 953 2563; x_wconf 89' lang='lat' dir='ltr'>quemquam</span> <span class='ocrx_word' id='word_1_290' title='bbox 984 2530 1052 2552; x_wconf 91' lang='lat' dir='ltr'>non</span> <span class='ocrx_word' id='word_1_291' title='bbox 1079 2518 1209 2558; x_wconf 86' lang='lat' dir='ltr'>dicere,</span> 
     </span>
     <span class='ocr_line' id='line_1_45' title="bbox 322 2568 1209 2618; baseline -0.011 -9"><span class='ocrx_word' id='word_1_292' title='bbox 322 2574 413 2618; x_wconf 89' lang='lat' dir='ltr'>quod</span> <span class='ocrx_word' id='word_1_293' title='bbox 438 2584 506 2607; x_wconf 90' lang='lat' dir='ltr'>non</span> <span class='ocrx_word' id='word_1_294' title='bbox 531 2571 626 2605; x_wconf 81' lang='lat' dir='ltr'>sensit</span> <span class='ocrx_word' id='word_1_295' title='bbox 652 2595 658 2602; x_wconf 93' lang='lat'><strong>.</strong></span> <span class='ocrx_word' id='word_1_296' title='bbox 690 2570 797 2604; x_wconf 89' lang='lat' dir='ltr'>Unde</span> <span class='ocrx_word' id='word_1_297' title='bbox 821 2570 853 2604; x_wconf 88' lang='lat'>&amp;</span> <span class='ocrx_word' id='word_1_298' title='bbox 875 2569 1086 2604; x_wconf 79' lang='lat' dir='ltr'>Cassiodorus</span> <span class='ocrx_word' id='word_1_299' title='bbox 1107 2568 1157 2601; x_wconf 71' lang='lat' dir='ltr'>lib.</span> <span class='ocrx_word' id='word_1_300' title='bbox 1180 2579 1209 2615; x_wconf 85' lang='lat'>3.</span> 
     </span>
     <span class='ocr_line' id='line_1_46' title="bbox 322 2617 1209 2663; baseline -0.008 -5"><span class='ocrx_word' id='word_1_301' title='bbox 322 2624 410 2659; x_wconf 84' lang='lat' dir='ltr'>dixit</span> <span class='ocrx_word' id='word_1_302' title='bbox 440 2647 451 2663; x_wconf 91' lang='lat'>‚</span> <span class='ocrx_word' id='word_1_303' title='bbox 490 2621 617 2656; x_wconf 89' lang='lat' dir='ltr'>nullum</span> <span class='ocrx_word' id='word_1_304' title='bbox 641 2622 703 2655; x_wconf 76' lang='lat' dir='ltr'>esse</span> <span class='ocrx_word' id='word_1_305' title='bbox 725 2620 827 2663; x_wconf 81' lang='lat' dir='ltr'>majus</span> <span class='ocrx_word' id='word_1_306' title='bbox 849 2619 966 2654; x_wconf 88' lang='lat' dir='ltr'>mentis</span> <span class='ocrx_word' id='word_1_307' title='bbox 990 2619 1103 2652; x_wconf 67' lang='lat' dir='ltr'>nostrae</span> <span class='ocrx_word' id='word_1_308' title='bbox 1126 2617 1209 2652; x_wconf 86' lang='lat' dir='ltr'>testi-</span> 
     </span>
     <span class='ocr_line' id='line_1_47' title="bbox 322 2668 1209 2715; baseline -0.01 -6"><span class='ocrx_word' id='word_1_309' title='bbox 322 2674 476 2709; x_wconf 86' lang='lat' dir='ltr'>monium</span> <span class='ocrx_word' id='word_1_310' title='bbox 490 2697 502 2713; x_wconf 92' lang='lat'>,</span> <span class='ocrx_word' id='word_1_311' title='bbox 529 2683 625 2715; x_wconf 82' lang='lat' dir='ltr'>quam</span> <span class='ocrx_word' id='word_1_312' title='bbox 647 2671 686 2706; x_wconf 84' lang='lat' dir='ltr'>sit</span> <span class='ocrx_word' id='word_1_313' title='bbox 707 2671 847 2714; x_wconf 77' lang='lat' dir='ltr'>qualitas</span> <span class='ocrx_word' id='word_1_314' title='bbox 861 2670 1003 2713; x_wconf 64' lang='lat' dir='ltr'>inspecta</span> <span class='ocrx_word' id='word_1_315' title='bbox 1018 2668 1188 2703; x_wconf 89' lang='lat' dir='ltr'>verborum</span> <span class='ocrx_word' id='word_1_316' title='bbox 1201 2691 1209 2699; x_wconf 85' lang='lat'><em>.</em></span> 
     </span>
     <span class='ocr_line' id='line_1_48' title="bbox 322 2720 1208 2767; baseline -0.007 -10"><span class='ocrx_word' id='word_1_317' title='bbox 322 2725 367 2758; x_wconf 90' lang='lat' dir='ltr'>Et</span> <span class='ocrx_word' id='word_1_318' title='bbox 390 2722 468 2767; x_wconf 90' lang='lat' dir='ltr'>quid</span> <span class='ocrx_word' id='word_1_319' title='bbox 490 2723 524 2756; x_wconf 88' lang='lat' dir='ltr'>in</span> <span class='ocrx_word' id='word_1_320' title='bbox 551 2722 625 2764; x_wconf 88' lang='lat' dir='ltr'>Jure</span> <span class='ocrx_word' id='word_1_321' title='bbox 647 2731 789 2764; x_wconf 89' lang='lat' dir='ltr'>utroque</span> <span class='ocrx_word' id='word_1_322' title='bbox 812 2720 914 2765; x_wconf 79' lang='lat' dir='ltr'>magis</span> <span class='ocrx_word' id='word_1_323' title='bbox 927 2720 1084 2760; x_wconf 88' lang='lat' dir='ltr'>obvium,</span> <span class='ocrx_word' id='word_1_324' title='bbox 1111 2730 1208 2763; x_wconf 89' lang='lat' dir='ltr'>quam</span> 
     </span>
     <span class='ocr_line' id='line_1_49' title="bbox 321 2767 1208 2814; baseline -0.008 -6"><span class='ocrx_word' id='word_1_325' title='bbox 321 2775 358 2808; x_wconf 91' lang='lat' dir='ltr'>in</span> <span class='ocrx_word' id='word_1_326' title='bbox 385 2773 488 2807; x_wconf 90' lang='lat' dir='ltr'>dubio</span> <span class='ocrx_word' id='word_1_327' title='bbox 511 2771 553 2806; x_wconf 89' lang='lat' dir='ltr'>de</span> <span class='ocrx_word' id='word_1_328' title='bbox 573 2772 741 2805; x_wconf 85' lang='lat' dir='ltr'>voluntate</span> <span class='ocrx_word' id='word_1_329' title='bbox 762 2770 927 2814; x_wconf 85' lang='lat' dir='ltr'>loquentis</span> <span class='ocrx_word' id='word_1_330' title='bbox 949 2794 961 2811; x_wconf 91' lang='lat'><strong>,</strong></span> <span class='ocrx_word' id='word_1_331' title='bbox 988 2780 1147 2804; x_wconf 84' lang='lat' dir='ltr'>recurrere</span> <span class='ocrx_word' id='word_1_332' title='bbox 1168 2767 1208 2801; x_wconf 91' lang='lat' dir='ltr'>ad</span> 
     </span>
     <span class='ocr_line' id='line_1_50' title="bbox 320 2819 1208 2868; baseline -0.007 -11"><span class='ocrx_word' id='word_1_333' title='bbox 320 2823 533 2868; x_wconf 85' lang='lat' dir='ltr'>originariam</span> <span class='ocrx_word' id='word_1_334' title='bbox 546 2847 556 2862; x_wconf 92' lang='lat'>,</span> <span class='ocrx_word' id='word_1_335' title='bbox 581 2822 616 2855; x_wconf 86' lang='lat'>&amp;</span> <span class='ocrx_word' id='word_1_336' title='bbox 643 2819 841 2855; x_wconf 85' lang='lat' dir='ltr'>ordinariam</span> <span class='ocrx_word' id='word_1_337' title='bbox 855 2820 1128 2864; x_wconf 87' lang='lat' dir='ltr'>significationem</span> <span class='ocrx_word' id='word_1_338' title='bbox 1143 2829 1208 2851; x_wconf 86' lang='lat' dir='ltr'>ver-</span> 
     </span>
     <span class='ocr_line' id='line_1_51' title="bbox 321 2867 1208 2915; baseline -0.01 -7"><span class='ocrx_word' id='word_1_339' title='bbox 321 2873 439 2908; x_wconf 84' lang='lat' dir='ltr'>borum</span> <span class='ocrx_word' id='word_1_340' title='bbox 453 2875 469 2905; x_wconf 70' lang='grc' dir='ltr'>,ἕ</span> <span class='ocrx_word' id='word_1_341' title='bbox 497 2873 577 2915; x_wconf 85' lang='lat' dir='ltr'>Cap.</span> <span class='ocrx_word' id='word_1_342' title='bbox 604 2874 658 2903; x_wconf 83' lang='lat' dir='ltr'>Ex</span> <span class='ocrx_word' id='word_1_343' title='bbox 681 2871 779 2904; x_wconf 75' lang='lat' dir='ltr'>literis</span> <span class='ocrx_word' id='word_1_344' title='bbox 802 2871 839 2903; x_wconf 83' lang='lat' dir='ltr'>de</span> <span class='ocrx_word' id='word_1_345' title='bbox 858 2867 986 2913; x_wconf 69' lang='lat' dir='ltr'>sponsal.</span> <span class='ocrx_word' id='word_1_346' title='bbox 1007 2880 1035 2904; x_wconf 92' lang='lat'>1.</span> <span class='ocrx_word' id='word_1_347' title='bbox 1051 2868 1124 2903; x_wconf 91' lang='lat' dir='ltr'>Ubi</span> <span class='ocrx_word' id='word_1_348' title='bbox 1140 2868 1208 2910; x_wconf 89' lang='lat' dir='ltr'>pul-</span> 
     </span>
     <span class='ocr_line' id='line_1_52' title="bbox 320 2919 1209 2964; baseline -0.01 -5"><span class='ocrx_word' id='word_1_349' title='bbox 320 2922 397 2959; x_wconf 79' lang='lat' dir='ltr'>chre</span> <span class='ocrx_word' id='word_1_350' title='bbox 414 2923 527 2958; x_wconf 79' lang='lat' dir='ltr'>Gloffa</span> <span class='ocrx_word' id='word_1_351' title='bbox 551 2921 636 2955; x_wconf 81' lang='lat' dir='ltr'>verb.</span> <span class='ocrx_word' id='word_1_352' title='bbox 659 2921 904 2964; x_wconf 75' lang='lat' dir='ltr'>intelligentiam.</span> <span class='ocrx_word' id='word_1_353' title='bbox 937 2919 1026 2963; x_wconf 82' lang='lat' dir='ltr'>Ergo</span> <span class='ocrx_word' id='word_1_354' title='bbox 1052 2929 1119 2951; x_wconf 88' lang='lat' dir='ltr'>tam</span> <span class='ocrx_word' id='word_1_355' title='bbox 1156 2929 1209 2951; x_wconf 88' lang='lat' dir='ltr'>vo-</span> 
     </span>
     <span class='ocr_line' id='line_1_53' title="bbox 321 2967 1207 3018; baseline -0.007 -11"><span class='ocrx_word' id='word_1_356' title='bbox 321 2975 368 3007; x_wconf 87' lang='lat' dir='ltr'>cis</span> <span class='ocrx_word' id='word_1_357' title='bbox 390 2973 532 3018; x_wconf 90' lang='lat' dir='ltr'>prolatio</span> <span class='ocrx_word' id='word_1_358' title='bbox 557 2997 568 3013; x_wconf 89' lang='lat'><strong>,</strong></span> <span class='ocrx_word' id='word_1_359' title='bbox 607 2982 706 3015; x_wconf 87' lang='lat' dir='ltr'>quam</span> <span class='ocrx_word' id='word_1_360' title='bbox 729 2971 829 3005; x_wconf 87' lang='lat' dir='ltr'>etiam</span> <span class='ocrx_word' id='word_1_361' title='bbox 859 2968 1024 3012; x_wconf 91' lang='lat' dir='ltr'>loquentis</span> <span class='ocrx_word' id='word_1_362' title='bbox 1065 2967 1207 3002; x_wconf 87' lang='lat' dir='ltr'>intentio</span> 
     </span>
     <span class='ocr_line' id='line_1_54' title="bbox 322 3020 921 3066; baseline -0.008 -9"><span class='ocrx_word' id='word_1_363' title='bbox 322 3025 400 3059; x_wconf 88' lang='lat' dir='ltr'>sunt</span> <span class='ocrx_word' id='word_1_364' title='bbox 420 3022 509 3058; x_wconf 91' lang='lat' dir='ltr'>vocis</span> <span class='ocrx_word' id='word_1_365' title='bbox 529 3021 660 3065; x_wconf 82' lang='lat' dir='ltr'>prolatae</span> <span class='ocrx_word' id='word_1_366' title='bbox 680 3020 899 3066; x_wconf 87' lang='lat' dir='ltr'>significatum</span> <span class='ocrx_word' id='word_1_367' title='bbox 913 3043 921 3052; x_wconf 85' lang='lat'><strong><em>.</em></strong></span> 
     </span>
     <span class='ocr_line' id='line_1_55' title="bbox 883 3074 1207 3099; baseline -0.006 -17"><span class='ocrx_word' id='word_1_368' title='bbox 883 3076 887 3082; x_wconf 95' lang='lat'>.</span> <span class='ocrx_word' id='word_1_369' title='bbox 947 3074 952 3079; x_wconf 88' lang='lat'>.</span> <span class='ocrx_word' id='word_1_370' title='bbox 1181 3080 1207 3099; x_wconf 44' lang='lat' dir='ltr'>a„</span> 
     </span>
     <span class='ocr_line' id='line_1_56' title="bbox 323 3068 1209 3172; baseline -0.007 -15"><span class='ocrx_word' id='word_1_371' title='bbox 323 3069 1082 3172; x_wconf 50' lang='grc' dir='ltr'>η,ἶΈῖἒῖᾝρῖἕέἔῖῖἴ,ἇῗῖῖῗέἓξὶἷὲζ</span> <span class='ocrx_word' id='word_1_372' title='bbox 1093 3068 1209 3156; x_wconf 47' lang='lat' dir='ltr'>fiscii</span> 
     </span>
     <span class='ocr_line' id='line_1_57' title="bbox 326 3168 1207 3216; baseline -0.007 -8"><span class='ocrx_word' id='word_1_373' title='bbox 326 3175 356 3208; x_wconf 87' lang='lat' dir='ltr'>se</span> <span class='ocrx_word' id='word_1_374' title='bbox 375 3172 472 3208; x_wconf 85' lang='lat' dir='ltr'>habet</span> <span class='ocrx_word' id='word_1_375' title='bbox 497 3172 674 3216; x_wconf 82' lang='lat' dir='ltr'>applicatio</span> <span class='ocrx_word' id='word_1_376' title='bbox 716 3172 749 3206; x_wconf 74' lang='grc' dir='ltr'>δε</span> <span class='ocrx_word' id='word_1_377' title='bbox 773 3169 1011 3214; x_wconf 85' lang='lat' dir='ltr'>approximatio</span> <span class='ocrx_word' id='word_1_378' title='bbox 1032 3168 1148 3202; x_wconf 86' lang='lat' dir='ltr'>localis</span> <span class='ocrx_word' id='word_1_379' title='bbox 1168 3168 1207 3202; x_wconf 89' lang='lat' dir='ltr'>ad</span> 
     </span>
     <span class='ocr_line' id='line_1_58' title="bbox 327 3217 1209 3265; baseline -0.006 -9"><span class='ocrx_word' id='word_1_380' title='bbox 327 3224 484 3258; x_wconf 78' lang='lat' dir='ltr'>caussam:</span> <span class='ocrx_word' id='word_1_381' title='bbox 514 3223 593 3256; x_wconf 87' lang='lat' dir='ltr'>item</span> <span class='ocrx_word' id='word_1_382' title='bbox 614 3222 739 3265; x_wconf 88' lang='lat' dir='ltr'>signum</span> <span class='ocrx_word' id='word_1_383' title='bbox 765 3223 796 3255; x_wconf 91' lang='lat' dir='ltr'>se</span> <span class='ocrx_word' id='word_1_384' title='bbox 811 3220 908 3254; x_wconf 79' lang='lat' dir='ltr'>habet</span> <span class='ocrx_word' id='word_1_385' title='bbox 921 3219 960 3253; x_wconf 88' lang='lat' dir='ltr'>ad</span> <span class='ocrx_word' id='word_1_386' title='bbox 972 3217 1184 3263; x_wconf 86' lang='lat' dir='ltr'>significatum</span> <span class='ocrx_word' id='word_1_387' title='bbox 1198 3242 1209 3258; x_wconf 89' lang='lat'>,</span> 
     </span>
     <span class='ocr_line' id='line_1_59' title="bbox 326 3268 1209 3312; baseline -0.006 -7"><span class='ocrx_word' id='word_1_388' title='bbox 326 3272 404 3306; x_wconf 88' lang='lat' dir='ltr'>sicut</span> <span class='ocrx_word' id='word_1_389' title='bbox 430 3274 461 3306; x_wconf 87' lang='lat' dir='ltr'>se</span> <span class='ocrx_word' id='word_1_390' title='bbox 489 3269 587 3307; x_wconf 87' lang='lat' dir='ltr'>habet</span> <span class='ocrx_word' id='word_1_391' title='bbox 614 3272 719 3306; x_wconf 74' lang='lat' dir='ltr'>caussa</span> <span class='ocrx_word' id='word_1_392' title='bbox 746 3271 787 3305; x_wconf 89' lang='lat' dir='ltr'>ad</span> <span class='ocrx_word' id='word_1_393' title='bbox 814 3271 1013 3304; x_wconf 78' lang='lat' dir='ltr'>cauffatum.</span> <span class='ocrx_word' id='word_1_394' title='bbox 1041 3268 1146 3312; x_wconf 87' lang='lat' dir='ltr'>Atqui</span> <span class='ocrx_word' id='word_1_395' title='bbox 1159 3280 1209 3311; x_wconf 88' lang='lat' dir='ltr'>ap-</span> 
     </span>
     <span class='ocr_line' id='line_1_60' title="bbox 332 3319 1210 3366; baseline -0.001 -13"><span class='ocrx_word' id='word_1_396' title='bbox 332 3321 533 3364; x_wconf 83' lang='lat' dir='ltr'>proximatio</span> <span class='ocrx_word' id='word_1_397' title='bbox 570 3322 685 3366; x_wconf 87' lang='lat' dir='ltr'>nequit</span> <span class='ocrx_word' id='word_1_398' title='bbox 718 3322 781 3355; x_wconf 71' lang='lat' dir='ltr'>esse</span> <span class='ocrx_word' id='word_1_399' title='bbox 807 3321 920 3354; x_wconf 72' lang='lat' dir='ltr'>caussae</span> <span class='ocrx_word' id='word_1_400' title='bbox 945 3320 1075 3354; x_wconf 69' lang='lat' dir='ltr'>effectus</span> <span class='ocrx_word' id='word_1_401' title='bbox 1097 3343 1107 3360; x_wconf 94' lang='lat'><strong>,</strong></span> <span class='ocrx_word' id='word_1_402' title='bbox 1144 3319 1210 3352; x_wconf 86' lang='lat' dir='ltr'>sive</span> 
     </span>
     <span class='ocr_line' id='line_1_61' title="bbox 328 3370 1209 3414; baseline -0.005 -9"><span class='ocrx_word' id='word_1_403' title='bbox 328 3372 506 3405; x_wconf 78' lang='lat' dir='ltr'>caussarum</span> <span class='ocrx_word' id='word_1_404' title='bbox 535 3384 542 3403; x_wconf 75' lang='lat' dir='ltr'><strong><em>z</em></strong></span> <span class='ocrx_word' id='word_1_405' title='bbox 571 3372 621 3405; x_wconf 85' lang='lat' dir='ltr'>uti</span> <span class='ocrx_word' id='word_1_406' title='bbox 647 3370 855 3406; x_wconf 77' lang='lat' dir='ltr'>manifestum</span> <span class='ocrx_word' id='word_1_407' title='bbox 882 3370 927 3403; x_wconf 88' lang='lat' dir='ltr'>est</span> <span class='ocrx_word' id='word_1_408' title='bbox 949 3395 956 3402; x_wconf 92' lang='lat'><strong>.</strong></span> <span class='ocrx_word' id='word_1_409' title='bbox 988 3370 1076 3414; x_wconf 88' lang='lat' dir='ltr'>Ergo</span> <span class='ocrx_word' id='word_1_410' title='bbox 1105 3379 1209 3411; x_wconf 88' lang='lat' dir='ltr'>neque</span> 
     </span>
     <span class='ocr_line' id='line_1_62' title="bbox 335 3419 1209 3464; baseline -0.003 -10"><span class='ocrx_word' id='word_1_411' title='bbox 335 3419 510 3463; x_wconf 72' lang='lat' dir='ltr'>suppositio</span> <span class='ocrx_word' id='word_1_412' title='bbox 537 3420 618 3463; x_wconf 88' lang='lat' dir='ltr'>signi</span> <span class='ocrx_word' id='word_1_413' title='bbox 645 3421 749 3463; x_wconf 88' lang='lat' dir='ltr'>potest</span> <span class='ocrx_word' id='word_1_414' title='bbox 775 3421 837 3455; x_wconf 77' lang='lat' dir='ltr'>esse</span> <span class='ocrx_word' id='word_1_415' title='bbox 863 3420 944 3464; x_wconf 85' lang='lat' dir='ltr'>signi</span> <span class='ocrx_word' id='word_1_416' title='bbox 971 3419 1209 3462; x_wconf 87' lang='lat' dir='ltr'>significatum.</span> 
     </span>
     <span class='ocr_line' id='line_1_63' title="bbox 330 3468 1206 3514; baseline -0.001 -12"><span class='ocrx_word' id='word_1_417' title='bbox 330 3470 447 3503; x_wconf 69' lang='lat' dir='ltr'>Deinde</span> <span class='ocrx_word' id='word_1_418' title='bbox 468 3480 476 3500; x_wconf 72' lang='grc' dir='ltr'>ε</span> <span class='ocrx_word' id='word_1_419' title='bbox 517 3470 700 3510; x_wconf 89' lang='lat' dir='ltr'>Suppositio</span> <span class='ocrx_word' id='word_1_420' title='bbox 726 3471 771 3504; x_wconf 86' lang='lat' dir='ltr'>est</span> <span class='ocrx_word' id='word_1_421' title='bbox 798 3470 975 3514; x_wconf 86' lang='lat' dir='ltr'>applicatio</span> <span class='ocrx_word' id='word_1_422' title='bbox 1000 3469 1082 3513; x_wconf 84' lang='lat' dir='ltr'>figni</span> <span class='ocrx_word' id='word_1_423' title='bbox 1104 3468 1145 3502; x_wconf 90' lang='lat' dir='ltr'>ad</span> <span class='ocrx_word' id='word_1_424' title='bbox 1171 3468 1206 3501; x_wconf 88' lang='lat' dir='ltr'>si·</span> 
     </span>
     <span class='ocr_line' id='line_1_64' title="bbox 329 3517 1208 3569; baseline -0.001 -14"><span class='ocrx_word' id='word_1_425' title='bbox 329 3519 527 3569; x_wconf 82' lang='lat' dir='ltr'>gnificatum</span> <span class='ocrx_word' id='word_1_426' title='bbox 539 3517 809 3565; x_wconf 78' lang='lat' dir='ltr'>significandum:</span> <span class='ocrx_word' id='word_1_427' title='bbox 836 3519 1032 3564; x_wconf 71' lang='lat' dir='ltr'>suppositio,</span> <span class='ocrx_word' id='word_1_428' title='bbox 1056 3519 1208 3562; x_wconf 84' lang='lat' dir='ltr'>inquam,</span> 
     </span>
    </p>
   </div>
   <div class='ocr_carea' id='block_1_8' title="bbox 755 189 1763 240">
    <p class='ocr_par' dir='ltr' id='par_1_9' title="bbox 755 189 1763 240">
     <span class='ocr_line' id='line_1_65' title="bbox 755 189 1763 240; baseline 0.001 -4"><span class='ocrx_word' id='word_1_429' title='bbox 755 190 1075 237; x_wconf 68' lang='lat' dir='ltr'>Dtswm.</span> <span class='ocrx_word' id='word_1_430' title='bbox 1113 189 1235 236; x_wconf 87' lang='lat' dir='ltr'><strong>XIII.</strong></span> <span class='ocrx_word' id='word_1_431' title='bbox 1273 192 1414 237; x_wconf 62' lang='lat' dir='ltr'>Duri.</span> <span class='ocrx_word' id='word_1_432' title='bbox 1458 193 1515 240; x_wconf 83' lang='lat'>11.</span> <span class='ocrx_word' id='word_1_433' title='bbox 1553 194 1685 240; x_wconf 71' lang='lat' dir='ltr'>Sec.</span> <span class='ocrx_word' id='word_1_434' title='bbox 1728 194 1763 238; x_wconf 89' lang='grc' dir='ltr'>Ι.</span> 
     </span>
    </p>
   </div>
   <div class='ocr_carea' id='block_1_9' title="bbox 1271 275 2164 3599">
    <p class='ocr_par' dir='ltr' id='par_1_10' title="bbox 1273 275 2158 561">
     <span class='ocr_line' id='line_1_66' title="bbox 1275 275 2158 324; baseline 0.002 -14"><span class='ocrx_word' id='word_1_435' title='bbox 1275 276 1366 311; x_wconf 80' lang='lat' dir='ltr'>vocis</span> <span class='ocrx_word' id='word_1_436' title='bbox 1399 277 1445 312; x_wconf 79' lang='lat' dir='ltr'>est</span> <span class='ocrx_word' id='word_1_437' title='bbox 1490 277 1667 324; x_wconf 83' lang='lat' dir='ltr'>applicatio</span> <span class='ocrx_word' id='word_1_438' title='bbox 1703 275 1794 311; x_wconf 81' lang='lat' dir='ltr'>vocis</span> <span class='ocrx_word' id='word_1_439' title='bbox 1832 277 1873 311; x_wconf 87' lang='lat' dir='ltr'>ad</span> <span class='ocrx_word' id='word_1_440' title='bbox 1913 278 2158 323; x_wconf 78' lang='lat' dir='ltr'>significandam</span> 
     </span>
     <span class='ocr_line' id='line_1_67' title="bbox 1275 326 2157 371; baseline 0.001 -11"><span class='ocrx_word' id='word_1_441' title='bbox 1275 337 1418 362; x_wconf 85' lang='lat' dir='ltr'>mentem</span> <span class='ocrx_word' id='word_1_442' title='bbox 1456 327 1490 363; x_wconf 74' lang='grc' dir='ltr'>ἀ</span> <span class='ocrx_word' id='word_1_443' title='bbox 1527 328 1730 363; x_wconf 88' lang='lat' dir='ltr'>voluntatem</span> <span class='ocrx_word' id='word_1_444' title='bbox 1759 326 1925 370; x_wconf 82' lang='lat' dir='ltr'>loquentis</span> <span class='ocrx_word' id='word_1_445' title='bbox 1944 351 1952 359; x_wconf 94' lang='lat'>.</span> <span class='ocrx_word' id='word_1_446' title='bbox 1987 329 2093 371; x_wconf 86' lang='lat' dir='ltr'>Atqui</span> <span class='ocrx_word' id='word_1_447' title='bbox 2119 330 2157 362; x_wconf 86' lang='lat' dir='ltr'>si·</span> 
     </span>
     <span class='ocr_line' id='line_1_68' title="bbox 1273 375 2155 423; baseline 0.002 -13"><span class='ocrx_word' id='word_1_448' title='bbox 1273 378 1466 421; x_wconf 83' lang='lat' dir='ltr'>gnificatum</span> <span class='ocrx_word' id='word_1_449' title='bbox 1490 403 1504 419; x_wconf 80' lang='lat'><strong><em>‚</em></strong></span> <span class='ocrx_word' id='word_1_450' title='bbox 1537 380 1571 413; x_wconf 91' lang='lat'>&amp;</span> <span class='ocrx_word' id='word_1_451' title='bbox 1607 378 1783 423; x_wconf 80' lang='lat' dir='ltr'>applicatio</span> <span class='ocrx_word' id='word_1_452' title='bbox 1810 377 1899 411; x_wconf 84' lang='lat' dir='ltr'>vocis</span> <span class='ocrx_word' id='word_1_453' title='bbox 1925 375 1965 411; x_wconf 91' lang='lat' dir='ltr'>ad</span> <span class='ocrx_word' id='word_1_454' title='bbox 1992 379 2155 422; x_wconf 84' lang='lat' dir='ltr'>significa-</span> 
     </span>
     <span class='ocr_line' id='line_1_69' title="bbox 1275 425 2154 471; baseline 0.002 -10"><span class='ocrx_word' id='word_1_455' title='bbox 1275 437 1346 462; x_wconf 87' lang='lat' dir='ltr'>tum</span> <span class='ocrx_word' id='word_1_456' title='bbox 1372 438 1538 471; x_wconf 86' lang='lat' dir='ltr'>nequeunt</span> <span class='ocrx_word' id='word_1_457' title='bbox 1565 430 1627 464; x_wconf 75' lang='lat' dir='ltr'>elie</span> <span class='ocrx_word' id='word_1_458' title='bbox 1653 425 1781 462; x_wconf 82' lang='lat' dir='ltr'>realiter</span> <span class='ocrx_word' id='word_1_459' title='bbox 1808 427 1915 462; x_wconf 87' lang='lat' dir='ltr'>idern:</span> <span class='ocrx_word' id='word_1_460' title='bbox 1943 437 2022 470; x_wconf 85' lang='lat' dir='ltr'>ergo</span> <span class='ocrx_word' id='word_1_461' title='bbox 2045 427 2154 462; x_wconf 87' lang='lat' dir='ltr'>simili-</span> 
     </span>
     <span class='ocr_line' id='line_1_70' title="bbox 1276 477 2154 522; baseline 0.005 -13"><span class='ocrx_word' id='word_1_462' title='bbox 1276 487 1323 510; x_wconf 86' lang='lat' dir='ltr'>ter</span> <span class='ocrx_word' id='word_1_463' title='bbox 1358 477 1574 521; x_wconf 87' lang='lat' dir='ltr'>significatum</span> <span class='ocrx_word' id='word_1_464' title='bbox 1616 481 1706 513; x_wconf 88' lang='lat' dir='ltr'>vocis</span> <span class='ocrx_word' id='word_1_465' title='bbox 1740 478 1856 522; x_wconf 81' lang='lat' dir='ltr'>nequit</span> <span class='ocrx_word' id='word_1_466' title='bbox 1892 478 1954 511; x_wconf 75' lang='lat' dir='ltr'>esse</span> <span class='ocrx_word' id='word_1_467' title='bbox 1980 477 2154 520; x_wconf 72' lang='lat' dir='ltr'>suppositio</span> 
     </span>
     <span class='ocr_line' id='line_1_71' title="bbox 1276 538 1384 561; baseline 0 -2"><span class='ocrx_word' id='word_1_468' title='bbox 1276 538 1384 561; x_wconf 86' lang='lat' dir='ltr'>vocis.</span> 
     </span>
    </p>

    <p class='ocr_par' dir='ltr' id='par_1_11' title="bbox 1271 574 2159 1923">
     <span class='ocr_line' id='line_1_72' title="bbox 1328 574 2159 624; baseline -0.004 -11"><span class='ocrx_word' id='word_1_469' title='bbox 1328 574 1380 613; x_wconf 87' lang='lat'>18.</span> <span class='ocrx_word' id='word_1_470' title='bbox 1408 576 1496 621; x_wconf 72' lang='lat' dir='ltr'>Resp.</span> <span class='ocrx_word' id='word_1_471' title='bbox 1526 577 1690 621; x_wconf 75' lang='lat' dir='ltr'>Maiorem</span> <span class='ocrx_word' id='word_1_472' title='bbox 1716 578 1808 613; x_wconf 81' lang='lat' dir='ltr'>istius</span> <span class='ocrx_word' id='word_1_473' title='bbox 1833 577 2019 624; x_wconf 82' lang='lat' dir='ltr'>argumenti</span> <span class='ocrx_word' id='word_1_474' title='bbox 2031 576 2093 611; x_wconf 81' lang='lat' dir='ltr'>effe</span> <span class='ocrx_word' id='word_1_475' title='bbox 2105 587 2159 611; x_wconf 87' lang='lat' dir='ltr'>ve-</span> 
     </span>
     <span class='ocr_line' id='line_1_73' title="bbox 1276 625 2158 672; baseline 0 -12"><span class='ocrx_word' id='word_1_476' title='bbox 1276 625 1425 661; x_wconf 73' lang='lat' dir='ltr'>rissimam</span> <span class='ocrx_word' id='word_1_477' title='bbox 1450 653 1462 669; x_wconf 89' lang='lat'>‚</span> <span class='ocrx_word' id='word_1_478' title='bbox 1497 636 1535 662; x_wconf 85' lang='lat' dir='ltr'>ut</span> <span class='ocrx_word' id='word_1_479' title='bbox 1554 628 1677 663; x_wconf 89' lang='lat' dir='ltr'>ibidem</span> <span class='ocrx_word' id='word_1_480' title='bbox 1698 628 1781 662; x_wconf 88' lang='lat' dir='ltr'>bene</span> <span class='ocrx_word' id='word_1_481' title='bbox 1801 629 1953 672; x_wconf 81' lang='lat' dir='ltr'>probatur</span> <span class='ocrx_word' id='word_1_482' title='bbox 1978 640 1988 670; x_wconf 89' lang='lat'>;</span> <span class='ocrx_word' id='word_1_483' title='bbox 2024 627 2078 661; x_wconf 87' lang='lat' dir='ltr'>sed</span> <span class='ocrx_word' id='word_1_484' title='bbox 2095 626 2158 660; x_wconf 80' lang='lat' dir='ltr'>&#39;sal-</span> 
     </span>
     <span class='ocr_line' id='line_1_74' title="bbox 1276 676 2155 721; baseline -0.001 -11"><span class='ocrx_word' id='word_1_485' title='bbox 1276 677 1340 710; x_wconf 85' lang='lat' dir='ltr'>sam</span> <span class='ocrx_word' id='word_1_486' title='bbox 1360 678 1423 711; x_wconf 78' lang='lat' dir='ltr'>esse</span> <span class='ocrx_word' id='word_1_487' title='bbox 1445 678 1533 711; x_wconf 85' lang='lat' dir='ltr'>illius</span> <span class='ocrx_word' id='word_1_488' title='bbox 1549 680 1710 713; x_wconf 86' lang='lat' dir='ltr'>minorem</span> <span class='ocrx_word' id='word_1_489' title='bbox 1737 702 1745 710; x_wconf 94' lang='lat'><strong><em>.</em></strong></span> <span class='ocrx_word' id='word_1_490' title='bbox 1778 679 1828 711; x_wconf 69' lang='lat' dir='ltr'>Ad</span> <span class='ocrx_word' id='word_1_491' title='bbox 1850 681 1931 719; x_wconf 81' lang='lat' dir='ltr'>cujus</span> <span class='ocrx_word' id='word_1_492' title='bbox 1951 676 2155 721; x_wconf 79' lang='lat' dir='ltr'>probationem</span> 
     </span>
     <span class='ocr_line' id='line_1_75' title="bbox 1275 726 2158 771; baseline 0 -11"><span class='ocrx_word' id='word_1_493' title='bbox 1275 728 1413 771; x_wconf 83' lang='lat' dir='ltr'>neganda</span> <span class='ocrx_word' id='word_1_494' title='bbox 1441 727 1479 768; x_wconf 82' lang='lat' dir='ltr'>est</span> <span class='ocrx_word' id='word_1_495' title='bbox 1505 726 1643 771; x_wconf 84' lang='lat' dir='ltr'>secundae</span> <span class='ocrx_word' id='word_1_496' title='bbox 1663 737 1742 770; x_wconf 82' lang='lat' dir='ltr'>pars</span> <span class='ocrx_word' id='word_1_497' title='bbox 1763 729 1886 766; x_wconf 76' lang='lat' dir='ltr'>majoris</span> <span class='ocrx_word' id='word_1_498' title='bbox 1913 740 1922 760; x_wconf 70' lang='grc' dir='ltr'>ε</span> <span class='ocrx_word' id='word_1_499' title='bbox 1959 728 2049 762; x_wconf 90' lang='lat' dir='ltr'>Nam</span> <span class='ocrx_word' id='word_1_500' title='bbox 2071 728 2158 760; x_wconf 84' lang='lat' dir='ltr'>inter</span> 
     </span>
     <span class='ocr_line' id='line_1_76' title="bbox 1275 778 2155 823; baseline 0 -13"><span class='ocrx_word' id='word_1_501' title='bbox 1275 778 1402 822; x_wconf 79' lang='lat' dir='ltr'>signum</span> <span class='ocrx_word' id='word_1_502' title='bbox 1424 778 1459 812; x_wconf 74' lang='grc' dir='ltr'>ἀ</span> <span class='ocrx_word' id='word_1_503' title='bbox 1484 778 1699 823; x_wconf 86' lang='lat' dir='ltr'>significatum</span> <span class='ocrx_word' id='word_1_504' title='bbox 1724 789 1929 823; x_wconf 87' lang='lat' dir='ltr'>nequaquam</span> <span class='ocrx_word' id='word_1_505' title='bbox 1955 778 2000 812; x_wconf 89' lang='lat' dir='ltr'>est</span> <span class='ocrx_word' id='word_1_506' title='bbox 2023 787 2155 820; x_wconf 76' lang='lat' dir='ltr'>propor-</span> 
     </span>
     <span class='ocr_line' id='line_1_77' title="bbox 1276 828 2157 872; baseline -0.001 -12"><span class='ocrx_word' id='word_1_507' title='bbox 1276 828 1323 861; x_wconf 88' lang='lat' dir='ltr'>tio</span> <span class='ocrx_word' id='word_1_508' title='bbox 1346 829 1459 862; x_wconf 74' lang='lat' dir='ltr'>cauflae</span> <span class='ocrx_word' id='word_1_509' title='bbox 1481 829 1515 863; x_wconf 70' lang='grc' dir='ltr'>ὅ(</span> <span class='ocrx_word' id='word_1_510' title='bbox 1536 830 1687 872; x_wconf 78' lang='lat' dir='ltr'>caussati3</span> <span class='ocrx_word' id='word_1_511' title='bbox 1715 829 1769 863; x_wconf 89' lang='lat' dir='ltr'>sed</span> <span class='ocrx_word' id='word_1_512' title='bbox 1792 828 1838 863; x_wconf 89' lang='lat' dir='ltr'>est</span> <span class='ocrx_word' id='word_1_513' title='bbox 1862 828 2029 871; x_wconf 84' lang='lat' dir='ltr'>proportio</span> <span class='ocrx_word' id='word_1_514' title='bbox 2041 837 2157 870; x_wconf 87' lang='lat' dir='ltr'>poten-</span> 
     </span>
     <span class='ocr_line' id='line_1_78' title="bbox 1277 875 2156 924; baseline -0.001 -13"><span class='ocrx_word' id='word_1_515' title='bbox 1277 877 1326 911; x_wconf 79' lang='lat' dir='ltr'>tiae</span> <span class='ocrx_word' id='word_1_516' title='bbox 1344 878 1376 912; x_wconf 90' lang='lat'>&amp;</span> <span class='ocrx_word' id='word_1_517' title='bbox 1395 878 1534 922; x_wconf 65' lang='lat' dir='ltr'>objeeti:</span> <span class='ocrx_word' id='word_1_518' title='bbox 1563 889 1600 913; x_wconf 90' lang='lat' dir='ltr'>ut</span> <span class='ocrx_word' id='word_1_519' title='bbox 1621 880 1693 914; x_wconf 84' lang='lat' dir='ltr'>dixi</span> <span class='ocrx_word' id='word_1_520' title='bbox 1716 880 1808 924; x_wconf 70' lang='lat' dir='ltr'>supra</span> <span class='ocrx_word' id='word_1_521' title='bbox 1833 877 2060 923; x_wconf 72' lang='lat' dir='ltr'>disp.2.dub.7.</span> <span class='ocrx_word' id='word_1_522' title='bbox 2075 875 2156 910; x_wconf 67' lang='lat' dir='ltr'>Pro»</span> 
     </span>
     <span class='ocr_line' id='line_1_79' title="bbox 1277 926 2157 973; baseline -0.003 -12"><span class='ocrx_word' id='word_1_523' title='bbox 1277 929 1385 971; x_wconf 91' lang='lat' dir='ltr'>portio</span> <span class='ocrx_word' id='word_1_524' title='bbox 1415 929 1527 973; x_wconf 84' lang='lat' dir='ltr'>itaque</span> <span class='ocrx_word' id='word_1_525' title='bbox 1562 931 1675 964; x_wconf 71' lang='lat' dir='ltr'>caussa:</span> <span class='ocrx_word' id='word_1_526' title='bbox 1706 930 1739 964; x_wconf 71' lang='grc' dir='ltr'>ὅ(</span> <span class='ocrx_word' id='word_1_527' title='bbox 1763 929 1896 964; x_wconf 78' lang='lat' dir='ltr'>cauffati</span> <span class='ocrx_word' id='word_1_528' title='bbox 1920 938 1988 962; x_wconf 91' lang='lat' dir='ltr'>non</span> <span class='ocrx_word' id='word_1_529' title='bbox 2011 928 2095 961; x_wconf 88' lang='lat' dir='ltr'>inter</span> <span class='ocrx_word' id='word_1_530' title='bbox 2119 926 2157 958; x_wconf 90' lang='lat' dir='ltr'>si-</span> 
     </span>
     <span class='ocr_line' id='line_1_80' title="bbox 1273 977 2154 1024; baseline -0.002 -12"><span class='ocrx_word' id='word_1_531' title='bbox 1273 988 1377 1022; x_wconf 88' lang='lat' dir='ltr'>gnum</span> <span class='ocrx_word' id='word_1_532' title='bbox 1410 980 1444 1013; x_wconf 88' lang='lat'>&amp;</span> <span class='ocrx_word' id='word_1_533' title='bbox 1474 979 1690 1024; x_wconf 86' lang='lat' dir='ltr'>significatum</span> <span class='ocrx_word' id='word_1_534' title='bbox 1710 992 1725 1022; x_wconf 68' lang='lat'>‚⁹</span> <span class='ocrx_word' id='word_1_535' title='bbox 1764 980 1818 1015; x_wconf 91' lang='lat' dir='ltr'>sed</span> <span class='ocrx_word' id='word_1_536' title='bbox 1850 979 1935 1013; x_wconf 89' lang='lat' dir='ltr'>inter</span> <span class='ocrx_word' id='word_1_537' title='bbox 1954 977 2081 1022; x_wconf 86' lang='lat' dir='ltr'>signum</span> <span class='ocrx_word' id='word_1_538' title='bbox 2119 977 2154 1010; x_wconf 77' lang='grc' dir='ltr'>ὅ(</span> 
     </span>
     <span class='ocr_line' id='line_1_81' title="bbox 1274 1025 2155 1074; baseline -0.001 -13"><span class='ocrx_word' id='word_1_539' title='bbox 1274 1029 1432 1063; x_wconf 62' lang='lat' dir='ltr'>actualem</span> <span class='ocrx_word' id='word_1_540' title='bbox 1465 1030 1741 1074; x_wconf 87' lang='lat' dir='ltr'>significationem</span> <span class='ocrx_word' id='word_1_541' title='bbox 1763 1029 1809 1064; x_wconf 90' lang='lat' dir='ltr'>est</span> <span class='ocrx_word' id='word_1_542' title='bbox 1834 1040 1843 1062; x_wconf 74' lang='grc' dir='ltr'><strong><em>ε</em></strong></span> <span class='ocrx_word' id='word_1_543' title='bbox 1880 1037 1916 1062; x_wconf 90' lang='lat' dir='ltr'>ut</span> <span class='ocrx_word' id='word_1_544' title='bbox 1938 1028 2010 1062; x_wconf 84' lang='lat' dir='ltr'>dixi</span> <span class='ocrx_word' id='word_1_545' title='bbox 2034 1025 2155 1061; x_wconf 87' lang='lat' dir='ltr'>ibidem</span> 
     </span>
     <span class='ocr_line' id='line_1_82' title="bbox 1274 1077 2156 1125; baseline -0.002 -14"><span class='ocrx_word' id='word_1_546' title='bbox 1274 1077 1347 1121; x_wconf 78' lang='lat' dir='ltr'>disp.</span> <span class='ocrx_word' id='word_1_547' title='bbox 1357 1089 1390 1125; x_wconf 90' lang='lat'>4.</span> <span class='ocrx_word' id='word_1_548' title='bbox 1413 1079 1519 1117; x_wconf 84' lang='lat' dir='ltr'>dub.2.</span> <span class='ocrx_word' id='word_1_549' title='bbox 1546 1080 1710 1123; x_wconf 83' lang='lat' dir='ltr'>Adeoque</span> <span class='ocrx_word' id='word_1_550' title='bbox 1732 1078 1797 1114; x_wconf 89' lang='lat' dir='ltr'>hoc</span> <span class='ocrx_word' id='word_1_551' title='bbox 1824 1088 2054 1123; x_wconf 80' lang='lat' dir='ltr'>argumentum</span> <span class='ocrx_word' id='word_1_552' title='bbox 2082 1078 2156 1120; x_wconf 89' lang='lat' dir='ltr'>qui·</span> 
     </span>
     <span class='ocr_line' id='line_1_83' title="bbox 1272 1125 2156 1173; baseline -0.002 -12"><span class='ocrx_word' id='word_1_553' title='bbox 1272 1129 1348 1162; x_wconf 82' lang='lat' dir='ltr'>dem</span> <span class='ocrx_word' id='word_1_554' title='bbox 1372 1129 1513 1171; x_wconf 88' lang='lat' dir='ltr'>probat,</span> <span class='ocrx_word' id='word_1_555' title='bbox 1551 1129 1639 1171; x_wconf 89' lang='lat' dir='ltr'>quod</span> <span class='ocrx_word' id='word_1_556' title='bbox 1664 1130 1839 1172; x_wconf 84' lang='lat' dir='ltr'>suppositio</span> <span class='ocrx_word' id='word_1_557' title='bbox 1862 1129 1942 1173; x_wconf 90' lang='lat' dir='ltr'>signi</span> <span class='ocrx_word' id='word_1_558' title='bbox 1966 1139 2034 1161; x_wconf 91' lang='lat' dir='ltr'>non</span> <span class='ocrx_word' id='word_1_559' title='bbox 2059 1125 2156 1170; x_wconf 81' lang='lat' dir='ltr'>posiit</span> 
     </span>
     <span class='ocr_line' id='line_1_84' title="bbox 1272 1177 2153 1223; baseline -0.003 -11"><span class='ocrx_word' id='word_1_560' title='bbox 1272 1179 1334 1212; x_wconf 75' lang='lat' dir='ltr'>esse</span> <span class='ocrx_word' id='word_1_561' title='bbox 1351 1178 1485 1213; x_wconf 69' lang='lat' dir='ltr'>assualis</span> <span class='ocrx_word' id='word_1_562' title='bbox 1506 1179 1701 1223; x_wconf 88' lang='lat' dir='ltr'>significatio</span> <span class='ocrx_word' id='word_1_563' title='bbox 1723 1179 1804 1223; x_wconf 81' lang='lat' dir='ltr'>signi</span> <span class='ocrx_word' id='word_1_564' title='bbox 1825 1201 1836 1218; x_wconf 93' lang='lat'><em>,</em></span> <span class='ocrx_word' id='word_1_565' title='bbox 1863 1178 1953 1211; x_wconf 86' lang='lat' dir='ltr'>sicuti</span> <span class='ocrx_word' id='word_1_566' title='bbox 1974 1177 2153 1221; x_wconf 83' lang='lat' dir='ltr'>applicatio</span> 
     </span>
     <span class='ocr_line' id='line_1_85' title="bbox 1272 1228 2153 1273; baseline 0 -13"><span class='ocrx_word' id='word_1_567' title='bbox 1272 1228 1384 1262; x_wconf 81' lang='lat' dir='ltr'>cauffae</span> <span class='ocrx_word' id='word_1_568' title='bbox 1411 1229 1524 1273; x_wconf 86' lang='lat' dir='ltr'>nequit</span> <span class='ocrx_word' id='word_1_569' title='bbox 1548 1229 1612 1264; x_wconf 80' lang='lat' dir='ltr'>esse</span> <span class='ocrx_word' id='word_1_570' title='bbox 1638 1230 1769 1264; x_wconf 68' lang='lat' dir='ltr'>effestus</span> <span class='ocrx_word' id='word_1_571' title='bbox 1794 1230 1906 1263; x_wconf 76' lang='lat' dir='ltr'>caussae</span> <span class='ocrx_word' id='word_1_572' title='bbox 1928 1239 1936 1260; x_wconf 76' lang='grc' dir='ltr'>ε</span> <span class='ocrx_word' id='word_1_573' title='bbox 1974 1228 2027 1261; x_wconf 90' lang='lat' dir='ltr'>sed</span> <span class='ocrx_word' id='word_1_574' title='bbox 2054 1236 2153 1271; x_wconf 90' lang='lat' dir='ltr'>quare</span> 
     </span>
     <span class='ocr_line' id='line_1_86' title="bbox 1273 1277 2154 1324; baseline -0.001 -13"><span class='ocrx_word' id='word_1_575' title='bbox 1273 1277 1447 1322; x_wconf 87' lang='lat' dir='ltr'>suppositio</span> <span class='ocrx_word' id='word_1_576' title='bbox 1469 1279 1550 1323; x_wconf 91' lang='lat' dir='ltr'>signi</span> <span class='ocrx_word' id='word_1_577' title='bbox 1583 1291 1651 1313; x_wconf 88' lang='lat' dir='ltr'>non</span> <span class='ocrx_word' id='word_1_578' title='bbox 1686 1279 1779 1324; x_wconf 77' lang='lat' dir='ltr'>possit</span> <span class='ocrx_word' id='word_1_579' title='bbox 1801 1279 1894 1312; x_wconf 83' lang='lat' dir='ltr'>simul</span> <span class='ocrx_word' id='word_1_580' title='bbox 1913 1277 1975 1311; x_wconf 77' lang='lat' dir='ltr'>esse</span> <span class='ocrx_word' id='word_1_581' title='bbox 1995 1277 2154 1321; x_wconf 84' lang='lat' dir='ltr'>significa·</span> 
     </span>
     <span class='ocr_line' id='line_1_87' title="bbox 1273 1327 2152 1372; baseline -0.002 -11"><span class='ocrx_word' id='word_1_582' title='bbox 1273 1338 1344 1362; x_wconf 90' lang='lat' dir='ltr'>tum</span> <span class='ocrx_word' id='word_1_583' title='bbox 1365 1328 1471 1372; x_wconf 87' lang='lat' dir='ltr'>signi,</span> <span class='ocrx_word' id='word_1_584' title='bbox 1497 1328 1582 1363; x_wconf 73' lang='lat' dir='ltr'>certe</span> <span class='ocrx_word' id='word_1_585' title='bbox 1604 1340 1673 1364; x_wconf 87' lang='lat' dir='ltr'>non</span> <span class='ocrx_word' id='word_1_586' title='bbox 1697 1327 1791 1363; x_wconf 91' lang='lat' dir='ltr'>video</span> <span class='ocrx_word' id='word_1_587' title='bbox 1809 1329 1851 1362; x_wconf 86' lang='lat' dir='ltr'>ab</span> <span class='ocrx_word' id='word_1_588' title='bbox 1876 1327 1940 1362; x_wconf 91' lang='lat' dir='ltr'>hoc</span> <span class='ocrx_word' id='word_1_589' title='bbox 1954 1335 2152 1371; x_wconf 82' lang='lat' dir='ltr'>argumento</span> 
     </span>
     <span class='ocr_line' id='line_1_88' title="bbox 1273 1376 2154 1424; baseline -0.005 -12"><span class='ocrx_word' id='word_1_590' title='bbox 1273 1377 1422 1421; x_wconf 86' lang='lat' dir='ltr'>probari.</span> <span class='ocrx_word' id='word_1_591' title='bbox 1450 1379 1494 1413; x_wconf 88' lang='lat' dir='ltr'>Et</span> <span class='ocrx_word' id='word_1_592' title='bbox 1517 1379 1651 1423; x_wconf 89' lang='lat' dir='ltr'>quidem</span> <span class='ocrx_word' id='word_1_593' title='bbox 1673 1379 1762 1424; x_wconf 91' lang='lat' dir='ltr'>quod</span> <span class='ocrx_word' id='word_1_594' title='bbox 1792 1377 1857 1412; x_wconf 84' lang='lat' dir='ltr'>hoc</span> <span class='ocrx_word' id='word_1_595' title='bbox 1879 1376 1966 1411; x_wconf 91' lang='lat' dir='ltr'>nihil</span> <span class='ocrx_word' id='word_1_596' title='bbox 1982 1377 2154 1411; x_wconf 85' lang='lat' dir='ltr'>contineat</span> 
     </span>
     <span class='ocr_line' id='line_1_89' title="bbox 1271 1424 2153 1475; baseline -0.006 -13"><span class='ocrx_word' id='word_1_597' title='bbox 1271 1428 1398 1463; x_wconf 81' lang='lat' dir='ltr'>absurdi</span> <span class='ocrx_word' id='word_1_598' title='bbox 1419 1451 1430 1469; x_wconf 89' lang='lat'><strong>,</strong></span> <span class='ocrx_word' id='word_1_599' title='bbox 1467 1434 1559 1463; x_wconf 80' lang='lat' dir='ltr'>etiam</span> <span class='ocrx_word' id='word_1_600' title='bbox 1581 1429 1693 1464; x_wconf 61' lang='lat' dir='ltr'>dirce?</span> <span class='ocrx_word' id='word_1_601' title='bbox 1707 1428 1800 1472; x_wconf 79' lang='lat' dir='ltr'>probo</span> <span class='ocrx_word' id='word_1_602' title='bbox 1821 1439 1833 1465; x_wconf 81' lang='lat'>;</span> <span class='ocrx_word' id='word_1_603' title='bbox 1857 1427 1950 1475; x_wconf 85' lang='lat' dir='ltr'>Qia</span> <span class='ocrx_word' id='word_1_604' title='bbox 1973 1424 2153 1470; x_wconf 86' lang='lat' dir='ltr'>suppositio</span> 
     </span>
     <span class='ocr_line' id='line_1_90' title="bbox 1272 1473 2153 1524; baseline -0.005 -12"><span class='ocrx_word' id='word_1_605' title='bbox 1272 1478 1303 1512; x_wconf 91' lang='lat'>&amp;</span> <span class='ocrx_word' id='word_1_606' title='bbox 1327 1479 1504 1522; x_wconf 88' lang='lat' dir='ltr'>applicatio</span> <span class='ocrx_word' id='word_1_607' title='bbox 1526 1480 1605 1522; x_wconf 72' lang='lat' dir='ltr'>signi</span> <span class='ocrx_word' id='word_1_608' title='bbox 1628 1480 1667 1513; x_wconf 85' lang='lat' dir='ltr'>ad</span> <span class='ocrx_word' id='word_1_609' title='bbox 1689 1478 1907 1524; x_wconf 85' lang='lat' dir='ltr'>significatum</span> <span class='ocrx_word' id='word_1_610' title='bbox 1933 1475 2030 1510; x_wconf 88' lang='lat' dir='ltr'>habet</span> <span class='ocrx_word' id='word_1_611' title='bbox 2053 1476 2085 1509; x_wconf 89' lang='lat' dir='ltr'>se</span> <span class='ocrx_word' id='word_1_612' title='bbox 2109 1473 2153 1508; x_wconf 86' lang='lat' dir='ltr'>ad</span> 
     </span>
     <span class='ocr_line' id='line_1_91' title="bbox 1273 1524 2154 1573; baseline -0.006 -11"><span class='ocrx_word' id='word_1_613' title='bbox 1273 1529 1418 1573; x_wconf 83' lang='lat' dir='ltr'>lignum,</span> <span class='ocrx_word' id='word_1_614' title='bbox 1443 1529 1521 1563; x_wconf 89' lang='lat' dir='ltr'>sicut</span> <span class='ocrx_word' id='word_1_615' title='bbox 1539 1528 1717 1572; x_wconf 89' lang='lat' dir='ltr'>applicatio</span> <span class='ocrx_word' id='word_1_616' title='bbox 1739 1528 1945 1566; x_wconf 66' lang='lat' dir='ltr'>intellectus,</span> <span class='ocrx_word' id='word_1_617' title='bbox 1972 1536 2035 1569; x_wconf 91' lang='lat' dir='ltr'>qua</span> <span class='ocrx_word' id='word_1_618' title='bbox 2057 1524 2154 1558; x_wconf 72' lang='lat' dir='ltr'>avo-</span> 
     </span>
     <span class='ocr_line' id='line_1_92' title="bbox 1275 1572 2156 1621; baseline -0.006 -9"><span class='ocrx_word' id='word_1_619' title='bbox 1275 1579 1400 1612; x_wconf 79' lang='lat' dir='ltr'>luntate</span> <span class='ocrx_word' id='word_1_620' title='bbox 1430 1578 1608 1621; x_wconf 84' lang='lat' dir='ltr'>applicatur</span> <span class='ocrx_word' id='word_1_621' title='bbox 1638 1579 1678 1612; x_wconf 89' lang='lat' dir='ltr'>ad</span> <span class='ocrx_word' id='word_1_622' title='bbox 1703 1580 1795 1612; x_wconf 90' lang='lat' dir='ltr'>suum</span> <span class='ocrx_word' id='word_1_623' title='bbox 1816 1576 1977 1619; x_wconf 64' lang='lat' dir='ltr'>objectum</span> <span class='ocrx_word' id='word_1_624' title='bbox 1997 1600 2009 1616; x_wconf 87' lang='lat'>‚</span> <span class='ocrx_word' id='word_1_625' title='bbox 2047 1576 2079 1608; x_wconf 87' lang='lat' dir='ltr'>se</span> <span class='ocrx_word' id='word_1_626' title='bbox 2099 1572 2156 1607; x_wconf 87' lang='lat' dir='ltr'>ha·</span> 
     </span>
     <span class='ocr_line' id='line_1_93' title="bbox 1275 1624 2153 1675; baseline -0.007 -12"><span class='ocrx_word' id='word_1_627' title='bbox 1275 1628 1328 1663; x_wconf 88' lang='lat' dir='ltr'>bet</span> <span class='ocrx_word' id='word_1_628' title='bbox 1350 1627 1390 1662; x_wconf 90' lang='lat' dir='ltr'>ad</span> <span class='ocrx_word' id='word_1_629' title='bbox 1414 1627 1616 1662; x_wconf 68' lang='lat' dir='ltr'>intellectum</span> <span class='ocrx_word' id='word_1_630' title='bbox 1640 1653 1647 1661; x_wconf 91' lang='lat'><strong>.</strong></span> <span class='ocrx_word' id='word_1_631' title='bbox 1686 1627 1794 1671; x_wconf 80' lang='lat' dir='ltr'>Atqui</span> <span class='ocrx_word' id='word_1_632' title='bbox 1813 1627 1873 1660; x_wconf 85' lang='lat' dir='ltr'>ista</span> <span class='ocrx_word' id='word_1_633' title='bbox 1896 1624 2073 1675; x_wconf 87' lang='lat' dir='ltr'>applicatio</span> <span class='ocrx_word' id='word_1_634' title='bbox 2096 1624 2153 1658; x_wconf 87' lang='lat' dir='ltr'>in·-</span> 
     </span>
     <span class='ocr_line' id='line_1_94' title="bbox 1276 1673 2152 1721; baseline -0.006 -9"><span class='ocrx_word' id='word_1_635' title='bbox 1276 1678 1420 1712; x_wconf 56' lang='lat' dir='ltr'>tenedus</span> <span class='ocrx_word' id='word_1_636' title='bbox 1449 1677 1552 1721; x_wconf 84' lang='lat' dir='ltr'>potest</span> <span class='ocrx_word' id='word_1_637' title='bbox 1575 1678 1673 1712; x_wconf 86' lang='lat' dir='ltr'>etiam</span> <span class='ocrx_word' id='word_1_638' title='bbox 1697 1674 2091 1719; x_wconf 63' lang='lat' dir='ltr'>abintellectuintelligi,</span> <span class='ocrx_word' id='word_1_639' title='bbox 2116 1673 2152 1707; x_wconf 78' lang='grc' dir='ltr'>δε</span> 
     </span>
     <span class='ocr_line' id='line_1_95' title="bbox 1274 1722 2154 1771; baseline -0.007 -9"><span class='ocrx_word' id='word_1_640' title='bbox 1274 1730 1336 1762; x_wconf 78' lang='lat' dir='ltr'>esse</span> <span class='ocrx_word' id='word_1_641' title='bbox 1363 1728 1544 1762; x_wconf 73' lang='lat' dir='ltr'>intellectus</span> <span class='ocrx_word' id='word_1_642' title='bbox 1564 1727 1724 1770; x_wconf 65' lang='lat' dir='ltr'>objectum</span> <span class='ocrx_word' id='word_1_643' title='bbox 1746 1740 1754 1760; x_wconf 78' lang='lat' dir='ltr'><em>z</em></span> <span class='ocrx_word' id='word_1_644' title='bbox 1793 1726 1873 1771; x_wconf 90' lang='lat' dir='ltr'>quid</span> <span class='ocrx_word' id='word_1_645' title='bbox 1895 1726 1986 1759; x_wconf 87' lang='lat' dir='ltr'>enim</span> <span class='ocrx_word' id='word_1_646' title='bbox 2006 1724 2113 1759; x_wconf 78' lang='lat' dir='ltr'>obstat</span> <span class='ocrx_word' id='word_1_647' title='bbox 2136 1722 2154 1755; x_wconf 68' lang='grc' dir='ltr'>,ἓ</span> 
     </span>
     <span class='ocr_line' id='line_1_96' title="bbox 1278 1775 2155 1826; baseline -0.005 -15"><span class='ocrx_word' id='word_1_648' title='bbox 1278 1777 1370 1826; x_wconf 79' lang='lat' dir='ltr'>Qid</span> <span class='ocrx_word' id='word_1_649' title='bbox 1391 1789 1476 1812; x_wconf 87' lang='lat' dir='ltr'>vetat</span> <span class='ocrx_word' id='word_1_650' title='bbox 1495 1779 1513 1810; x_wconf 82' lang='lat'><em>?</em></span> <span class='ocrx_word' id='word_1_651' title='bbox 1551 1779 1640 1823; x_wconf 85' lang='lat' dir='ltr'>Ergo</span> <span class='ocrx_word' id='word_1_652' title='bbox 1661 1778 1806 1812; x_wconf 89' lang='lat' dir='ltr'>similiter</span> <span class='ocrx_word' id='word_1_653' title='bbox 1827 1775 2003 1819; x_wconf 89' lang='lat' dir='ltr'>suppositio</span> <span class='ocrx_word' id='word_1_654' title='bbox 2025 1775 2079 1808; x_wconf 87' lang='lat' dir='ltr'>seu</span> <span class='ocrx_word' id='word_1_655' title='bbox 2098 1785 2155 1815; x_wconf 78' lang='lat' dir='ltr'>ap·</span> 
     </span>
     <span class='ocr_line' id='line_1_97' title="bbox 1276 1822 2154 1872; baseline -0.006 -12"><span class='ocrx_word' id='word_1_656' title='bbox 1276 1828 1410 1870; x_wconf 87' lang='lat' dir='ltr'>plicatio</span> <span class='ocrx_word' id='word_1_657' title='bbox 1433 1827 1514 1872; x_wconf 89' lang='lat' dir='ltr'>signi</span> <span class='ocrx_word' id='word_1_658' title='bbox 1537 1829 1635 1862; x_wconf 87' lang='lat' dir='ltr'>etiam</span> <span class='ocrx_word' id='word_1_659' title='bbox 1659 1827 1764 1871; x_wconf 87' lang='lat' dir='ltr'>potest</span> <span class='ocrx_word' id='word_1_660' title='bbox 1788 1825 1805 1859; x_wconf 70' lang='grc' dir='ltr'>ὲ</span> <span class='ocrx_word' id='word_1_661' title='bbox 1832 1824 1926 1870; x_wconf 80' lang='lat' dir='ltr'>signo</span> <span class='ocrx_word' id='word_1_662' title='bbox 1955 1822 2154 1869; x_wconf 86' lang='lat' dir='ltr'>significari,</span> 
     </span>
     <span class='ocr_line' id='line_1_98' title="bbox 1273 1877 1759 1923; baseline -0.004 -11"><span class='ocrx_word' id='word_1_663' title='bbox 1273 1878 1307 1912; x_wconf 80' lang='grc' dir='ltr'>ἀ</span> <span class='ocrx_word' id='word_1_664' title='bbox 1331 1878 1394 1912; x_wconf 82' lang='lat' dir='ltr'>esse</span> <span class='ocrx_word' id='word_1_665' title='bbox 1416 1878 1499 1923; x_wconf 87' lang='lat' dir='ltr'>signi</span> <span class='ocrx_word' id='word_1_666' title='bbox 1521 1877 1759 1922; x_wconf 85' lang='lat' dir='ltr'>significatum.</span> 
     </span>
    </p>

    <p class='ocr_par' dir='ltr' id='par_1_12' title="bbox 1273 1927 2164 3313">
     <span class='ocr_line' id='line_1_99' title="bbox 1329 1927 2150 1971; baseline -0.007 -9"><span class='ocrx_word' id='word_1_667' title='bbox 1329 1938 1382 1971; x_wconf 85' lang='lat'>19.</span> <span class='ocrx_word' id='word_1_668' title='bbox 1410 1930 1460 1960; x_wconf 73' lang='lat' dir='ltr'>Ad</span> <span class='ocrx_word' id='word_1_669' title='bbox 1477 1927 1724 1969; x_wconf 81' lang='lat' dir='ltr'>confirmationem</span> <span class='ocrx_word' id='word_1_670' title='bbox 1738 1927 1873 1970; x_wconf 77' lang='lat' dir='ltr'>similiter</span> <span class='ocrx_word' id='word_1_671' title='bbox 1897 1937 1968 1969; x_wconf 80' lang='lat' dir='ltr'>nego</span> <span class='ocrx_word' id='word_1_672' title='bbox 1987 1928 2150 1958; x_wconf 77' lang='lat' dir='ltr'>minorem:</span> 
     </span>
     <span class='ocr_line' id='line_1_100' title="bbox 1276 1974 2164 2020; baseline -0.002 -12"><span class='ocrx_word' id='word_1_673' title='bbox 1276 1974 1345 2018; x_wconf 88' lang='lat' dir='ltr'>Jam</span> <span class='ocrx_word' id='word_1_674' title='bbox 1366 1975 1457 2009; x_wconf 89' lang='lat' dir='ltr'>enim</span> <span class='ocrx_word' id='word_1_675' title='bbox 1479 1976 1608 2009; x_wconf 83' lang='lat' dir='ltr'>ostendi</span> <span class='ocrx_word' id='word_1_676' title='bbox 1632 2000 1645 2017; x_wconf 94' lang='lat'>,</span> <span class='ocrx_word' id='word_1_677' title='bbox 1680 1976 1769 2020; x_wconf 91' lang='lat' dir='ltr'>quod</span> <span class='ocrx_word' id='word_1_678' title='bbox 1800 1975 1885 2009; x_wconf 87' lang='lat' dir='ltr'>nibil</span> <span class='ocrx_word' id='word_1_679' title='bbox 1907 1983 1992 2008; x_wconf 85' lang='lat' dir='ltr'>vetet</span> <span class='ocrx_word' id='word_1_680' title='bbox 2014 1974 2164 2016; x_wconf 64' lang='lat' dir='ltr'>support-1</span> 
     </span>
     <span class='ocr_line' id='line_1_101' title="bbox 1276 2023 2158 2070; baseline -0.002 -12"><span class='ocrx_word' id='word_1_681' title='bbox 1276 2025 1402 2059; x_wconf 87' lang='lat' dir='ltr'>tionem</span> <span class='ocrx_word' id='word_1_682' title='bbox 1433 2024 1524 2059; x_wconf 88' lang='lat' dir='ltr'>vocis</span> <span class='ocrx_word' id='word_1_683' title='bbox 1560 2025 1653 2061; x_wconf 88' lang='lat' dir='ltr'>simul</span> <span class='ocrx_word' id='word_1_684' title='bbox 1691 2027 1754 2060; x_wconf 83' lang='lat' dir='ltr'>effe</span> <span class='ocrx_word' id='word_1_685' title='bbox 1784 2026 2004 2070; x_wconf 84' lang='lat' dir='ltr'>significatum</span> <span class='ocrx_word' id='word_1_686' title='bbox 2046 2023 2158 2057; x_wconf 76' lang='lat' dir='ltr'>vocis.</span> 
     </span>
     <span class='ocr_line' id='line_1_102' title="bbox 1275 2073 2160 2118; baseline 0 -12"><span class='ocrx_word' id='word_1_687' title='bbox 1275 2074 1355 2107; x_wconf 89' lang='lat' dir='ltr'>Hoc</span> <span class='ocrx_word' id='word_1_688' title='bbox 1374 2085 1483 2108; x_wconf 86' lang='lat' dir='ltr'>tamen</span> <span class='ocrx_word' id='word_1_689' title='bbox 1507 2074 1594 2109; x_wconf 76' lang='lat' dir='ltr'>addo</span> <span class='ocrx_word' id='word_1_690' title='bbox 1608 2100 1618 2115; x_wconf 91' lang='lat'>,</span> <span class='ocrx_word' id='word_1_691' title='bbox 1646 2077 1734 2118; x_wconf 91' lang='lat' dir='ltr'>quod</span> <span class='ocrx_word' id='word_1_692' title='bbox 1762 2074 1940 2118; x_wconf 88' lang='lat' dir='ltr'>suppositio</span> <span class='ocrx_word' id='word_1_693' title='bbox 1963 2073 2054 2107; x_wconf 87' lang='lat' dir='ltr'>vocis</span> <span class='ocrx_word' id='word_1_694' title='bbox 2074 2083 2160 2107; x_wconf 86' lang='lat' dir='ltr'>nun·</span> 
     </span>
     <span class='ocr_line' id='line_1_103' title="bbox 1276 2121 2158 2166; baseline 0.002 -12"><span class='ocrx_word' id='word_1_695' title='bbox 1276 2133 1374 2165; x_wconf 85' lang='lat' dir='ltr'>quam</span> <span class='ocrx_word' id='word_1_696' title='bbox 1405 2123 1444 2155; x_wconf 84' lang='lat' dir='ltr'>sit</span> <span class='ocrx_word' id='word_1_697' title='bbox 1479 2123 1681 2165; x_wconf 83' lang='lat' dir='ltr'>adaequatum</span> <span class='ocrx_word' id='word_1_698' title='bbox 1703 2123 1917 2166; x_wconf 84' lang='lat' dir='ltr'>significatum</span> <span class='ocrx_word' id='word_1_699' title='bbox 1941 2123 2031 2156; x_wconf 86' lang='lat' dir='ltr'>vocis</span> <span class='ocrx_word' id='word_1_700' title='bbox 2056 2134 2066 2164; x_wconf 90' lang='lat'>;</span> <span class='ocrx_word' id='word_1_701' title='bbox 2100 2121 2158 2156; x_wconf 80' lang='lat' dir='ltr'>sed</span> 
     </span>
     <span class='ocr_line' id='line_1_104' title="bbox 1275 2169 2158 2215; baseline 0.001 -11"><span class='ocrx_word' id='word_1_702' title='bbox 1275 2169 1484 2205; x_wconf 86' lang='lat' dir='ltr'>solummodo</span> <span class='ocrx_word' id='word_1_703' title='bbox 1505 2172 1639 2214; x_wconf 83' lang='lat' dir='ltr'>partiale</span> <span class='ocrx_word' id='word_1_704' title='bbox 1662 2172 1695 2205; x_wconf 77' lang='grc' dir='ltr'>δε</span> <span class='ocrx_word' id='word_1_705' title='bbox 1717 2171 1978 2215; x_wconf 79' lang='lat' dir='ltr'>inadaequatum:</span> <span class='ocrx_word' id='word_1_706' title='bbox 2006 2170 2158 2214; x_wconf 81' lang='lat' dir='ltr'>adeoque</span> 
     </span>
     <span class='ocr_line' id='line_1_105' title="bbox 1275 2220 2158 2265; baseline 0 -11"><span class='ocrx_word' id='word_1_707' title='bbox 1275 2222 1398 2264; x_wconf 87' lang='lat' dir='ltr'>semper</span> <span class='ocrx_word' id='word_1_708' title='bbox 1433 2221 1607 2264; x_wconf 86' lang='lat' dir='ltr'>suppositio</span> <span class='ocrx_word' id='word_1_709' title='bbox 1636 2221 1669 2255; x_wconf 79' lang='grc' dir='ltr'>δε</span> <span class='ocrx_word' id='word_1_710' title='bbox 1699 2220 1918 2265; x_wconf 80' lang='lat' dir='ltr'>significatum</span> <span class='ocrx_word' id='word_1_711' title='bbox 1954 2221 2045 2254; x_wconf 90' lang='lat' dir='ltr'>vocis</span> <span class='ocrx_word' id='word_1_712' title='bbox 2079 2221 2158 2254; x_wconf 86' lang='lat' dir='ltr'>sunt</span> 
     </span>
     <span class='ocr_line' id='line_1_106' title="bbox 1275 2269 2158 2311; baseline 0 -8"><span class='ocrx_word' id='word_1_713' title='bbox 1275 2271 1402 2304; x_wconf 87' lang='lat' dir='ltr'>realiter</span> <span class='ocrx_word' id='word_1_714' title='bbox 1435 2269 1585 2304; x_wconf 66' lang='lat' dir='ltr'>distincta</span> <span class='ocrx_word' id='word_1_715' title='bbox 1611 2282 1620 2303; x_wconf 78' lang='lat' dir='ltr'><strong><em>z</em></strong></span> <span class='ocrx_word' id='word_1_716' title='bbox 1658 2270 1734 2304; x_wconf 89' lang='lat' dir='ltr'>licet</span> <span class='ocrx_word' id='word_1_717' title='bbox 1767 2280 1875 2304; x_wconf 86' lang='lat' dir='ltr'>tamen</span> <span class='ocrx_word' id='word_1_718' title='bbox 1900 2269 2033 2303; x_wconf 90' lang='lat' dir='ltr'>interim</span> <span class='ocrx_word' id='word_1_719' title='bbox 2054 2270 2158 2311; x_wconf 83' lang='lat' dir='ltr'>etiam</span> 
     </span>
     <span class='ocr_line' id='line_1_107' title="bbox 1276 2317 2157 2364; baseline 0 -12"><span class='ocrx_word' id='word_1_720' title='bbox 1276 2319 1342 2363; x_wconf 89' lang='lat' dir='ltr'>ipsa</span> <span class='ocrx_word' id='word_1_721' title='bbox 1365 2319 1543 2362; x_wconf 87' lang='lat' dir='ltr'>suppositio</span> <span class='ocrx_word' id='word_1_722' title='bbox 1566 2319 1604 2353; x_wconf 92' lang='lat' dir='ltr'>sit</span> <span class='ocrx_word' id='word_1_723' title='bbox 1625 2317 1759 2362; x_wconf 84' lang='lat' dir='ltr'>aliquod</span> <span class='ocrx_word' id='word_1_724' title='bbox 1782 2318 2000 2364; x_wconf 87' lang='lat' dir='ltr'>significatum</span> <span class='ocrx_word' id='word_1_725' title='bbox 2030 2341 2039 2350; x_wconf 92' lang='lat'><strong>.</strong></span> <span class='ocrx_word' id='word_1_726' title='bbox 2066 2317 2157 2352; x_wconf 85' lang='lat' dir='ltr'>Nam</span> 
     </span>
     <span class='ocr_line' id='line_1_108' title="bbox 1276 2366 2160 2413; baseline -0.002 -11"><span class='ocrx_word' id='word_1_727' title='bbox 1276 2368 1361 2403; x_wconf 88' lang='lat' dir='ltr'>verb.</span> <span class='ocrx_word' id='word_1_728' title='bbox 1374 2380 1420 2413; x_wconf 89' lang='lat' dir='ltr'>gr.</span> <span class='ocrx_word' id='word_1_729' title='bbox 1445 2380 1519 2403; x_wconf 89' lang='lat' dir='ltr'>cum</span> <span class='ocrx_word' id='word_1_730' title='bbox 1533 2369 1610 2403; x_wconf 86' lang='lat' dir='ltr'>dico</span> <span class='ocrx_word' id='word_1_731' title='bbox 1629 2368 1712 2402; x_wconf 87' lang='lat' dir='ltr'>bomo</span> <span class='ocrx_word' id='word_1_732' title='bbox 1724 2369 1763 2410; x_wconf 82' lang='lat' dir='ltr'>est</span> <span class='ocrx_word' id='word_1_733' title='bbox 1773 2371 1890 2402; x_wconf 81' lang='lat' dir='ltr'>animal</span> <span class='ocrx_word' id='word_1_734' title='bbox 1900 2394 1911 2411; x_wconf 89' lang='lat'><strong>,</strong></span> <span class='ocrx_word' id='word_1_735' title='bbox 1937 2367 1982 2403; x_wconf 85' lang='lat' dir='ltr'>ibi</span> <span class='ocrx_word' id='word_1_736' title='bbox 1995 2379 2061 2402; x_wconf 81' lang='lat' dir='ltr'>vox</span> <span class='ocrx_word' id='word_1_737' title='bbox 2076 2366 2160 2401; x_wconf 78' lang='lat' dir='ltr'>bomo</span> 
     </span>
     <span class='ocr_line' id='line_1_109' title="bbox 1274 2418 2159 2464; baseline -0.001 -11"><span class='ocrx_word' id='word_1_738' title='bbox 1274 2419 1320 2453; x_wconf 86' lang='lat' dir='ltr'>est</span> <span class='ocrx_word' id='word_1_739' title='bbox 1343 2419 1468 2464; x_wconf 77' lang='lat' dir='ltr'>signum</span> <span class='ocrx_word' id='word_1_740' title='bbox 1482 2442 1493 2459; x_wconf 89' lang='lat'><strong>,</strong></span> <span class='ocrx_word' id='word_1_741' title='bbox 1518 2419 1564 2453; x_wconf 83' lang='lat' dir='ltr'>est</span> <span class='ocrx_word' id='word_1_742' title='bbox 1585 2430 1649 2453; x_wconf 89' lang='lat' dir='ltr'>vox</span> <span class='ocrx_word' id='word_1_743' title='bbox 1674 2419 1885 2464; x_wconf 85' lang='lat' dir='ltr'>significativa</span> <span class='ocrx_word' id='word_1_744' title='bbox 1900 2433 1911 2453; x_wconf 86' lang='grc'>.-</span> <span class='ocrx_word' id='word_1_745' title='bbox 1933 2418 2000 2462; x_wconf 76' lang='lat' dir='ltr'>ejus</span> <span class='ocrx_word' id='word_1_746' title='bbox 2014 2419 2159 2462; x_wconf 91' lang='lat' dir='ltr'>prolatio</span> 
     </span>
     <span class='ocr_line' id='line_1_110' title="bbox 1274 2467 2161 2513; baseline -0.003 -10"><span class='ocrx_word' id='word_1_747' title='bbox 1274 2469 1292 2503; x_wconf 74' lang='lat' dir='ltr'>a</span> <span class='ocrx_word' id='word_1_748' title='bbox 1315 2479 1368 2502; x_wconf 89' lang='lat' dir='ltr'>me</span> <span class='ocrx_word' id='word_1_749' title='bbox 1391 2470 1470 2504; x_wconf 67' lang='lat' dir='ltr'>fasta</span> <span class='ocrx_word' id='word_1_750' title='bbox 1491 2480 1567 2503; x_wconf 90' lang='lat' dir='ltr'>cum</span> <span class='ocrx_word' id='word_1_751' title='bbox 1588 2469 1775 2504; x_wconf 86' lang='lat' dir='ltr'>intentione</span> <span class='ocrx_word' id='word_1_752' title='bbox 1802 2469 2008 2513; x_wconf 83' lang='lat' dir='ltr'>significandi</span> <span class='ocrx_word' id='word_1_753' title='bbox 2031 2467 2099 2510; x_wconf 86' lang='lat' dir='ltr'>ejus</span> <span class='ocrx_word' id='word_1_754' title='bbox 2122 2468 2161 2500; x_wconf 84' lang='lat' dir='ltr'>si-</span> 
     </span>
     <span class='ocr_line' id='line_1_111' title="bbox 1275 2515 2158 2564; baseline -0.002 -12"><span class='ocrx_word' id='word_1_755' title='bbox 1275 2519 1430 2564; x_wconf 87' lang='lat' dir='ltr'>gnificata</span> <span class='ocrx_word' id='word_1_756' title='bbox 1451 2519 1496 2553; x_wconf 87' lang='lat' dir='ltr'>est</span> <span class='ocrx_word' id='word_1_757' title='bbox 1523 2520 1592 2563; x_wconf 86' lang='lat' dir='ltr'>ejus</span> <span class='ocrx_word' id='word_1_758' title='bbox 1625 2520 1801 2562; x_wconf 86' lang='lat' dir='ltr'>suppositio</span> <span class='ocrx_word' id='word_1_759' title='bbox 1823 2542 1830 2550; x_wconf 90' lang='lat'><strong>.</strong></span> <span class='ocrx_word' id='word_1_760' title='bbox 1867 2517 2056 2562; x_wconf 89' lang='lat' dir='ltr'>Significata</span> <span class='ocrx_word' id='word_1_761' title='bbox 2080 2515 2158 2551; x_wconf 73' lang='lat' dir='ltr'>vero</span> 
     </span>
     <span class='ocr_line' id='line_1_112' title="bbox 1274 2566 2158 2613; baseline -0.003 -10"><span class='ocrx_word' id='word_1_762' title='bbox 1274 2569 1343 2613; x_wconf 89' lang='lat' dir='ltr'>ejus</span> <span class='ocrx_word' id='word_1_763' title='bbox 1363 2570 1437 2603; x_wconf 89' lang='lat' dir='ltr'>sunt</span> <span class='ocrx_word' id='word_1_764' title='bbox 1463 2569 1549 2602; x_wconf 84' lang='lat' dir='ltr'>varia</span> <span class='ocrx_word' id='word_1_765' title='bbox 1575 2580 1583 2600; x_wconf 75' lang='grc' dir='ltr'><strong><em>ε</em></strong></span> <span class='ocrx_word' id='word_1_766' title='bbox 1618 2579 1695 2601; x_wconf 87' lang='lat' dir='ltr'>nam</span> <span class='ocrx_word' id='word_1_767' title='bbox 1729 2566 1915 2601; x_wconf 87' lang='lat' dir='ltr'>humanitas</span> <span class='ocrx_word' id='word_1_768' title='bbox 1935 2567 1980 2600; x_wconf 86' lang='lat' dir='ltr'>est</span> <span class='ocrx_word' id='word_1_769' title='bbox 2000 2567 2158 2611; x_wconf 81' lang='lat' dir='ltr'>significa·</span> 
     </span>
     <span class='ocr_line' id='line_1_113' title="bbox 1274 2615 2156 2661; baseline -0.003 -8"><span class='ocrx_word' id='word_1_770' title='bbox 1274 2627 1344 2653; x_wconf 83' lang='lat' dir='ltr'>tum</span> <span class='ocrx_word' id='word_1_771' title='bbox 1364 2617 1432 2660; x_wconf 85' lang='lat' dir='ltr'>ejus</span> <span class='ocrx_word' id='word_1_772' title='bbox 1454 2617 1618 2661; x_wconf 83' lang='lat' dir='ltr'>formale3</span> <span class='ocrx_word' id='word_1_773' title='bbox 1647 2619 1847 2661; x_wconf 86' lang='lat' dir='ltr'>suppositum</span> <span class='ocrx_word' id='word_1_774' title='bbox 1870 2616 2084 2651; x_wconf 86' lang='lat' dir='ltr'>humanitatis</span> <span class='ocrx_word' id='word_1_775' title='bbox 2108 2615 2156 2650; x_wconf 90' lang='lat' dir='ltr'>est</span> 
     </span>
     <span class='ocr_line' id='line_1_114' title="bbox 1273 2665 2157 2713; baseline -0.002 -10"><span class='ocrx_word' id='word_1_776' title='bbox 1273 2669 1491 2713; x_wconf 86' lang='lat' dir='ltr'>significatum</span> <span class='ocrx_word' id='word_1_777' title='bbox 1529 2668 1594 2710; x_wconf 82' lang='lat' dir='ltr'>ejus</span> <span class='ocrx_word' id='word_1_778' title='bbox 1631 2668 1797 2702; x_wconf 86' lang='lat' dir='ltr'>materiale</span> <span class='ocrx_word' id='word_1_779' title='bbox 1823 2680 1835 2700; x_wconf 83' lang='lat'>.-</span> <span class='ocrx_word' id='word_1_780' title='bbox 1869 2667 1947 2700; x_wconf 85' lang='lat' dir='ltr'>item</span> <span class='ocrx_word' id='word_1_781' title='bbox 1976 2665 2157 2710; x_wconf 78' lang='lat' dir='ltr'>significata</span> 
     </span>
     <span class='ocr_line' id='line_1_115' title="bbox 1274 2715 2159 2761; baseline -0.003 -9"><span class='ocrx_word' id='word_1_782' title='bbox 1274 2718 1342 2761; x_wconf 83' lang='lat' dir='ltr'>ejus</span> <span class='ocrx_word' id='word_1_783' title='bbox 1363 2719 1438 2752; x_wconf 89' lang='lat' dir='ltr'>sunt</span> <span class='ocrx_word' id='word_1_784' title='bbox 1463 2726 1642 2761; x_wconf 84' lang='lat' dir='ltr'>conceptus</span> <span class='ocrx_word' id='word_1_785' title='bbox 1665 2727 1776 2757; x_wconf 86' lang='lat' dir='ltr'>meus,</span> <span class='ocrx_word' id='word_1_786' title='bbox 1804 2727 1871 2759; x_wconf 89' lang='lat' dir='ltr'>quo</span> <span class='ocrx_word' id='word_1_787' title='bbox 1893 2726 1960 2750; x_wconf 85' lang='lat' dir='ltr'>tam</span> <span class='ocrx_word' id='word_1_788' title='bbox 1975 2715 2159 2750; x_wconf 88' lang='lat' dir='ltr'>humanita-</span> 
     </span>
     <span class='ocr_line' id='line_1_116' title="bbox 1274 2766 2158 2811; baseline -0.003 -9"><span class='ocrx_word' id='word_1_789' title='bbox 1274 2779 1340 2802; x_wconf 90' lang='lat' dir='ltr'>tem</span> <span class='ocrx_word' id='word_1_790' title='bbox 1362 2792 1374 2808; x_wconf 90' lang='lat'>,</span> <span class='ocrx_word' id='word_1_791' title='bbox 1412 2778 1510 2811; x_wconf 87' lang='lat' dir='ltr'>quam</span> <span class='ocrx_word' id='word_1_792' title='bbox 1532 2767 1729 2811; x_wconf 82' lang='lat' dir='ltr'>suppositum</span> <span class='ocrx_word' id='word_1_793' title='bbox 1752 2767 1821 2810; x_wconf 87' lang='lat' dir='ltr'>ejus</span> <span class='ocrx_word' id='word_1_794' title='bbox 1849 2766 2005 2810; x_wconf 90' lang='lat' dir='ltr'>concipio</span> <span class='ocrx_word' id='word_1_795' title='bbox 2028 2791 2039 2807; x_wconf 93' lang='lat'>‚</span> <span class='ocrx_word' id='word_1_796' title='bbox 2075 2766 2158 2800; x_wconf 86' lang='lat' dir='ltr'>item</span> 
     </span>
     <span class='ocr_line' id='line_1_117' title="bbox 1275 2817 2160 2861; baseline -0.003 -9"><span class='ocrx_word' id='word_1_797' title='bbox 1275 2828 1454 2861; x_wconf 89' lang='lat' dir='ltr'>conceptus</span> <span class='ocrx_word' id='word_1_798' title='bbox 1478 2842 1488 2858; x_wconf 92' lang='lat'><strong>,</strong></span> <span class='ocrx_word' id='word_1_799' title='bbox 1514 2828 1582 2861; x_wconf 91' lang='lat' dir='ltr'>quo</span> <span class='ocrx_word' id='word_1_800' title='bbox 1604 2818 1703 2860; x_wconf 87' lang='lat' dir='ltr'>ipsam</span> <span class='ocrx_word' id='word_1_801' title='bbox 1731 2827 1844 2850; x_wconf 88' lang='lat' dir='ltr'>vocem</span> <span class='ocrx_word' id='word_1_802' title='bbox 1871 2817 2028 2860; x_wconf 90' lang='lat' dir='ltr'>prolatam</span> <span class='ocrx_word' id='word_1_803' title='bbox 2045 2817 2160 2850; x_wconf 90' lang='lat' dir='ltr'>conci-</span> 
     </span>
     <span class='ocr_line' id='line_1_118' title="bbox 1275 2866 2156 2912; baseline -0.002 -10"><span class='ocrx_word' id='word_1_804' title='bbox 1275 2869 1347 2912; x_wconf 89' lang='lat' dir='ltr'>pio:</span> <span class='ocrx_word' id='word_1_805' title='bbox 1377 2868 1495 2902; x_wconf 91' lang='lat' dir='ltr'>volitio</span> <span class='ocrx_word' id='word_1_806' title='bbox 1518 2868 1572 2901; x_wconf 89' lang='lat' dir='ltr'>seu</span> <span class='ocrx_word' id='word_1_807' title='bbox 1596 2868 1737 2900; x_wconf 88' lang='lat' dir='ltr'>intentio</span> <span class='ocrx_word' id='word_1_808' title='bbox 1760 2878 1832 2900; x_wconf 88' lang='lat' dir='ltr'>mea</span> <span class='ocrx_word' id='word_1_809' title='bbox 1857 2878 1911 2908; x_wconf 87' lang='lat' dir='ltr'>per</span> <span class='ocrx_word' id='word_1_810' title='bbox 1934 2866 2156 2900; x_wconf 82' lang='lat' dir='ltr'>vocemistam</span> 
     </span>
     <span class='ocr_line' id='line_1_119' title="bbox 1274 2915 2157 2961; baseline -0.003 -8"><span class='ocrx_word' id='word_1_811' title='bbox 1274 2919 1335 2953; x_wconf 85' lang='lat' dir='ltr'>ista</span> <span class='ocrx_word' id='word_1_812' title='bbox 1354 2919 1468 2952; x_wconf 86' lang='lat' dir='ltr'>omnia</span> <span class='ocrx_word' id='word_1_813' title='bbox 1499 2916 1704 2961; x_wconf 81' lang='lat' dir='ltr'>significandi</span> <span class='ocrx_word' id='word_1_814' title='bbox 1724 2940 1735 2956; x_wconf 89' lang='lat'><strong>,</strong></span> <span class='ocrx_word' id='word_1_815' title='bbox 1762 2917 1822 2950; x_wconf 75' lang='lat' dir='ltr'>&amp;e</span> <span class='ocrx_word' id='word_1_816' title='bbox 1850 2916 1893 2951; x_wconf 87' lang='lat' dir='ltr'>Et</span> <span class='ocrx_word' id='word_1_817' title='bbox 1920 2915 1989 2950; x_wconf 86' lang='lat' dir='ltr'>haec</span> <span class='ocrx_word' id='word_1_818' title='bbox 2012 2917 2157 2950; x_wconf 86' lang='lat' dir='ltr'>intentio</span> 
     </span>
     <span class='ocr_line' id='line_1_120' title="bbox 1277 2965 2160 3014; baseline -0.006 -11"><span class='ocrx_word' id='word_1_819' title='bbox 1277 2980 1331 3014; x_wconf 89' lang='lat' dir='ltr'>per</span> <span class='ocrx_word' id='word_1_820' title='bbox 1367 2979 1484 3002; x_wconf 88' lang='lat' dir='ltr'>vocem</span> <span class='ocrx_word' id='word_1_821' title='bbox 1519 2966 1724 3011; x_wconf 82' lang='lat' dir='ltr'>fignificandi</span> <span class='ocrx_word' id='word_1_822' title='bbox 1755 2967 1952 3010; x_wconf 88' lang='lat' dir='ltr'>suppositum</span> <span class='ocrx_word' id='word_1_823' title='bbox 1975 2965 2160 2999; x_wconf 85' lang='lat' dir='ltr'>humanita-</span> 
     </span>
     <span class='ocr_line' id='line_1_121' title="bbox 1275 3014 2156 3061; baseline -0.006 -8"><span class='ocrx_word' id='word_1_824' title='bbox 1275 3020 1340 3060; x_wconf 67' lang='grc' dir='ltr'>εἰς,</span> <span class='ocrx_word' id='word_1_825' title='bbox 1366 3017 1412 3052; x_wconf 87' lang='lat' dir='ltr'>est</span> <span class='ocrx_word' id='word_1_826' title='bbox 1435 3018 1525 3052; x_wconf 86' lang='lat' dir='ltr'>istius</span> <span class='ocrx_word' id='word_1_827' title='bbox 1543 3017 1632 3052; x_wconf 88' lang='lat' dir='ltr'>vocis</span> <span class='ocrx_word' id='word_1_828' title='bbox 1643 3015 1838 3061; x_wconf 86' lang='lat' dir='ltr'>suppofiti0;</span> <span class='ocrx_word' id='word_1_829' title='bbox 1866 3016 2065 3058; x_wconf 83' lang='lat' dir='ltr'>suppositum</span> <span class='ocrx_word' id='word_1_830' title='bbox 2079 3014 2156 3048; x_wconf 71' lang='lat' dir='ltr'>vero</span> 
     </span>
     <span class='ocr_line' id='line_1_122' title="bbox 1277 3065 2155 3111; baseline -0.006 -9"><span class='ocrx_word' id='word_1_831' title='bbox 1277 3068 1492 3103; x_wconf 87' lang='lat' dir='ltr'>humanitatis</span> <span class='ocrx_word' id='word_1_832' title='bbox 1518 3068 1563 3101; x_wconf 87' lang='lat' dir='ltr'>est</span> <span class='ocrx_word' id='word_1_833' title='bbox 1586 3067 1676 3102; x_wconf 87' lang='lat' dir='ltr'>vocis</span> <span class='ocrx_word' id='word_1_834' title='bbox 1695 3066 1777 3099; x_wconf 83' lang='lat' dir='ltr'>homo</span> <span class='ocrx_word' id='word_1_835' title='bbox 1792 3065 2032 3111; x_wconf 83' lang='lat' dir='ltr'>significatum,</span> <span class='ocrx_word' id='word_1_836' title='bbox 2057 3065 2155 3108; x_wconf 71' lang='lat' dir='ltr'>aquo</span> 
     </span>
     <span class='ocr_line' id='line_1_123' title="bbox 1278 3115 2156 3162; baseline -0.007 -9"><span class='ocrx_word' id='word_1_837' title='bbox 1278 3118 1455 3162; x_wconf 89' lang='lat' dir='ltr'>suppositio</span> <span class='ocrx_word' id='word_1_838' title='bbox 1475 3117 1583 3152; x_wconf 85' lang='lat' dir='ltr'>differt</span> <span class='ocrx_word' id='word_1_839' title='bbox 1604 3117 1747 3152; x_wconf 87' lang='lat' dir='ltr'>realiter.</span> <span class='ocrx_word' id='word_1_840' title='bbox 1774 3115 1855 3149; x_wconf 91' lang='lat' dir='ltr'>Hoc</span> <span class='ocrx_word' id='word_1_841' title='bbox 1877 3124 1987 3148; x_wconf 77' lang='lat' dir='ltr'>tamen</span> <span class='ocrx_word' id='word_1_842' title='bbox 2011 3115 2156 3148; x_wconf 86' lang='lat' dir='ltr'>nontol·</span> 
     </span>
     <span class='ocr_line' id='line_1_124' title="bbox 1275 3163 2157 3211; baseline -0.005 -10"><span class='ocrx_word' id='word_1_843' title='bbox 1275 3168 1313 3202; x_wconf 87' lang='lat' dir='ltr'>lit</span> <span class='ocrx_word' id='word_1_844' title='bbox 1329 3192 1340 3209; x_wconf 89' lang='lat'>‚</span> <span class='ocrx_word' id='word_1_845' title='bbox 1366 3179 1472 3210; x_wconf 90' lang='lat' dir='ltr'>neque</span> <span class='ocrx_word' id='word_1_846' title='bbox 1494 3167 1630 3211; x_wconf 85' lang='lat' dir='ltr'>impedit</span> <span class='ocrx_word' id='word_1_847' title='bbox 1652 3190 1663 3207; x_wconf 94' lang='lat'><strong>,</strong></span> <span class='ocrx_word' id='word_1_848' title='bbox 1689 3166 1769 3210; x_wconf 88' lang='lat' dir='ltr'>quin</span> <span class='ocrx_word' id='word_1_849' title='bbox 1787 3165 1846 3198; x_wconf 86' lang='lat' dir='ltr'>issa</span> <span class='ocrx_word' id='word_1_850' title='bbox 1870 3174 1941 3199; x_wconf 88' lang='lat' dir='ltr'>mea</span> <span class='ocrx_word' id='word_1_851' title='bbox 1968 3163 2157 3198; x_wconf 79' lang='lat' dir='ltr'>humanita-</span> 
     </span>
     <span class='ocr_line' id='line_1_125' title="bbox 1276 3214 2157 3262; baseline -0.007 -10"><span class='ocrx_word' id='word_1_852' title='bbox 1276 3218 1317 3252; x_wconf 90' lang='lat' dir='ltr'>tis</span> <span class='ocrx_word' id='word_1_853' title='bbox 1341 3219 1538 3261; x_wconf 85' lang='lat' dir='ltr'>suppofitum</span> <span class='ocrx_word' id='word_1_854' title='bbox 1561 3214 1763 3262; x_wconf 86' lang='lat' dir='ltr'>significandi</span> <span class='ocrx_word' id='word_1_855' title='bbox 1783 3214 1926 3249; x_wconf 89' lang='lat' dir='ltr'>intentio</span> <span class='ocrx_word' id='word_1_856' title='bbox 1945 3215 2046 3248; x_wconf 91' lang='lat' dir='ltr'>etiam</span> <span class='ocrx_word' id='word_1_857' title='bbox 2067 3214 2086 3247; x_wconf 76' lang='lat' dir='ltr'>a</span> <span class='ocrx_word' id='word_1_858' title='bbox 2100 3225 2157 3247; x_wconf 88' lang='lat' dir='ltr'>vo·</span> 
     </span>
     <span class='ocr_line' id='line_1_126' title="bbox 1275 3265 2019 3313; baseline -0.008 -11"><span class='ocrx_word' id='word_1_859' title='bbox 1275 3280 1312 3302; x_wconf 88' lang='lat' dir='ltr'>ce</span> <span class='ocrx_word' id='word_1_860' title='bbox 1334 3269 1555 3313; x_wconf 87' lang='lat' dir='ltr'>significetur,</span> <span class='ocrx_word' id='word_1_861' title='bbox 1579 3269 1612 3300; x_wconf 87' lang='lat'>&amp;</span> <span class='ocrx_word' id='word_1_862' title='bbox 1633 3267 1671 3300; x_wconf 88' lang='lat' dir='ltr'>sit</span> <span class='ocrx_word' id='word_1_863' title='bbox 1695 3265 1763 3308; x_wconf 84' lang='lat' dir='ltr'>ejus</span> <span class='ocrx_word' id='word_1_864' title='bbox 1783 3265 2019 3309; x_wconf 86' lang='lat' dir='ltr'>significatum.</span> 
     </span>
    </p>

    <p class='ocr_par' dir='ltr' id='par_1_13' title="bbox 1275 3313 2160 3569">
     <span class='ocr_line' id='line_1_127' title="bbox 1326 3313 2155 3361; baseline -0.008 -8"><span class='ocrx_word' id='word_1_865' title='bbox 1326 3328 1379 3355; x_wconf 91' lang='lat'>20.</span> <span class='ocrx_word' id='word_1_866' title='bbox 1408 3321 1468 3352; x_wconf 83' lang='lat' dir='ltr'>Pro</span> <span class='ocrx_word' id='word_1_867' title='bbox 1489 3329 1544 3361; x_wconf 82' lang='lat' dir='ltr'>quo</span> <span class='ocrx_word' id='word_1_868' title='bbox 1565 3317 1688 3350; x_wconf 82' lang='lat' dir='ltr'>adverto</span> <span class='ocrx_word' id='word_1_869' title='bbox 1708 3316 1827 3348; x_wconf 76' lang='lat' dir='ltr'>ulterius</span> <span class='ocrx_word' id='word_1_870' title='bbox 1853 3328 1860 3348; x_wconf 87' lang='lat'><strong>:</strong></span> <span class='ocrx_word' id='word_1_871' title='bbox 1888 3314 1973 3359; x_wconf 85' lang='lat' dir='ltr'>Quis</span> <span class='ocrx_word' id='word_1_872' title='bbox 1992 3314 2025 3347; x_wconf 90' lang='lat'>&amp;</span> <span class='ocrx_word' id='word_1_873' title='bbox 2047 3313 2155 3356; x_wconf 84' lang='lat' dir='ltr'>qualis</span> 
     </span>
     <span class='ocr_line' id='line_1_128' title="bbox 1277 3363 2156 3408; baseline -0.007 -7"><span class='ocrx_word' id='word_1_874' title='bbox 1277 3369 1457 3403; x_wconf 89' lang='lat' dir='ltr'>voluntatis</span> <span class='ocrx_word' id='word_1_875' title='bbox 1481 3368 1566 3402; x_wconf 66' lang='lat' dir='ltr'>aetus</span> <span class='ocrx_word' id='word_1_876' title='bbox 1589 3367 1625 3400; x_wconf 88' lang='lat' dir='ltr'>sit</span> <span class='ocrx_word' id='word_1_877' title='bbox 1649 3365 1824 3408; x_wconf 84' lang='lat' dir='ltr'>suppofitio</span> <span class='ocrx_word' id='word_1_878' title='bbox 1836 3366 1950 3399; x_wconf 88' lang='lat' dir='ltr'>vocis..</span> <span class='ocrx_word' id='word_1_879' title='bbox 1976 3363 2156 3406; x_wconf 85' lang='lat' dir='ltr'>Contingit</span> 
     </span>
     <span class='ocr_line' id='line_1_129' title="bbox 1277 3414 2160 3462; baseline -0.009 -10"><span class='ocrx_word' id='word_1_880' title='bbox 1277 3419 1398 3462; x_wconf 88' lang='lat' dir='ltr'>quippe</span> <span class='ocrx_word' id='word_1_881' title='bbox 1425 3429 1494 3452; x_wconf 90' lang='lat' dir='ltr'>non</span> <span class='ocrx_word' id='word_1_882' title='bbox 1514 3416 1585 3450; x_wconf 77' lang='lat' dir='ltr'>raro</span> <span class='ocrx_word' id='word_1_883' title='bbox 1611 3439 1622 3456; x_wconf 92' lang='lat'>,</span> <span class='ocrx_word' id='word_1_884' title='bbox 1658 3415 1747 3458; x_wconf 91' lang='lat' dir='ltr'>quod</span> <span class='ocrx_word' id='word_1_885' title='bbox 1783 3427 1838 3459; x_wconf 89' lang='lat' dir='ltr'>per</span> <span class='ocrx_word' id='word_1_886' title='bbox 1859 3414 1995 3449; x_wconf 91' lang='lat' dir='ltr'>eandem</span> <span class='ocrx_word' id='word_1_887' title='bbox 2017 3423 2131 3446; x_wconf 86' lang='lat' dir='ltr'>vocem</span> <span class='ocrx_word' id='word_1_888' title='bbox 2147 3437 2160 3453; x_wconf 86' lang='lat'>‚</span> 
     </span>
     <span class='ocr_line' id='line_1_130' title="bbox 1275 3462 2158 3511; baseline -0.008 -9"><span class='ocrx_word' id='word_1_889' title='bbox 1275 3479 1328 3511; x_wconf 92' lang='lat' dir='ltr'>per</span> <span class='ocrx_word' id='word_1_890' title='bbox 1355 3468 1492 3503; x_wconf 84' lang='lat' dir='ltr'>eandem</span> <span class='ocrx_word' id='word_1_891' title='bbox 1513 3465 1697 3500; x_wconf 86' lang='lat' dir='ltr'>orationem</span> <span class='ocrx_word' id='word_1_892' title='bbox 1721 3465 1967 3510; x_wconf 87' lang='lat' dir='ltr'>significentur,</span> <span class='ocrx_word' id='word_1_893' title='bbox 1997 3463 2049 3496; x_wconf 84' lang='lat' dir='ltr'>vel</span> <span class='ocrx_word' id='word_1_894' title='bbox 2071 3462 2158 3497; x_wconf 71' lang='lat' dir='ltr'>certe</span> 
     </span>
     <span class='ocr_line' id='line_1_131' title="bbox 1277 3512 2157 3569; baseline -0.007 -16"><span class='ocrx_word' id='word_1_895' title='bbox 1277 3518 1323 3565; x_wconf 85' lang='lat' dir='ltr'>sig</span> <span class='ocrx_word' id='word_1_896' title='bbox 1341 3518 1467 3556; x_wconf 81' lang='lat' dir='ltr'>nificari</span> <span class='ocrx_word' id='word_1_897' title='bbox 1486 3516 1606 3562; x_wconf 77' lang='lat' dir='ltr'>possint</span> <span class='ocrx_word' id='word_1_898' title='bbox 1625 3515 1737 3552; x_wconf 79' lang='lat' dir='ltr'>diversi</span> <span class='ocrx_word' id='word_1_899' title='bbox 1760 3514 1939 3552; x_wconf 89' lang='lat' dir='ltr'>voluntatis</span> <span class='ocrx_word' id='word_1_900' title='bbox 1964 3514 2082 3569; x_wconf 45' lang='lat' dir='ltr'>astus..</span> <span class='ocrx_word' id='word_1_901' title='bbox 2108 3512 2157 3547; x_wconf 86' lang='lat' dir='ltr'>lta</span> 
     </span>
    </p>

    <p class='ocr_par' dir='ltr' id='par_1_14' title="bbox 2014 3573 2105 3599">
     <span class='ocr_line' id='line_1_132' title="bbox 2014 3573 2105 3599; baseline -0.011 0"><span class='ocrx_word' id='word_1_902' title='bbox 2014 3573 2105 3599; x_wconf 81' lang='lat' dir='ltr'>enim</span> 
     </span>
    </p>
   </div>
  </div>
 </body>
</html>
