2384 3770
109 539 213 583 Epist.

106 597 212 682 iiii.

107 688 188 724 261.

106 837 192 884 Cap.
209 848 263 887 14.

102 1788 191 1836 Cap.
204 1800 264 1840 29.

719 110 1052 156 Saucri

292 194 489 230 Profuturus
509 216 522 234 ‚
549 191 699 228 Evodius
716 217 727 233 ,
756 189 917 226 possidius
938 212 949 229 ,
988 186 1174 228 Urbanus,

291 245 443 280 Novatus
452 268 463 285 ‚
490 244 627 278 Severus
637 267 650 284 ,
676 239 860 277 samsucius
870 261 879 277 ,
888 237 1037 271 Privatus
1048 249 1087 271 ac
1099 238 1172 271 Ser·

289 294 387 329 vilius
397 320 405 327 .
433 294 675 328 Eminentiores
684 301 793 325 nutem
806 289 953 323 Eccleliae
966 288 1097 321 fuerunt
1111 286 1172 320 Ca-

288 343 437 379 lamensis
446 370 456 385 ‚
467 345 522 379 cui
531 344 625 378 datus
637 342 680 376 est
693 339 854 375 Poffidius
866 363 877 380 ,
906 349 943 371 ac
954 338 1008 371 cui
1020 336 1116 371 datus
1126 335 1170 370 est

288 394 434 434 Severus,
443 394 654 428 Milevitana·
668 390 893 425 Mittebantur
905 386 1001 430 porro
1013 387 1170 431 Augusti·

286 445 322 476 ni
333 445 443 479 fratres
455 442 621 486 praesertim
632 440 673 475 ad
685 451 797 475 recens
806 441 824 474 a
838 438 977 472 Donato
998 435 1038 470 ad
1061 436 1170 470 Chris·

287 501 358 527 tum
370 494 559 532 conversaS‚
585 491 726 534 ideoque
749 489 891 525 fortibus
912 486 1056 521 humeris
1079 485 1167 520 indi-

286 552 400 588 gentes
407 543 553 577 civitates
563 566 571 574 .
597 541 650 576 Sic
661 540 701 575 ad
715 540 892 575 Ecclesiam
910 537 1139 571 Thianensem
1150 536 1167 568 ὀ

284 592 479 638 Tagastensi
500 591 605 635 Alipii
627 590 827 625 monasterio
848 588 960 623 missus
974 597 1073 630 atque
1084 585 1167 620 ordi—

284 653 380 677 natus
392 642 437 675 est
453 640 588 677 Sanetus
596 642 791 676 Honoratus
806 665 818 682 ,
841 637 1010 673 ficiaselix
1023 637 1167 670 Antoni·

283 703 322 726 us
344 692 363 726 ὲ
382 693 584 727 monasterio
596 691 804 736 Hipponenli
816 690 857 725 ad
869 688 1049 723 Ecclesiam
1060 687 1086 720 F
1089 687 1167 719 ussa-

283 743 435 776 lensern.¹
449 742 500 778 Ita
521 742 721 786 incognitus
735 740 793 776 iste
811 766 822 782 ,
845 739 898 773 sed
925 736 1167 782 probatiffimus

282 793 395 827 auster
414 793 448 826 in
466 793 534 828 vita
555 792 663 826 Sancti
684 791 854 836 Fulgentii
875 788 957 823 dicit
979 786 1020 822 de
1047 787 1167 819 Eremo

284 842 458 877 Vivecensi
473 840 494 876 j,
507 841 561 882 Est
570 842 603 875 e'n
614 842 709 875 medio
718 841 827 883 vadofi
844 836 1010 878 marisfinu
1031 834 1167 874 monaste-

282 898 363 926 rium
383 891 532 933 Vivecenfi
549 892 632 926 litori
648 896 818 933 proximum
838 914 849 930 ,
877 886 1051 930 Vennesenfi
1070 896 1168 919 autem

282 949 425 975 maxima
431 950 565 986 exparte
574 947 742 985 contiguum
754 965 766 982 ‚
790 941 842 974 ubi
854 949 945 981 neque
954 942 1062 971 Hortos
1077 936 1168 970 colere

281 995 446 1035 parviffimi
452 992 568 1036 scopuli
574 992 658 1025 limes
663 990 735 1033 finit
745 989 884 1035 angustus
897 1013 910 1028 ,
930 999 1024 1030 neque
1032 988 1105 1031 ligni
1118 988 1170 1019 vel

280 1044 428 1089 potabilis
440 1054 528 1086 aquae
536 1040 690 1084 consolatio
698 1040 808 1084 saltem
828 1038 1016 1079 ministratur
1036 1042 1143 1081 exigua
1157 1061 1168 1077 ,

280 1090 339 1139 ¹fed
346 1099 389 1127 rei
408 1092 555 1136 utriusque
569 1100 627 1134 per
646 1090 842 1134 brevissimM
864 1089 1019 1123 naviculas
1042 1088 1168 1130 quotidie

279 1138 460 1191 Jufficientia
468 1151 682 1185 praeparatur.
713 1146 748 1174 In
760 1142 811 1175 boc
821 1139 994 1180 monasterio
1006 1139 1096 1181 rigidi
1102 1146 1166 1179 pro-

279 1192 367 1238 positi
381 1191 538 1235 disciplina
560 1197 688 1233 antiqua
707 1189 852 1234 servatur
867 1214 878 1231 ,
903 1190 943 1222 ab
966 1188 1102 1230 infantia
1111 1185 1169 1229 fua

278 1244 421 1288 plurimis
443 1241 588 1283 usquead
605 1242 786 1281 decrepitam
799 1239 977 1283 senellutem
995 1236 1169 1280 sant‘ltffime

282 1292 327 1327 ibi
337 1290 515 1324 viventibus
533 1313 544 1330 ‚
566 1287 741 1331 sanHaeque
759 1290 922 1331 profeffioni
934 1299 1062 1330 congrua
1082 1297 1169 1329 opera

282 1341 474 1376 laudabiliter
485 1336 689 1374 exercentibus
698 1362 705 1369 .
720 1338 774 1371 Ubi
785 1348 855 1372 tunc
866 1340 923 1372 duo
930 1337 1098 1378 presbyteri
1117 1346 1165 1380 pe·

282 1394 412 1425 saliares
425 1415 437 1432 ‚
463 1391 496 1423 et
510 1392 629 1423 meritis
654 1389 808 1423 mirabiles
821 1413 832 1429 ‚
857 1390 891 1423 <r
908 1388 1107 1421 immaculata²
1125 1386 1167 1430 se-

284 1442 412 1475 net‘lun‘s
423 1439 528 1473 honore
541 1437 730 1474 Venerabsies
755 1439 881 1472 abbatis
901 1438 988 1478 officio
999 1436 1169 1480 fungeban-

286 1500 337 1525 tur
350 1515 361 1532 ,
387 1501 542 1533 nunquam
553 1491 589 1523 de
598 1487 713 1524 cenobio
720 1490 884 1525 recedentes
896 1512 908 1528 ‚
929 1486 987 1530 secl
997 1485 1167 1528 Ecclefiasti-

288 1552 330 1575 τι
342 1542 487 1585 dignitati
499 1542 606 1574 multos
617 1545 699 1573 viros
708 1541 825 1574 idoneos
835 1545 999 1573 nutrientes
1014 1561 1020 1568 .
1039 1539 1078 1571 Et
1092 1539 1166 1581 qui-

285 1591 363 1626 dem
373 1590 487 1626 omnia
499 1589 681 1636 Augustini
692 1590 886 1624 monasteria
898 1589 990 1623 fuisse
1003 1588 1080 1622 talia
1092 1613 1102 1629 ,
1115 1589 1168 1632 pa³

283 1642 352 1677 lam
375 1642 412 1675 fit
432 1652 477 1675 ex
495 1640 556 1684 ijs,
579 1650 649 1684 quae
670 1642 882 1686 contigerunt
906 1641 939 1672 iii
966 1638 1166 1673 monasterio

283 1691 531 1727 Adrumetino.
558 1690 653 1724 Dicit
661 1692 783 1725 rursum
796 1693 881 1725 idern
910 1691 969 1723 iste
991 1691 1103 1724 auctor
1123 1691 1165 1724 de

283 1743 397 1778 sancto
408 1741 587 1786 Fulgentio
598 1752 639 1774 ex
653 1741 757 1786 longo
777 1743 864 1785 apud
891 1741 1008 1775 Sardos
1031 1741 1165 1781 Exilio‚

283 1793 402 1829 reduce
414 1793 455 1827 ad
471 1792 649 1827 Ecclesiam
673 1792 761 1825 suam
782 1791 982 1835 Ruspensem
996 1816 1004 1825 .
1037 1791 1160 1824 clerico-

283 1856 370 1886 rum,
391 1843 422 1886 fi
428 1855 489 1886 qua
507 1843 690 1886 defuissent,
717 1843 882 1883 ministeria
904 1850 1077 1883 reparans,
1097 1850 1163 1883 pro-

282 1896 368 1930 batos
377 1893 432 1937 fibi
442 1895 551 1927 multos
562 1904 600 1926 ex
605 1893 764 1934 fratribus
785 1891 937 1926 monacbis
962 1894 1004 1924 ad
1026 1891 1163 1931 Ecclefia-

280 1946 386 1986 sticum
395 1947 535 1978 milmam
543 1943 695 1982 transtulit
707 1968 714 1974 .
742 1945 844 1984 Ibique
856 1942 1000 1975 charitati
1014 1940 1162 1983 consulens

284 2003 322 2027 ut
332 1996 403 2025 dum
407 1995 495 2033 paen?
504 2002 603 2023 omnes
629 1993 757 2022 Clericos
779 2002 817 2022 ex
831 1993 879 2022 illo
893 1991 1064 2026 Monasterio
1085 1991 1165 2021 ordi-

284 2051 345 2076 nat
356 2066 367 2082 ,
395 2045 528 2081 antiqua
533 2039 767 2079 familiaritatis
779 2048 920 2070 manente
943 2045 1052 2069 notitia
1063 2061 1074 2075 ‚
1099 2039 1162 2068 nul·

283 2093 318 2125 la
327 2091 367 2123 lis
377 2088 543 2131 aIIquando
553 2092 631 2118 inter
643 2085 758 2118 clericos
768 2086 802 2117 (ἃ
826 2083 982 2116 monachos
1003 2085 1162 2117 ventilare-

281 2150 336 2174 tur
345 2165 352 2172 .
381 2139 430 2172 Ea
440 2147 522 2181 ergo
534 2134 642 2178 praxis
651 2145 709 2177 per
719 2145 854 2167 omnem
870 2133 1027 2167 Afrorum
1053 2134 1161 2166 Eccle-

281 2191 359 2224 fiam
371 2198 439 2223 erat
452 2185 583 2230 penitus
594 2184 763 2218 familiaris
773 2208 780 2215 .
809 2184 933 2218 Verum
944 2194 1088 2226 quaenam
1102 2183 1161 2217 ista

282 2241 369 2274 inter
385 2238 525 2272 clericos
534 2246 571 2270 ac
584 2233 768 2268 monachos
778 2234 839 2268 lis?
867 2235 1017 2278 Antiqua
1030 2233 1086 2266 ista
1100 2234 1161 2266 cle-

282 2291 426 2324 ricorum
440 2288 475 2320 in
489 2283 672 2319 monachos
683 2283 806 2318 invidia
818 2308 829 2324 ,
855 2285 1003 2318 adversus
1013 2295 1109 2326 quam
1122 2284 1162 2316 sic

284 2337 460 2373 constituit
475 2334 855 2377 imperatorflonorius.
884 2336 916 2366 Si
940 2333 1100 2375 quossorte
1122 2336 1163 2365 E·

283 2387 395 2432 piscepi
405 2385 555 2428 deeffefibi
577 2384 692 2417 clericos
710 2383 900 2416 arbitrantur
913 2407 923 2423 ,
951 2395 989 2416 ex
1010 2382 1162 2416 monacho·

283 2449 351 2471 rum
365 2445 485 2470 numero
506 2433 612 2467 ret‘lius
629 2432 828 2466 ordinabunt.
858 2432 1020 2467 Videntcs
1042 2434 1163 2476 quippe

282 2487 396 2522 clerici
407 2484 463 2518 sibi
481 2485 498 2517 a
510 2481 684 2518 monachis
696 2483 821 2527 praeripi
835 2506 845 2523 ,
872 2494 941 2517 non
954 2484 1060 2517 solum
1076 2484 1161 2517 bona

283 2535 482 2582 presbyteria
497 2558 508 2574 ,
535 2533 590 2567 sed
610 2534 710 2567 etiam
721 2534 958 2567 eminentiores
980 2533 1161 2576 Episcopa-

283 2598 338 2622 tus
358 2611 369 2627 ,
404 2585 573 2620 adversum
595 2582 837 2618 monachorum
861 2584 1088 2617 ordinationes
1109 2586 1158 2616 de·

286 2635 440 2672 bacchari
452 2643 614 2677 caeperunt
629 2657 641 2674 ,
653 2633 752 2677 idque
765 2644 829 2667 tam
839 2634 956 2667 acriter
967 2657 978 2673 ,
1005 2644 1041 2668 ut
1053 2645 1158 2667 mona*

283 2687 371 2721 ssicae
382 2683 603 2721 ordinationis
614 2685 724 2717 auctor
739 2683 892 2717 Aurelius
911 2685 1042 2717 coassus
1064 2685 1160 2718 fuerit

283 2737 346 2772 sese
357 2734 531 2771 defendere
542 2744 597 2777 per
607 2732 713 2777 legem
726 2733 926 2775 imperialem
941 2759 948 2765 .

334 2788 413 2821 Hoc
427 2785 518 2819 sensu
531 2783 687 2827 intelligo
697 2782 926 2817 duodecimam
936 2784 1043 2818 Sancti
1066 2784 1162 2827 Papae

282 2836 473 2873 innocentii
487 2833 669 2877 Epistolam
682 2856 694 2872 ‚
724 2832 933 2873 ubifallafibi
944 2835 1160 2878 quorumdam

284 2888 441 2923 Afrorum
452 2885 566 2927 querela
589 2892 754 2926 permotus
768 2906 778 2921 ‚
806 2885 948 2927 graviter
967 2886 1073 2928 arguit
1095 2886 1160 2918 san-

283 2939 371 2973 stum
391 2934 565 2970 Aurelium
578 2958 588 2974 ,
617 2933 705 2977 quod
718 2934 829 2966 clericos
844 2932 1103 2974 Ecclefiasticorum
1112 2936 1160 2966 do-

278 2995 421 3033 gmatum
434 2989 570 3018 nutritios
585 2984 639 3016 vel
649 2988 733 3016 intra
745 2983 856 3022 christi
868 2984 980 3016 altaria
1002 2984 1160 3017 honoratos

282 3046 521 3074 contemnens,
547 3031 588 3067 ad
603 3034 728 3066 sacrum
741 3033 877 3075 supremi
902 3036 1063 3067 Sacerdotii
1080 3036 1160 3068 colle-

277 3093 362 3132 gium
383 3083 554 3131 adscisceret
576 3084 741 3117 mundanis
764 3083 891 3115 nexibus
907 3108 916 3123 ‚
943 3084 1066 3117 at‘lubus
1076 3109 1086 3125 ‚
1113 3086 1164 3118 vel

284 3136 411 3171 moribus
425 3135 573 3168 involutos
587 3158 596 3171 ‚
627 3131 712 3176 quasi
718 3132 808 3173 nefas
821 3133 902 3174 foret
925 3135 971 3167 ad
990 3137 1161 3168 Primatum

280 3196 334 3230 per
348 3188 478 3219 ordinem
487 3186 663 3226 pervenire.
695 3183 781 3229 Qis
792 3185 950 3217 emunstae
962 3184 1046 3218 naris
1058 3185 1161 3219 homo

283 3249 352 3271 non
367 3235 531 3278 intelligit
544 3231 637 3267 hasce
650 3233 876 3277 querimonias
891 3234 907 3265 ἒ
936 3233 1086 3268 Africani
1099 3237 1162 3269 cle-

284 3286 361 3326 rici,
388 3286 464 3328 quia
480 3283 582 3326 sejam
597 3284 719 3327 pridem
743 3283 775 3316 in
796 3283 1016 3318 Ecclefiastica
1042 3286 1162 3319 militia

283 3337 462 3378 adscriptos
472 3345 509 3367 ac
522 3334 654 3367 meritos
669 3332 819 3367 videbant
835 3345 902 3367 non
921 3334 1035 3368 assumi
1059 3335 1098 3368 ad
1117 3337 1162 3368 E-

282 3386 485 3430 piscopatus,
512 3384 625 3417 assumi
639 3393 748 3417 autem
762 3407 772 3423 ‚
800 3382 898 3427 idque
910 3383 1037 3418 Aurelii
1052 3396 1164 3429 opera,

283 3437 402 3471 Laicos
423 3433 631 3473 Monachos,
660 3434 693 3469 ὅ(
705 3433 841 3476 quidem
853 3435 1013 3477 quosdam
1026 3435 1162 3471 forsitan

384 3487 464 3527 Lupi
475 3483 580 3524 Christ.
593 3487 692 3526 Opera
705 3486 787 3518 Tom·
798 3486 869 3516 X11.

1120 98 1668 152 Auens-rins.

2026 123 2043 152 1
2059 120 2080 164 5

1236 196 1311 220 ante
1322 185 1502 230 susceptum
1515 185 1779 221 monachismum
1795 185 1862 221 istis
1874 185 2050 221 mundanis
2064 197 2116 221 ne·

1236 237 1331 270 xibus
1355 236 1540 279 implicatos
1560 260 1571 276 ,
1611 235 1737 269 bonum
1774 238 1943 272 Aurelium
1962 241 2034 270 atio
2057 237 2115 270 suo

1235 286 1392 330 penicillo
1404 286 1488 329 apud
1504 285 1625 328 Papam
1651 288 1882 320 Innocentium
1904 288 1948 321 ita
1962 285 2123 330 depinxe5

1232 348 1279 371 re.
1300 336 1394 370 Licet
1409 346 1549 379 namque
1563 335 1728 374 Aurelius,
1740 346 1775 368 ut
1787 347 1863 368 mox
1877 337 2112 374 dissurussum,

1233 386 1429 430 quandoque
1440 397 1556 420 minus
1570 388 1636 418 suas
1651 384 1821 417 monachis
1834 386 1897 419 istis
1924 387 2113 430 imposuerit

1234 438 1376 471 nimium
1397 435 1465 470 cito
1486 437 1524 469 ad
1538 436 1656 480 gradus
1678 434 1756 468 cleri
1782 436 1970 476 inferiores,
1998 447 2116 479 nequa-

1234 498 1332 530 quam
1345 497 1454 520 tamen
1471 486 1502 518 id
1519 486 1715 520 crediderim
1740 485 1781 517 de
1805 484 2017 527 Episcopatu.
2046 487 2114 519 Au-

1231 538 1327 571 relius
1347 548 1414 570 erat
1444 535 1635 579 prudentior
1653 560 1660 566 .
1701 533 1820 577 Neque
1842 535 1873 566 id
1894 535 2036 569 tacuisset
2055 544 2114 568 aut

1232 587 1413 631 permisisset
1429 586 1652 630 Augustinus.
1684 585 1813 618 Acriter
1826 594 1967 626 namque
1978 586 2113 619 Aureli-

1230 648 1286 670 um
1309 638 1465 681 corripuit
1492 647 1620 679 propter
1645 635 1814 668 inferiores
1836 633 1990 674 clericos,
2017 646 2112 679 atque

1230 688 1379 722 adversus
1406 688 1507 730 ipsum
1521 687 1597 720 fecit
1610 687 1627 719 a
1641 685 1801 718 Concilio
1826 683 1925 717 condi
1941 684 2112 728 Episcopa-

1231 739 1294 772 lem
1304 749 1466 772 canonem
1482 750 1489 769 z
1512 738 1653 780 Quanto
1668 735 1748 778 ergo
1767 734 1871 768 fuiffet
1892 734 2043 768 adversus
2067 736 2112 778 ip-

1230 790 1299 822 sum
1318 788 1451 822 zelosior
1472 798 1529 830 pro
1543 785 1720 820 reverentii
1746 784 2003 819 consecrationis·
2025 785 2113 828 Epis-

1229 838 1353 882 copalis
1368 838 1384 868 ,ἲ
1414 837 1454 870 Et
1467 836 1637 871 adversum
1651 835 1729 868 istos
1753 835 1881 869 Aurelii
1909 835 2039 869 invidos
2059 834 2113 869 de-

1233 891 1345 923 latores
1357 888 1482 922 curav-it
1498 885 1704 933 August-inus
1725 885 1823 919 condi
1836 884 1924 918 hunc
1948 896 2110 919 canonem

1229 939 1246 972 a
1271 939 1369 971 tertio
1392 937 1551 972 Concilio
1576 936 1843 980 Carthaginensi.
1872 936 2007 968 Clericus
2032 941 2113 968 invi-

1230 990 1302 1022 dens
1320 987 1460 1028 fratrum
1469 987 1670 1033 prqf'n‘libus,
1698 987 1788 1020 donec
1809 993 1841 1018 in
1865 990 1941 1019 vino
1966 984 2002 1024 est
2016 1009 2026 1024 ‚
2054 996 2111 1017 non

1227 1047 1441 1081 promoveatur
1462 1061 1469 1068 .
1509 1037 1733 1076 profectibus,
1760 1048 1826 1077 quo
1854 1035 2111 1080 Augustinenses

1233 1088 1393 1123 Monachi
1409 1089 1442 1121 in
1461 1086 1640 1129 Epist-opos
1652 1086 1888 1129 proficiebant.

1279 1140 1390 1190 Qam
1419 1147 1517 1181 porro
1535 1138 1721 1179 frequentes
1744 1134 1933 1168 Monachos
1952 1134 2111 1174 ordinarit

1232 1189 1408 1227 Aurelius,
1435 1197 1571 1230 patetex
1584 1186 1671 1220 hisce
1695 1185 1874 1229 Augustini
1897 1186 1936 1219 ad
1960 1197 2035 1218 eum
2061 1186 2115 1219 lit-

1231 1240 1308 1274 teris
1318 1265 1325 1272 .
1354 1242 1427 1282 Legi
1441 1237 1605 1278 Epistolam
1617 1237 1812 1278 benignitatis
1822 1244 1885 1268 tuae
1897 1237 1933 1268 de
1945 1237 2062 1267 Donato
2077 1238 2110 1267 (τ
2129 1232 2231 1274 Epist.

1224 1290 1330 1332 fratre
1352 1290 1441 1328 ejus,
1468 1289 1501 1321 et
1528 1288 1604 1329 quid
1624 1284 1847 1329 responderem,
1874 1288 1927 1318 diu
1948 1285 2094 1325 fluduavi
2103 1298 2117 1317 .·
2127 1287 2183 1328 76.

1231 1341 1289 1374 §ed
1300 1349 1403 1372 tamen
1411 1344 1504 1372 etiam
1516 1348 1605 1378 atque
1618 1345 1711 1370 etiam
1720 1342 1860 1379 cogitanti
1871 1360 1882 1376 ,
1909 1339 1985 1378 quid
1989 1335 2028 1376 fit
2039 1337 2110 1369 utile

1225 1389 1319 1433 saluti
1333 1400 1430 1423 eornm
1445 1413 1455 1429 ,
1479 1389 1586 1430 quibus
1599 1393 1632 1420 in
1643 1386 1759 1426 Christo
1771 1388 1940 1419 nutriendis
1947 1385 2114 1429 feriamus,

1231 1441 1310 1473 nibil
1319 1439 1395 1473 mibi
1409 1440 1496 1472 aliud
1504 1448 1649 1471 occurrere
1668 1438 1785 1479 potuit,
1815 1435 1872 1477 nifi
1886 1448 1943 1468 non
1964 1439 2015 1477 effe
2036 1439 2112 1469 dan-

1230 1493 1304 1524 dam
1314 1490 1402 1530 istam
1414 1495 1499 1522 viam
1507 1488 1607 1531 servis
1622 1492 1703 1526 Dei,
1729 1494 1760 1518 ut
1766 1485 1802 1529 se
1808 1494 1917 1527 putent
1918 1486 2046 1526 facilius
2059 1488 2110 1518 eli·

1223 1548 1258 1586 gi
1270 1543 1315 1574 ad
1324 1541 1442 1582 aliquid
1451 1541 1554 1573 melius
1569 1562 1581 1578 ‚
1602 1536 1627 1578 fi
1634 1537 1716 1579 fabii
1730 1535 1850 1577 fuerint
1863 1536 2018 1569 deteriores
2032 1561 2038 1568 .
2065 1540 2110 1568 Et

1229 1591 1295 1634 ipſss
1308 1598 1387 1635 enine
1393 1589 1497 1632 facilis
1510 1587 1626 1631 lapsus,
1658 1588 1798 1621 &ordini
1820 1586 1986 1619 clericorum
2004 1587 2044 1628 fit
2064 1595 2109 1620 in·

1228 1643 1391 1686 digniffima
1414 1642 1531 1681 injuria
1546 1665 1557 1680 ,
1578 1639 1608 1681 fi
1624 1636 1783 1682 desertores
1804 1637 2043 1677 monasteriorum
2067 1639 2111 1671 ad

1229 1695 1372 1726 militiam
1397 1694 1554 1726 clericatus
1578 1692 1743 1735 eligantur,
1771 1700 1833 1723 cum
1853 1701 1893 1723 ex
1915 1689 1986 1728 bis,
2013 1694 2110 1731 quiin

1223 1744 1399 1782 monasterio
1416 1751 1596 1785 permanent
1622 1766 1632 1782 ,
1658 1753 1716 1774 non
1728 1749 1830 1773 tamen
1853 1739 1911 1781 nist
1919 1741 2108 1782 probatiores

1226 1804 1315 1838 atque
1327 1795 1456 1828 meliores
1470 1798 1502 1826 in
1514 1795 1622 1826 clerum
1635 1792 1772 1835 afflcmere
1778 1789 1925 1833 soleamus
1937 1813 1943 1820 .
1973 1794 2006 1821 N
2010 1787 2043 1830 ifi
2044 1789 2109 1830 for-

1227 1847 1257 1879 te
1271 1869 1282 1884 ,
1303 1844 1374 1887 ficut
1395 1844 1538 1888 vulgares
1563 1844 1666 1876 dicunt
1686 1867 1697 1882 ,
1736 1842 1835 1873 Malus
1859 1839 1996 1872 choraula
2018 1839 2109 1873 bonus

1226 1894 1451 1936 simphoniam
1466 1893 1503 1932 est
1516 1917 1525 1931 ‚
1553 1898 1598 1924 ita
1622 1894 1712 1924 iidem
1733 1887 1788 1930 1·in
1803 1890 1944 1932 vulgares
1968 1891 2006 1922 de
2024 1890 2110 1922 nobis

1220 1944 1410 1983 jocabuntur
1424 1965 1434 1979 ‚
1463 1943 1616 1978 dicentes,
1646 1940 1747 1972 Malus
1767 1938 1927 1972 monachus
1942 1938 2035 1974 bonus
2056 1940 2111 1973 cle-

1225 1998 1303 2025 ricus
1313 1991 1349 2030 est
1361 2016 1368 2022 .
1396 1994 1501 2022 Nimis
1516 1989 1671 2022 dolendum
1684 2012 1695 2028 ,
1715 1987 1794 2029 fiad
1803 1998 1868 2022 tam
1891 1988 2047 2033 ruinosam
2063 1989 2114 2033 su·

1222 2040 1363 2081 perbiam
1376 2036 1529 2069 monachos
1535 2035 1726 2078 surrigamus
1740 2062 1750 2076 ,
1777 2040 1812 2071 Θ
1822 2049 1886 2071 tam
1892 2046 1986 2082 gravi
2009 2051 2110 2074 contu-

1224 2088 1312 2119 melia
1334 2087 1439 2128 dignos
1462 2086 1578 2117 clericos
1598 2093 1739 2126 putemus
1761 2108 1771 2124 ,
1797 2093 1830 2119 in
1847 2100 1967 2129 quorum
1990 2101 2115 2124 numero

1218 2136 1344 2180 sumus,
1372 2147 1437 2168 cum
1449 2135 1612 2176 aliquando
1633 2140 1726 2167 etiam
1750 2134 1843 2169 bonus
1866 2137 2023 2171 monachus
2048 2147 2107 2174 vite

1225 2187 1331 2220 bonum
1340 2188 1477 2218 clericum
1483 2183 1586 2225 faciat
1599 2208 1609 2223 ,
1632 2183 1744 2226 fiadfie
1754 2190 1778 2217 ei
1784 2184 1932 2227 sufficiens
1955 2195 2106 2222 continen-

1224 2242 1267 2270 iIa
1282 2261 1292 2276 ,
1318 2238 1352 2269 (θ’
1365 2244 1466 2270 tamen
1480 2233 1550 2275 desit
1562 2234 1712 2273 instruam
1731 2236 1885 2277 necessaria
1898 2260 1909 2276 ‚
1934 2248 1988 2271 aut
2007 2238 2106 2281 perso-

1223 2300 1270 2320 nae
1283 2287 1428 2329 regularis
1444 2290 1600 2327 integritas
1614 2309 1620 2315 .
1650 2285 1708 2317 sed
1727 2287 1763 2318 de
1775 2286 1836 2325 Istis
1852 2311 1862 2327 ‚
1886 2290 1970 2321 credo
1982 2314 1992 2329 ,
2018 2291 2104 2322 arbi-

1223 2346 1309 2370 trata
1317 2335 1353 2377 fit
1375 2335 1539 2367 Beatitudo
1562 2343 1638 2373 tua,
1666 2334 1760 2372 nostra
1781 2338 1957 2376 voluntate,
1984 2350 2018 2372 ut
2036 2339 2102 2382 suis

1221 2388 1319 2430 potius
1342 2383 1587 2428 corregionalibus
1613 2385 1701 2416 utiles
1722 2386 1810 2427 essent
1832 2411 1842 2426 ‚
1868 2390 1905 2420 de
1929 2392 2101 2427 monasterio

1223 2436 1364 2479 receffisse.
1393 2437 1453 2468 Sed
1463 2432 1580 2476 falsum
1592 2433 1629 2473 est
1641 2457 1651 2473 ,
1674 2433 1779 2475 sponte
1802 2436 1945 2476 abjerunt
1961 2462 1970 2476 ‚
1993 2438 2100 2481 sponte

1223 2486 1410 2530 destruerunt
1423 2509 1433 2524 ,
1460 2486 1545 2517 nobis
1558 2493 1703 2526 quantum
1710 2491 1860 2526 posuimus
1870 2497 1928 2529 pro
1941 2500 2040 2521 eorum
2047 2490 2100 2532 sa-

1222 2539 1281 2571 lute
1293 2534 1489 2569 renitentibus
1506 2560 1512 2566 .
1539 2537 1568 2566 Ε
1572 2544 1583 2565 t
1595 2536 1633 2566 de
1647 2538 1766 2568 Donato
1777 2539 1894 2577 quidem
1906 2563 1916 2578 ,
1943 2545 2016 2581 quia
2030 2543 2103 2580 jam

1219 2586 1335 2629 sallum
1345 2585 1381 2625 est
1396 2609 1407 2626 ,
1433 2595 1464 2617 ut
1478 2609 1488 2624 ‚
1514 2594 1673 2625 antequam
1686 2587 1721 2618 de
1734 2586 1790 2619 bac
1802 2599 1833 2621 re
1854 2589 1974 2630 aliquid
1987 2596 2020 2622 in
2039 2601 2106 2623 con-

1223 2639 1286 2670 cilio
1292 2636 1488 2675 statueremus
1505 2659 1514 2673 ,
1540 2637 1753 2676 ordinaretur,
1774 2637 1802 2677 fi
1814 2638 1899 2679 forte
1920 2644 1939 2671 ἃ
1956 2638 2102 2682 superbiae

1220 2685 1408 2730 perverfitate
1420 2685 1562 2718 correeias
1577 2684 1613 2722 est
1627 2707 1637 2723 ,
1656 2684 1757 2726 faciat
1770 2690 1849 2729 quod
1871 2692 1938 2722 vult
1958 2691 2100 2730 pruden—

1221 2745 1266 2770 tia
1288 2747 1358 2769 tua.
1388 2740 1432 2767 De
1450 2734 1555 2776 fratre
1577 2736 1647 2767 vero
1672 2738 1757 2777 ejus,
1785 2741 1869 2777 cujus
1899 2740 1953 2772 vel
1969 2746 2101 2774 maxime

1220 2788 1315 2830 caussa
1339 2788 1374 2819 de
1396 2785 1568 2824 monasterio
1592 2791 1685 2817 etiam
1708 2785 1769 2830 ipse
1794 2791 1930 2822 Donatus
1953 2789 2077 2832 absceffit
2090 2815 2101 2831 ,

1219 2849 1283 2871 cum
1296 2837 1442 2879 intelligas
1466 2837 1541 2877 quid
1560 2833 1709 2877 sentiam,
1740 2837 1831 2881 nescio
1851 2841 1926 2880 quid
1945 2838 2102 2881 responde-

1220 2900 1289 2921 am.
1317 2887 1527 2919 Contradicere
1540 2895 1641 2918 tamen
1659 2889 1836 2927 prudentiae
1851 2913 1860 2927 ,
1885 2888 1985 2921 honori
1998 2914 2007 2929 ,
2034 2888 2105 2923 cba-

1219 2943 1363 2980 ritatique
1375 2946 1435 2969 tuae
1449 2947 1506 2968 non
1519 2937 1612 2967 audeo
1626 2960 1635 2974 ,
1662 2938 1695 2969 (π
1713 2936 1788 2978 sane*
1795 2937 1883 2979 spero
1903 2940 1939 2971 id
1953 2950 1982 2972 te
1996 2939 2102 2980 saclu-

1218 3000 1282 3021 rum
1296 3011 1306 3027 ,
1336 2989 1415 3029 quod
1438 2987 1575 3018 membris
1595 2986 1727 3025 Ecclefiae
1744 2987 1865 3030 salubre
1883 2988 2070 3032 perspexeris
2092 3014 2099 3021 .

1222 3039 1307 3072 Ecce
1322 3061 1332 3077 ,
1362 3037 1514 3070 Aurelius
1527 3047 1592 3069 erat
1614 3037 1695 3068 adeo
1721 3038 1855 3072 festinus
1875 3050 1912 3073 ac
1937 3040 2101 3081 fervidus,

1220 3099 1255 3123 ut
1277 3089 1377 3122 etiam
1394 3085 1563 3130 Apostatis
1578 3109 1587 3124 ‚
1616 3097 1729 3120 contra
1745 3088 1923 3132 Augustini
1948 3090 2100 3124 volunta·

1221 3150 1286 3172 tem
1301 3162 1311 3178 ‚
1340 3148 1457 3170 manus
1479 3136 1699 3170 ordinationis
1722 3138 1904 3181 imponeret
1928 3162 1935 3170 .
1975 3138 2099 3176 Verum

1220 3189 1389 3230 quodnam
1404 3187 1484 3219 istud
1502 3185 1691 3219 Concilium
1706 3188 1721 3218 ,ἓ
1749 3189 1835 3222 lstud
1849 3214 1859 3229 ,
1886 3190 1924 3221 de
1941 3199 2008 3229 quo
2027 3188 2100 3223 scri.

1223 3239 1270 3273 bit
1291 3236 1500 3280 Augustinus
1531 3235 1571 3268 ad
1605 3235 1834 3280 Presbyterum
1858 3238 2099 3283 Qintianum.

1223 3290 1345 3321 Recenti
1356 3287 1483 3317 Concilio
1488 3285 1634 3324 statutum
1644 3288 1681 3325 est
1696 3312 1705 3326 ‚
1734 3299 1767 3320 ut
1789 3290 1826 3320 de
1845 3290 1942 3330 aliquo
1962 3290 2103 3326 monaste·
2122 3302 2150 3335 Ε
2176 3301 2213 3336 ist

1223 3344 1266 3370 rio
1286 3343 1336 3379 qui
1356 3336 1515 3376 recesserint
1527 3359 1536 3374 ,
1565 3347 1622 3367 non
1634 3336 1715 3376 fiant
1727 3338 1800 3369 alibi
1815 3339 1910 3371 clerici
1922 3348 2101 3381 autpraepo-
2122 3314 2172 3390 ΖΡ
2216 3326 2225 3336 ”

1218 3385 1532 3430 fitimonafleriorurn.
1562 3384 1624 3417 lste
1638 3396 1778 3428 namque
1791 3388 1917 3421 Aurelii
1934 3390 2040 3423 fervor
2064 3402 2101 3424 ac
2148 3362 2201 3401 35·

1225 3447 1364 3481 praeceps
1379 3435 1465 3470 zelus
1477 3435 1541 3469 fuit
1553 3445 1608 3477 per
1621 3435 1768 3471 Africam
1780 3438 1864 3474 adeo
1876 3438 2015 3483 vulgaris
2027 3464 2038 3479 ‚
2066 3450 2101 3475 ut

1621 3483 1649 3516 B
1698 3494 1722 3521 2.
1983 3490 2051 3523 Au·

2130 917 2212 962 Cap.
2224 928 2284 966 54.
