2384 3770
682 90 1019 134 Sine-ri

273 179 411 222 antiquo
434 177 470 210 in
495 161 570 210 solis
588 175 683 211 lineis
711 174 919 218 procederent
935 184 982 206 ·ac
994 172 1153 208 ministra-

278 241 367 265 rent.
397 226 584 260 Minissrare
600 226 632 259 in
648 236 684 258 ea
701 235 848 268 poterant
861 224 919 256 soli
935 223 1079 256 Diaconi
1096 223 1155 257 Ec-

273 279 375 314 clesiae
405 278 585 312 Romanae.
615 274 706 308 Hinc
729 283 868 316 namque
895 272 981 315 Papa
1008 274 1153 317 Symma.

275 327 355 363 chus
384 328 493 361 sarneio
529 326 668 360 Caesario
693 348 704 363 ‚
731 321 940 357 famofiffimae
978 323 1155 358 sanciitatis

278 377 464 421 Episcopo,
489 376 633 411 Romam
658 373 869 411 advenienti,
898 381 1065 415 tamquam
1090 374 1155 415 spe-

275 428 480 462 cialiffimum
501 425 537 460 in
576 433 703 458 tantum
726 422 828 455 virum
842 421 985 456 favorem
1001 423 1155 464 indulfit,

276 487 312 512 ut
336 477 481 512 Ecclefiae
499 472 694 508 Arelatensis
713 472 856 505 Diaconi
871 496 882 513 ,
909 483 1001 506 more
1029 473 1155 507 Rorna-

276 539 323 562 no
348 552 359 568 ,
386 523 579 560 Dalmaticis
605 532 790 556 uterentur.
818 521 897 555 Erat
925 523 1152 566 vestimentum

276 576 358 612 adeo
384 574 602 611 honoratum.
630 579 666 605 ut
693 582 734 605 ne
760 571 892 616 quidem
906 573 1059 616 Episcopi
1074 574 1152 607 citra

277 622 444 670 specialem
466 622 556 658 Sedis
585 621 784 666 Apostolicae
809 623 948 667 gratiam
970 623 1013 658 εὸ
1027 624 1151 666 possent

270 676 333 709 uti.
365 674 457 709 Hinc
489 673 580 707 enim
596 672 722 716 Are'gio
736 672 900 715 Episcopo
913 671 958 706 ob
973 673 1084 715 populi
1100 672 1146 706 sui

272 722 539 769 frequentissimas
553 733 670 757 mortes
682 721 891 755 afflastiffimo
902 723 942 755 fic
957 723 1068 757 scribit
1085 723 1152 755 san-

118 781 190 815 Lib,
204 793 235 829 7,
272 777 340 809 &us
362 773 449 808 idem
473 772 532 807 iste
558 772 736 807 Pontifex.
766 774 916 805 Praeterea
928 779 1085 805 communis
1098 775 1154 806 Fr:

90 829 232 873 Epistol,
269 826 327 859 lius
342 827 450 858 Petrus
463 826 610 857 Diaconus
621 821 704 854 nobit
716 825 849 860 innotuit
863 846 874 862 ,
901 823 979 864 quod
990 825 1150 855 Fraterni-

95 890 113 915 1
121 891 135 915 1
144 893 172 919 χ,
267 885 319 908 tar
330 873 427 917 uestra
439 881 567 915 tempore
578 895 589 911 ,
610 883 665 913 quo
677 870 796 911 blesim
808 893 818 908 ,
839 869 1003 913 poposcerit
1016 895 1027 911 ,
1052 881 1085 904 ur
1091 869 1149 912 fibi

263 927 299 959 ό·
314 922 557 958 'Archi-macana
576 919 631 964 suo
655 921 760 954 utendi
789 922 970 955 Dalmaticis
996 922 1148 954 licentram

259 973 481 1017 preberemus.
509 973 569 1006 Sed
587 976 668 1014 quiet⁴
685 976 729 1003 ita
743 968 1146 1012 bomlnumfuorumtnfirmt-

262 1034 326 1058 tate
351 1021 513 1066 compulsae
530 1022 715 1064 festinanter
728 1018 872 1062 aebfi‘qffit,
900 1028 932 1053 ut
945 1031 995 1053 nec
1006 1019 1067 1064 ipse
1079 1032 1147 1053 mae-

260 1086 310 1108 ror
337 1072 508 1107 incumbens
535 1072 588 1105 diu
598 1070 872 1111 fineretl'mminere
885 1095 896 1111 ,
922 1072 957 1103 (9
971 1082 1022 1103 nos
1035 1076 1066 1102 in
1077 1071 1149 1103 mul-

261 1130 301 1158 tis
328 1124 488 1165 impliciter
518 1120 725 1161 Ecclefiasticae
753 1126 882 1152 rationis·
898 1120 1087 1161 confiderem'o
1098 1132 1147 1153 no-

263 1185 336 1215 vum
361 1172 412 1206 boc
437 1170 603 1214 inconsulte
626 1172 661 1204 ὁ*
671 1168 768 1213 subit&
782 1174 841 1202 nen
849 1177 1035 1211 permitteret
1048 1171 1146 1204 indul-

256 1234 327 1268 gere
339 1246 350 1262 ,
378 1223 485 1254 idcirc«)
507 1220 663 1262 postulatae
688 1226 729 1252 ret
749 1221 940 1263 prolongatus
952 1218 1070 1261 effefflcs
1083 1220 1120 1261 est
1138 1244 1146 1252 .

262 1274 357 1305 Nunc
383 1273 455 1304 verb
481 1269 650 1301 chariratis
677 1278 737 1302 tuae
750 1268 825 1301 bona
839 1279 1013 1302 revocantes
1025 1270 1067 1302 ad
1082 1276 1144 1303 ani-

263 1332 344 1353 mum
356 1344 366 1359 ,
394 1318 482 1358 hujus
498 1318 687 1352 amomum
700 1316 802 1355 nostrae
812 1316 893 1359 serie
901 1324 1002 1358 petita
1019 1321 1143 1353 conceda-

262 1374 329 1402 mui
342 1371 354 1410 ¹,
380 1378 469 1411 atque
480 1376 511 1402 te
523 1368 574 1410 ves
585 1366 850 1401 Archi-Diaconum
863 1377 948 1400 tuum
959 1370 1144 1401 Dalmatica—

263 1431 330 1453 rum
356 1420 408 1461 usu
435 1419 613 1452 decorandos
641 1417 692 1460 effe
718 1418 892 1456 conceffimus
917 1442 928 1458 ‚
970 1418 1143 1461 easdemque

268 1470 455 1502 Dalmatius
483 1467 655 1508 dilec‘llffimo
660 1467 723 1510 fillo
734 1466 823 1505 nostro
835 1470 954 1504 cyriaco
964 1468 1077 1501 abbate
1087 1472 1144 1502 de-

258 1518 379 1562 ferente
405 1516 623 1561 transmifimus
648 1543 654 1549 .
680 1515 728 1550 En
752 1540 763 1555 ,
793 1516 847 1550 hic
874 1520 947 1550 usus
974 1518 1143 1562 Episcopis

262 1567 402 1603 concedi
431 1579 498 1602 non
519 1566 623 1611 potest
651 1565 758 1601 subito
783 1578 821 1600 ac
849 1567 1059 1608 inconsulte,
1088 1579 1139 1601 no-

263 1629 343 1652 vum
370 1618 458 1652 enirn
486 1617 567 1661 quid
593 1617 638 1651 est
665 1618 697 1650 in
724 1616 885 1660 Ecclefia;
913 1616 966 1650 sed
987 1619 1054 1660 post
1068 1617 1141 1652 lon-

264 1677 342 1713 gam
365 1667 596 1702 Ecclefiasticae'
611 1666 746 1702 rationis
757 1667 1070 1709 considerationem,
1097 1679 1141 1702 at-

264 1715 327 1761 q'ue
341 1719 372 1750 in
387 1718 551 1761 praemium
574 1716 813 1751 abundantium
829 1717 1036 1751 meritorum.
1066 1718 1141 1752 Cre—

262 1767 307 1801 do
320 1765 409 1810 hunc
420 1769 513 1801 usum
533 1768 573 1801 de
583 1767 652 1810 jure
665 1765 863 1808 competijsse
881 1766 956 1801 solis
972 1768 1141 1811 Episcopis

260 1817 393 1851 Sedium
420 1817 661 1852 Primatialium
688 1841 697 1849 .
734 1817 827 1850 Hinc
852 1828 994 1860 namque
1015 1818 1140 1851 sanstus

258 1867 412 1901 Caesarius
423 1865 512 1915 Sedis
527 1862 750 1906 Arelatensis,
779 1867 896 1909 utique
910 1867 1139 1911 antiquissimae

258 1929 296 1950 ac
324 1916 563 1956 nobilissimae,
593 1917 772 1958 Episcopus
798 1917 891 1949 usum
922 1916 1042 1956 istum,
1070 1927 1147 1949 n0n⁴

260 1975 318 2006 pro
345 1967 375 1998 se
385 1989 396 2004 ,
425 1966 477 1998 sed
501 1976 559 2008 pro
583 1966 660 1998 solis
673 1964 820 1997 Ecclefiae
833 1966 894 1996 suae
907 1965 1070 2008 Diaconis
1084 1977 1138 2007 po-

258 2013 389 2047 stulavit
401 2037 408 2044 .
438 2013 558 2057 Neque
570 2014 688 2046 mirum
700 2026 711 2045 .·
739 2011 926 2046 Dalmatica
943 2015 1061 2057 quippe
1071 2025 1136 2047 erat

258 2065 371 2096 tunica
383 2062 480 2096 serica
495 2086 506 2101 ,
531 2061 602 2096 alba
614 2085 625 2101 ‚
651 2072 731 2095 auro
743 2071 779 2093 ac
792 2071 931 2102 purpura
946 2064 1132 2105 intertexta,

256 2122 320 2152 qua
342 2110 391 2144 uti
406 2110 661 2149 consueverant,
687 2119 725 2142 ac
747 2108 930 2141 etiamnum
944 2109 976 2141 in
991 2111 1133 2154 gloriosa

256 2162 318 2203 suae
341 2158 565 2194 coronationis
585 2158 638 2192 die
649 2167 784 2192 utuntur
797 2157 943 2191 Romani
957 2158 1133 2203 Imperato-

258 2222 324 2246 res.
353 2210 446 2244 Patet
480 2208 545 2243 hoc
565 2220 605 2242 ex
634 2207 698 2242 hoc
711 2208 840 2241 decreto
853 2207 950 2242 saneti
965 2209 1056 2252 Papae
1072 2210 1133 2243 Eu·

259 2259 408 2303 tychiani
422 2273 429 2292 :
457 2257 614 2297 Constituit
625 2282 635 2296 ,
661 2268 693 2290 ut
707 2263 874 2299 quicumque
883 2257 1017 2298 fidelium
1028 2269 1130 2296 martr

259 2322 322 2342 rem
340 2308 476 2352 sepeliret
490 2331 500 2347 ,
520 2306 582 2349 fine
596 2308 765 2339 Dalmatica
778 2317 829 2338 aut
838 2305 896 2345 fine
908 2308 1011 2340 colobio
1018 2317 1131 2350 purpu-

261 2370 326 2393 rato
353 2369 408 2390 non
430 2355 569 2399 sepeliret
593 2380 601 2388 .
631 2356 761 2395 Viden,
790 2356 1011 2391 Dalmaticam
1041 2369 1132 2392 vocat

262 2408 434 2443 colobium
461 2416 670 2450 purpuratum
699 2431 706 2437 .
749 2405 791 2438 Et
818 2405 891 2438 sane
915 2417 952 2440 ea
975 2408 1132 2450 sepultura

263 2458 398 2500 martyri
422 2455 644 2500 congruebat:
672 2454 764 2502 Qud
775 2465 813 2488 en
821 2456 864 2488 im
876 2457 1108 2501 congruentius
1122 2482 1132 2498 ,

266 2517 363 2552 quam
385 2516 422 2540 ut
444 2505 547 2539 totius
559 2505 661 2539 saeculi
678 2505 776 2538 victor
788 2505 963 2549 triumphet
977 2508 1008 2539 in
1022 2507 1131 2542 tunica

263 2554 443 2601 imperiali?
472 2555 589 2599 Neque
608 2565 682 2588 eum
704 2555 794 2589 usum
817 2555 1044 2598 Eutychi-anus
1072 2559 1129 2600 pri·

263 2618 334 2642 mus
355 2605 500 2640 induxit:
531 2606 615 2639 Eum
626 2604 688 2647 jam
702 2604 824 2648 pridem
835 2607 1027 2641 consuetum
1040 2607 1129 2641 dum-

263 2668 351 2692 taxat
378 2655 543 2690 extensum
565 2655 650 2697 juffit
677 2666 730 2698 per
744 2655 915 2690 Ecclesiam
927 2657 1126 2690 universam.

262 2707 310 2742 Ita
333 2705 456 2750 sepeliri
487 2714 635 2747 poterant
658 2714 814 2746 martyres
826 2705 906 2738 soli:
936 2707 1028 2741 Hinc
1043 2719 1124 2740 narn-

265 2769 328 2802 que
356 2757 445 2799 pium
461 2755 556 2788 istum
572 2755 663 2787 usum
679 2753 816 2787 dixerim
829 2767 869 2789 an
881 2754 1014 2790 abusum
1026 2782 1036 2797 ‚
1063 2769 1129 2801 quo

263 2808 362 2842 etiam
391 2804 533 2838 Romani
563 2802 740 2837 Pontifices
766 2803 1127 2847 sicsepeliriconsueve-

264 2867 359 2896 rant,
386 2854 566 2900 Gregorius
588 2854 759 2892 eliminat,
787 2853 828 2886 fic
851 2852 1033 2889 flatuensin
1045 2868 1127 2890 con-

266 2907 348 2941 cilio
371 2906 542 2939 Romano.
572 2906 650 2938 sicut
660 2906 795 2947 indIgnos
806 2914 857 2935 nos
866 2912 922 2945 pro
932 2904 1009 2938 beati
1022 2908 1118 2949 Aposto

262 2959 286 2990 li
300 2959 384 2989 Petri
394 2960 562 2989 reverentia
573 2965 657 2987 mens
666 2953 800 2995 fidelium
815 2964 974 2986 veneratur
987 2969 996 2998 3
1023 2963 1067 2988 tta
1079 2969 1128 2989 no:

256 3006 350 3048 stram
363 3004 568 3047 infirmitatem
588 3006 667 3037 decet
675 3002 862 3045 semetipsam
869 3002 986 3046 semper
998 3006 1123 3048 agnosce-

260 3069 292 3090 re
301 3079 312 3095 ,
336 3058 370 3091 ά*
389 3053 529 3098 impensae
535 3054 589 3095 fibi
602 3060 797 3087 veneratiom's
810 3053 942 3086 bonorem
957 3056 1106 3090 declinare
1117 3082 1124 3089 .

262 3109 316 3139 Ex
339 3118 434 3138 amore
447 3114 553 3148 quippe
562 3104 696 3147 fidelium
703 3103 790 3144 hujus
803 3105 886 3137 sedis
899 3105 1126 3139 Rezforibusbo-

261 3169 313 3189 nos
334 3158 410 3188 ultra
422 3161 557 3188 meritum
567 3160 664 3196 erupit
679 3178 688 3192 ,
715 3164 748 3186 ut
761 3164 826 3186 cum
839 3165 934 3186 eorum
945 3164 1063 3197 corpora
1073 3158 1123 3190 de-

257 3206 414 3247 feruntur,
442 3203 503 3238 baec
529 3204 708 3237 Dalmaticis
735 3212 909 3248 contegant,
938 3205 1030 3239 &eas
1041 3208 1121 3239 den}-

263 3269 319 3299 que
348 3256 536 3289 Dalmaticas
559 3264 615 3296 pro
636 3253 810 3297 sanavimus
837 3261 1004 3288 reverenna
1008 3256 1122 3297 sibimet

255 3307 431 3347 partiendas
453 3306 580 3347 populus
597 3303 718 3346 scindat
730 3330 737 3336 .
766 3306 808 3335 Ee
819 3315 881 3336 cum
890 3303 985 3345 ddfint
997 3308 1119 3339 multati

251 3354 275 3399 s
271 3365 347 3388 acris
370 3354 535 3398 corporibus
557 3354 748 3396 Apostolorum
759 3364 978 3396 martyrumque
989 3358 1116 3389 velami-

260 3417 300 3439 na
311 3431 320 3446 ,
338 3408 356 3437 ὰ
365 3413 548 3452 peccatorum
560 3412 671 3447 corpore
676 3403 810 3448 sumitur
822 3428 833 3446 ,
855 3404 936 3448 quod
938 3413 996 3449 pro
1007 3418 1119 3451 magna

90 2295 163 2328 Lib.
177 2296 239 2331 Da-

89 2345 184 2378 masc.

85 2923 161 2967 Cap.
170 2932 203 2971 4.

1091 89 1637 133 AuGusrtul.

1215 177 1386 207 reverenda
1408 170 1569 214 servetur.
1598 178 1643 207 De
1670 185 1730 216 qua
1755 183 1787 207 re
1812 171 1954 216 praesenti
1975 175 2091 216 decreto

1214 221 1352 262 constituo
1364 246 1373 261 ‚
1399 232 1432 254 ut
1449 221 1597 263 feretrum
1609 246 1618 261 ,
1645 235 1702 263 quo
1724 227 1849 256 Romam
1863 223 2013 265 Pontificls
2030 235 2089 255 cor-

1213 282 1271 315 pus
1293 273 1338 305 ad
1341 270 1545 315 sepeliendum
1556 272 1673 304 ducitur
1683 295 1694 311 ‚
1720 274 1799 305 nullo
1813 279 1940 316 tegmine
1954 275 2068 306 veletur
2078 300 2085 305 .

1217 324 1322 365 ‚Quam
1345 324 1452 355 decreti
1470 327 1526 354 mei
1547 331 1648 358 curtim
1654 331 1755 364 gerere
1772 324 1851 354 Sedis
1865 323 1953 363 hujus
1968 323 2089 362 Presby-

1216 383 1293 405 τινα]
1315 384 1348 405 ac
1370 375 1515 404 Diaconos
1536 369 1686 413 censemus
1699 390 1714 401 ω
1733 371 1765 402 si
1784 377 1849 411 quis
1862 376 1932 405 vei-13
1945 386 1983 406 ex
1992 384 2089 405 eorum

1215 425 1318 455 ordine
1338 421 1391 455 boc
1410 432 1511 454 curare
1534 421 1697 463 neglexerit
1709 444 1719 460 ,
1745 419 1904 453 anathema
1920 422 1958 463 fit
1974 447 1979 454 .
2009 423 2088 457 Dal-

1215 473 1334 506 matica
1354 483 1433 516 ergo
1444 480 1511 505 erat
1523 469 1691 505 colobium
1707 479 1915 512 purpuratum
1931 496 1941 510 ,
1969 483 2087 515 purpu-

1216 530 1245 555 ra
1260 521 1519 557 Patriarcharum
1541 531 1637 563 atque
1647 519 1825 553 Primatum
1839 531 1850 550 .·
1882 518 1919 551 Et
1933 523 2004 562 quia
2015 522 2089 566 glo-

1215 571 1317 605 riosus
1340 583 1462 614 martyr
1473 570 1680 615 Cyprianus,
1707 569 1809 603 totius
1832 567 1950 600 Africa:
1965 568 2086 606 Primas

1218 621 1395 665 Episcopus
1407 645 1417 661 ‚
1446 621 1653 655 noviffimam
1667 631 1703 654 ac
1719 617 1929 663 principalem
1944 618 2086 662 dignita.

1213 673 1255 705 tis
1281 673 1341 707 suae
1361 672 1562 706 funstionern
1578 672 1758 714 perassurus
1770 667 1986 711 procedebat,
2012 679 2085 703 eum

1214 723 1280 755 sine
1309 722 1491 756 primatiali
1531 731 1667 764 purpura
1706 719 1873 763 procedere
1904 717 2086 752 nullatenus

1212 772 1432 816 congruebat.
1461 772 1671 817 Qapropter
1684 782 1723 803 ex
1738 767 1796 802 hac
1810 768 1919 801 tunica
1936 766 2018 800 nihil
2032 768 2088 801 eli-

1212 833 1283 855 cere
1303 821 1407 865 potest
1419 820 1604 855 Cardinalis
1617 820 1777 853 Batonius
1794 829 1850 860 pro
1863 818 1919 850 suo
1934 815 2019 850 birro
2030 842 2037 849 .

1263 875 1309 905 At
1332 872 1483 916 inquies,
1509 882 1567 904 cur
1586 870 1710 904 Primas
1727 868 1905 911 Episcopus
1917 867 1954 899 ad
1975 868 2085 902 locum

1212 921 1389 963 supplicii,
1427 931 1645 965 campumque
1681 920 1876 953 sceleratum·
1895 916 2086 960 producitur

1212 970 1343 1004 indutus
1356 973 1443 1004 suam
1458 971 1661 1014 purpuram?
1692 971 1776 1016 Q³ae
1791 969 1886 1011 liujus
1900 969 1943 999 rei
1958 968 2086 1002 caussa?

1211 1019 1408 1063 Respondeo
1430 1024 1593 1059 causi-am,
1618 1031 1753 1062 eamque
1774 1018 1922 1056 firmam,
1950 1029 2015 1056 non
2032 1019 2087 1051 de·

1208 1069 1285 1103 effe.
1317 1070 1374 1103 Ob
1396 1081 1468 1102 eam
1495 1070 1597 1111 ipsam,
1610 1071 1749 1102 caussam
1775 1081 1807 1101 in
1824 1077 1973 1110 campum
1993 1068 2086 1101 scele-

1209 1130 1312 1153 ratum
1324 1121 1498 1163 productus
1508 1118 1553 1152 est
1571 1128 1646 1151 cum
1662 1120 1714 1151 sua
1729 1128 1866 1160 purpura
1880 1118 2003 1149 sancius
2018 1118 2086 1160 Cy-

1209 1172 1359 1212 prianus,
1385 1168 1429 1202 ob
1457 1180 1554 1212 quam
1584 1169 1617 1201 in
1644 1179 1718 1201 eum
1748 1178 1822 1200 cum
1836 1167 1941 1208 spinea
1955 1177 2077 1200 corona

1210 1221 1380 1261 produflus
1400 1218 1444 1252 est
1466 1229 1564 1261 caput
1586 1228 1761 1260 martyrum
1782 1217 1949 1250 Dominus
1974 1216 2077 1250 noster

1210 1269 1297 1312 Jesus
1312 1268 1479 1303 Christus:
1501 1269 1637 1311 ‚Nempe
1649 1266 1918 1311 proptertitulum.
1935 1277 1972 1297 ac
1986 1266 2080 1308 signi-

1211 1320 1397 1353 ficationem
1429 1319 1574 1353 criminis
1609 1330 1642 1351 in
1671 1329 1726 1351 reo
1750 1317 1856 1360 puniti
1877 1341 1884 1349 .
1921 1315 2079 1349 solebant

1211 1381 1352 1412 namque
1374 1368 1518 1403 Romani
1530 1368 1697 1410 Principes
1709 1379 1745 1400 ac
1756 1366 1879 1408 judices
1891 1376 1944 1399 reo
1955 1365 1995 1398 ad
2010 1367 2079 1409 sup-

1210 1418 1344 1462 plicium
1368 1419 1465 1453 ducto
1497 1417 1639 1452 tabulam
1667 1442 1677 1458 ‚
1713 1419 1747 1451 in
1767 1428 1830 1460 qua
1856 1416 2079 1450 damnationis

1208 1470 1310 1502 caussa
1335 1470 1484 1512 inscripta
1505 1480 1594 1508 erat,
1622 1480 1662 1502 an
1694 1467 1816 1502 scilicet
1843 1467 1888 1500 ob
1899 1467 2022 1499 furtum
2037 1477 2080 1499 au

1207 1517 1252 1552 ob
1272 1518 1490 1552 homicidium
1520 1520 1707 1562 plederetur
1728 1542 1739 1557 ,
1778 1518 1920 1560 praefetre
1947 1539 1957 1554 ,
1983 1517 2078 1556 eique

1207 1569 1270 1612 jam
1294 1570 1451 1603 mulaato
1463 1569 1694 1611 superponere:
1724 1566 1872 1609 Eamque
1883 1563 2027 1598 tabulam
2041 1565 2079 1597 ti-

1207 1620 1312 1652 tulum
1341 1617 1546 1662 appellabant
1562 1642 1570 1650 .
1597 1618 1690 1651 Patet
1713 1615 1778 1650 hoc
1799 1627 1841 1650 ex
1858 1614 2003 1658 Epistola
2019 1614 2078 1648 Ec·
2157 1659 2163 1667 ⁸

1206 1669 1304 1703 clefiae
1315 1669 1562 1714 Lugdunensis,
1583 1669 1680 1702 relata
1692 1666 1733 1700 ab
1748 1665 1907 1699 Eusebio.
1938 1668 2013 1696 Cum
2023 1676 2077 1697 un·
2125 1658 2200 1693 Lib·
2222 1671 2256 1708 ς.

1205 1720 1293 1762 dique
1309 1727 1366 1762 per
1388 1718 1648 1760 amphitheatrum
1670 1717 1932 1751 circumduceretur
1957 1715 2075 1747 Attalus
2097 1720 2201 1754 cap-1·

1204 1778 1336 1810 martyr,
1361 1770 1466 1802 tabula
1486 1775 1518 1802 in
1538 1780 1597 1811 qua
1626 1772 1750 1801 Latinis
1767 1766 1863 1800 literis
1883 1764 1945 1798 haec
1955 1774 2020 1797 emt
2032 1769 2078 1797 ln·

1198 1817 1321 1862 scriptio
1333 1845 1343 1860 ,
1364 1820 1552 1860 praecedente
1568 1845 1573 1851 .
1601 1823 1657 1852 ch
1675 1817 1713 1856 est
1737 1817 1856 1848 Attalus
1868 1814 2053 1851 christianus
2067 1838 2075 1846 .

1203 1869 1256 1902 sic
1280 1870 1320 1902 de
1357 1870 1464 1902 sanCio
1486 1868 1673 1902 Sebastiano
1700 1866 1781 1899 dicit
1801 1864 2074 1908 martyrologium

1205 1917 1393 1950 Romanum
1410 1929 1418 1948 :
1445 1917 1503 1949 sub
1527 1918 1613 1949 titulo
1634 1913 1973 1956 Christianitatlsjuffus
1985 1914 2021 1953 est
2031 1914 2072 1946 ll-
2095 1920 2150 1948 20·
2180 1912 2253 1954 Jan.

1196 1971 1270 2009 gari
1283 1971 1314 1997 in
1330 1966 1421 1997 medlo
1433 1973 1536 2007 campo
1549 1989 1560 2004 ,
1586 1963 1784 2009 &sagittar-l.
1815 1961 1883 1997 Sub
1892 1963 2010 2004 titulo,
2038 1964 2073 1998 id

1201 2015 1243 2048 est
1258 2036 1268 2053 ,
1294 2015 1352 2048 sub
1371 2017 1426 2048 tali
1447 2016 1555 2048 tabula
1569 2040 1577 2047 .
1606 2014 1792 2058 Eademque
1813 2013 1854 2047 de
1865 2014 1969 2048 caussa
1985 2013 2073 2048 Pon-

1200 2067 1263 2096 tius
1279 2062 1403 2096 Pilatus
1427 2064 1519 2106 supra
1533 2063 1673 2096 Domini
1689 2064 1790 2095 nostri
1811 2063 1955 2096 crucifixi
1971 2064 2072 2097 bene-

1198 2111 1320 2145 dicium
1337 2122 1433 2153 caput
1462 2113 1570 2154 posuit
1583 2113 1616 2145 in
1630 2111 1728 2145 titulo
1739 2113 1879 2146 caussam
1893 2114 1986 2155 ipsius
2001 2114 2072 2147 scri-

1198 2172 1284 2204 ptam
1307 2173 1314 2192 :
1329 2165 1361 2206 J
1364 2159 1429 2204 esus
1458 2166 1639 2195 Nazarenus
1666 2164 1732 2195 Rex
1748 2163 1931 2205 Judaeorum
1950 2186 1959 2194 .
1988 2163 2069 2197 Hoc

1197 2212 1240 2244 est
1253 2236 1262 2251 ‚
1289 2212 1375 2255 Jesus
1390 2211 1577 2245 Nazarenus
1591 2235 1601 2251 ,
1613 2212 1687 2254 quia
1701 2211 1730 2252 (e
1744 2212 1870 2255 Regem
1884 2210 2067 2253 Judaeorum

1195 2260 1302 2300 dixit,
1331 2260 1394 2295 hoc
1413 2261 1572 2303 supplicio
1593 2262 1765 2294 damnatus
1776 2262 1841 2294 est.
1870 2262 1964 2295 Hinc
1978 2272 2068 2297 nam-

1195 2322 1280 2353 que,
1306 2313 1416 2344 omnis
1435 2310 1579 2354 ambigui
1606 2310 1742 2343 tollendi
1767 2310 1889 2353 gratia,
1911 2311 2066 2346 dicebant

1197 2360 1303 2393 Pilato
1316 2360 1493 2393 Pontifices
1505 2358 1687 2402 Judaeorum
1699 2385 1708 2398 ,
1741 2358 1969 2400 Noliscrlbere,
1995 2365 2065 2395 Rex
2086 2342 2241 2391 1⁰²⁰·192

1190 2411 1218 2453 J
1221 2412 1392 2450 udaeorum,
1415 2408 1472 2452 sed
1490 2416 1561 2452 quia
1581 2407 1639 2452 ipse
1650 2411 1731 2442 dixit
1744 2433 1755 2449 ,
1780 2411 1845 2441 Rex
1854 2407 1925 2451 sum
1930 2413 1960 2453 J
1965 2412 2065 2444 udaeo·

1194 2472 1259 2492 rum
1281 2485 1288 2492 .
1318 2461 1363 2493 At
1385 2471 1528 2493 veracem
1554 2459 1687 2493 titulum
1711 2458 1834 2492 Pilatus
1857 2470 2063 2503 corrumpere

1196 2521 1262 2543 non
1274 2512 1367 2543 ausus
1378 2534 1389 2549 ,
1415 2508 1498 2543 dixit
1510 2535 1519 2549 ,
1532 2508 1874 2554 Quodsbripfi,scripfi.
1890 2509 2035 2544 Romani
2052 2533 2065 2549 ,

1194 2560 1327 2603 inquam
1343 2585 1354 2599 ,
1379 2559 1600 2594 damnationis
1610 2561 1748 2593 caussam
1765 2553 2060 2602 hujusmoda'titulo

1199 2621 1265 2643 non
1279 2611 1382 2643 :olum
1393 2610 1610 2644 inscribebant
1624 2634 1637 2649 ,
1664 2611 1713 2643 sed
1728 2610 1924 2654 quandoque
1936 2611 2035 2643 etiam
2049 2634 2061 2651 ,

1193 2660 1270 2693 dum
1292 2660 1467 2693 commode
1488 2661 1554 2694 fieri
1580 2671 1727 2703 poterat,
1754 2660 2056 2694 hominisdamnati

1194 2708 1304 2743 habitu
1329 2710 1593 2744 demonstrabant
1622 2734 1627 2740 .
1667 2710 1758 2743 Hinc
1779 2711 1869 2743 enim
1893 2711 2059 2744 Dominus

1194 2760 1298 2793 noster
1310 2784 1321 2799 ,
1347 2762 1503 2804 quoniam
1516 2760 1653 2794 affcstati
1666 2762 1757 2804 tegni
1770 2757 1983 2792 damnabitur
1993 2784 2003 2798 ,
2017 2760 2058 2793 ab

1192 2809 1257 2842 illis
1271 2811 1443 2852 produstus
1461 2810 1505 2844 est
1518 2820 1688 2853 purpuram
1701 2809 1928 2851 chlamydatus
1940 2820 1974 2841 ac
1991 2808 2057 2852 spi-

1192 2870 1246 2893 nas
1265 2871 1455 2894 coronatus.
1485 2862 1604 2894 Eamus
1617 2871 1704 2893 nunc
1717 2860 1756 2893 ad
1772 2861 1908 2892 sancium
1922 2860 2058 2901 Cypria·

1192 2920 1268 2943 num
1283 2935 1289 2942 .
1320 2911 1502 2943 Damnatus
1515 2911 1559 2944 est
1573 2935 1583 2950 ‚
1597 2922 1663 2943 non
1674 2921 1747 2952 qu·a
1762 2908 1945 2951 simpliciter
1960 2907 2055 2942 Chri-

1190 2959 1310 2993 stianus
1322 2984 1333 3000 ,
1361 2959 1411 2994 sed
1423 2961 1497 3003 quia
1512 2959 1690 3002 Episcopus
1702 2971 1738 2993 ac
1749 2970 1843 3000 caput
1855 2959 2004 2991 omnium
2018 2960 2053 2991 in
2079 2959 2083 2967 '

1189 3010 1299 3043 Africa
1324 3010 1576 3053 Episcoporum.
1605 3010 1696 3043 Hinc
1721 3009 1811 3042 enim
1831 3008 1955 3041 adeum
1969 3009 2054 3041 dixit

1184 3058 1290 3101 Judex
1303 3058 1504 3094 Proconsul:
1533 3063 1577 3092 Tu
1588 3071 1617 3092 es
1629 3057 1767 3099 Thascius
1784 3063 1947 3098 Cyprtanus
1964 3083 1971 3094 ‚
1997 3064 2049 3099 qui

1182 3117 1211 3142 te
1223 3112 1340 3151 Papam
1350 3109 1502 3154 sacrilegae
1514 3116 1622 3142 menm
1634 3108 1799 3140 bommtbus
1810 3108 1959 3148 praebuifit
1970 3108 1982 3139 ?
2006 3107 2046 3141 Et

1183 3171 1219 3192 ea
1235 3161 1416 3203 persecutio
1430 3184 1440 3200 ,
1468 3171 1534 3193 non
1548 3159 1679 3202 quosvis
1689 3160 1883 3204 generaliter
1897 3158 2050 3191 sshristia-

1183 3220 1259 3249 nos,
1277 3209 1329 3243 sed
1343 3209 1428 3243 solos
1441 3208 1620 3251 episcopos
1630 3231 1642 3246 ,
1667 3211 1785 3251 eosque
1797 3206 2049 3250 principaliores,

1183 3259 1393 3292 infestabatur
1405 3281 1413 3289 .
1440 3259 1575 3293 δαηᾶυς
1598 3270 1675 3303 ergo
1687 3259 1873 3300 Cyprianus
1886 3260 1957 3298 quia
1974 3269 2050 3299 pro-

1182 3319 1249 3351 pter
1279 3308 1510 3351 Episcopatum
1532 3309 1704 3343 damnatus
1717 3308 1760 3341 est
1773 3332 1783 3348 ‚
1810 3307 1903 3351 plene
1921 3307 2048 3349 Episco-

1180 3368 1257 3400 pum
1277 3358 1408 3391 indutus
1432 3359 1577 3401 processit
1604 3360 1638 3392 in
1660 3369 1811 3401 campum
1837 3358 2021 3390 sceleratum
2037 3381 2047 3395 ,

1178 3418 1215 3443 ut
1237 3419 1313 3443 non·
1328 3408 1434 3443 solum
1455 3408 1489 3442 in
1502 3407 1618 3444 tabella
1631 3432 1643 3449 ,
1672 3408 1834 3448 sedetiam
1848 3408 1880 3442 in
1895 3407 2047 3441 vestecri-

1919 3468 1991 3491 men
