2384 3770
474 127 631 193 Qu>
671 127 766 175 Sn-
815 125 1044 174 SrcuuM
1084 121 1310 173 NA‘runss
1348 121 1508 184 Qulss
1543 130 1743 175 Aanvr.

238 209 296 252 'les
311 219 370 254 pro
392 209 561 245 necessaria
581 210 777 246 conditione
798 209 854 244 sibi
879 207 1106 252 praerequirunt

247 258 499 303 applicationem
518 261 573 295 seu
593 261 909 306 approximationem
942 258 1105 299 localem,-

236 308 291 342 ,sic
301 309 398 343 etiam
409 312 615 353 operationes
623 309 854 346 intentionales
864 332 874 350 ,
901 307 1006 351 qualis
1013 307 1060 341 est
1073 308 1107 341 sr-
1122 322 1125 363 Ι

250 358 442 403 gnificatio,
468 361 694 404 praerequirunt
711 358 770 392 fibi
790 368 911 392 certam
944 357 1125 409 operantis]

250 406 293 443 td
304 409 502 452 operationis
514 410 673 453 objellum
685 407 938 452 applicationem
955 407 1107 441 intentio·
1121 414 1124 434 δ

253 459 364 493 nalem
377 471 386 502 ;
413 461 502 502 atqui
514 460 657 503 quaedam
670 469 718 492 res
727 459 768 492 ad
780 457 932 501 quasdam
942 458 1021 491 alias
1044 458 1106 491 suf-

254 506 403 542 ficienter
423 510 495 542 snut
514 509 677 551 applicatae
697 510 709 551 (
726 519 754 541 v.
765 519 797 553 g.
810 507 918 541 fumus
928 507 969 542 ad
981 508 1106 551 ignem,

255 557 371 603 imago
394 557 525 593 caesaris
533 557 574 591 ad
587 557 738 597 Caesarem
751 582 762 598 ,
788 558 867 592 risus
887 558 927 591 ad
944 558 1105 592 internam

255 605 491 650 laetitiam)per
505 607 710 642 intrinsecam
727 619 764 642 ac
786 607 963 642 naturalem
986 618 1106 641 mutuae

256 656 544 698 concomitantiae,
565 658 806 699 similitudinis,
833 667 887 692 aut
900 657 1122 706 cauffalitatis1

255 706 497 742 connexionem
509 719 521 740 .-
541 708 686 750 quaedam
700 709 800 750 vero(
813 719 842 741 v.
854 719 884 751 g.
909 709 1104 741 sacramenta

253 755 363 790 nostra
372 766 446 789 cum
457 757 558 801 gratia
568 782 579 798 ‚
605 757 783 792 charadlere
795 782 806 797 ,
831 757 964 805 aliisque
975 758 1037 791 suis
1056 756 1105 790 ef-

252 805 391 842 feticibus
399 803 706 850 supernaturalibus:
734 819 830 841 voces
840 817 953 841 omnes
964 818 1040 840 cum
1063 817 1109 840 re·

251 855 339 891 busa
351 856 577 901 sefignificatis
589 871 600 891 :
626 858 732 901 pulsus
742 868 905 900 campanae
918 880 929 896 ‚
955 866 1009 890 aut
1028 856 1107 890 istus

249 906 398 948 tympani
409 916 483 939 cum
496 906 642 941 facienda
655 907 812 948 lestione3
839 915 896 940 aut
905 916 1106 950 congregan-

250 953 298 989 do
308 955 413 989 milite
421 955 543 990 nullam
554 956 673 990 habent
686 956 893 990 intrinsecam
903 966 958 988 aut
981 964 1105 990 natura·

249 1003 315 1039 lem
326 1007 567 1040 connexionem
579 1030 588 1045 ‚
617 1006 670 1040 sed
683 1006 910 1040 omnimodam
924 1005 1106 1038 indifferen-

247 1055 347 1089 tiam:
376 1056 609 1090 sacramentum
630 1067 769 1099 namque
781 1055 930 1099 baptismi
943 1066 982 1088 ex
996 1055 1026 1088 se
1037 1066 1106 1089 non

250 1105 356 1149 magis
367 1107 446 1149 petit
456 1105 631 1150 fignificare
638 1104 850 1140 charaClerem
871 1105 1106 1148 baptismalem,

250 1166 350 1198 quam
376 1155 600 1199 Episcopalem
614 1168 622 1198 3
650 1166 715 1189 vox
741 1154 821 1188 homa
848 1166 916 1188 non
943 1155 1014 1198 plus
1026 1154 1107 1197 petit
1122 1161 1125 1188 i

250 1214 309 1238 aut
327 1204 424 1239 debet
434 1205 608 1249 fignificare
622 1216 769 1239 naturam
783 1206 959 1239 humanam
971 1228 982 1244 ,
1009 1215 1106 1247 quam
1122 1189 1125 1234 i

249 1254 404 1297 equinam
416 1277 426 1293 ,
451 1265 507 1287 aut
534 1255 707 1297 bovinam;
735 1266 814 1300 ergo
843 1254 909 1288 haec
936 1255 968 1288 ἀ
994 1254 1108 1288 similia

248 1303 339 1346 signa
365 1303 404 1336 ad
431 1302 577 1346 quamvis
602 1314 669 1337 rem
697 1305 944 1349 significandam
983 1304 1107 1337 indiffe-

249 1352 355 1386 rentia
367 1351 547 1387 debuerunt
571 1353 612 1387 ad
629 1364 748 1388 certam
761 1354 902 1396 aliquam
932 1364 998 1387 rem
1011 1352 1110 1396 appli-
1132 1382 1135 1386 .

247 1402 314 1439 cari
337 1426 347 1442 ‚
372 1413 441 1443 quae
467 1402 643 1446 applicatio
671 1403 755 1437 nihil
781 1403 825 1437 est
852 1403 940 1437 aliud
964 1427 974 1442 ‚
1011 1413 1107 1446 quam

248 1452 415 1495 impositio
441 1452 473 1487 &
497 1451 684 1496 deputatio,
710 1454 743 1487 δε
768 1454 808 1487 fic
832 1451 898 1486 haec
922 1453 1009 1495 ligna
1036 1454 1109 1485 sunt

251 1501 439 1542 arbitraria,
465 1505 541 1544 quia
568 1502 688 1537 scilicet
702 1514 817 1536 eorum
843 1501 1035 1545 significatio
1047 1514 1108 1545 po-

251 1552 310 1585 {ita
335 1553 379 1585 est
407 1552 441 1584 in
467 1551 630 1592 hominis,
657 1553 708 1586 vel
719 1551 961 1595 cujuscumque,
976 1551 1106 1585 alterius

251 1599 411 1635 arbitr-ior
437 1601 516 1635 sicut
541 1602 630 1635 enim
657 1602 759 1636 modo
784 1602 942 1646 applicata
967 1602 1039 1635 sunt
1067 1601 1108 1636 ad

254 1651 501 1695 fignificandum
517 1650 580 1685 hoc
604 1675 614 1691 ,
653 1652 786 1695 itapro
814 1652 961 1685 libertate
986 1651 1109 1684 arbitrii

254 1701 408 1743 applicari
421 1712 458 1735 ac
476 1701 601 1744 imponi
613 1711 791 1744 potuerunt
802 1702 841 1735 ad
864 1700 1109 1745 fignificandum

254 1750 349 1792 istud;
362 1750 424 1784 alia
438 1749 511 1784 vero
521 1751 579 1785 ista
589 1752 693 1794 priora
704 1751 861 1785 naturalia
873 1752 961 1793 sunt3
970 1753 1045 1794 quia
1057 1762 1109 1785 eo-

254 1811 325 1834 rum
339 1800 379 1835 ad
391 1799 637 1844 significandum
650 1802 822 1845 applicatio
837 1825 847 1841 ‚
860 1812 926 1834 non
938 1801 955 1834 ὲ
969 1801 1112 1836 libertate

254 1850 378 1885 arbitrii
391 1873 401 1889 ‚
424 1848 475 1884 sed
487 1850 503 1883 a
517 1850 697 1887 necestitate
707 1862 827 1886 naturae
837 1860 943 1885 ortum
966 1849 1077 1885 habet.

303 1912 335 1945 4.
361 1898 430 1933 Alii
457 1898 687 1943 quaestionem,
714 1903 774 1935 five
785 1900 1011 1934 difficultatem
1025 1900 1111 1934 hanc

255 1950 298 1982 sic
311 1959 521 1992 proponunt,
547 1949 580 1982 in
602 1961 668 1991 quo
694 1950 1049 1993 fundetursxgnificatio
1059 1961 1114 1982 na·

257 1997 392 2037 turalis,
418 1997 452 2031 in
479 2008 545 2038 quo
571 1999 762 2032 arbitraria?
790 1999 854 2031 sive
881 1998 1047 2040 quodnam
1074 1997 1110 2030 fit

259 2046 511 2081 fundamentum
546 2047 790 2090 significationis
826 2057 892 2080 tam
930 2047 1084 2081 naturalis
1104 2058 1113 2088 3

259 2105 358 2139 qaam
384 2094 575 2129 arbitrariae?
595 2094 652 2137 sed
675 2095 806 2138 resolutio
824 2095 860 2134 est
881 2098 984 2128 eadem
1007 2107 1016 2137 3
1038 2097 1115 2129 dico

256 2144 338 2189 erg&
361 2144 608 2178 fundamentum
635 2155 672 2178 ac
697 2145 839 2179 radicem
865 2144 1110 2187 significationis

257 2195 293 2228 in
320 2193 490 2228 communi
515 2193 577 2227 esse
601 2193 845 2228 connexionem
857 2195 954 2227 unius
980 2194 1024 2228 rei
1041 2204 1116 2227 cum

257 2244 321 2278 alia
347 2255 404 2284 re,
432 2242 558 2277 ratione
584 2243 673 2286 cujus
699 2244 919 2278 connexionis
947 2254 1007 2277 nos
1029 2242 1118 2286 poffi·

259 2292 492 2327 musd'evenire
516 2303 556 2325 ex
582 2303 648 2326 una
674 2303 706 2326 re
733 2293 767 2325 in
794 2293 1023 2336 cognitionem
1045 2293 1120 2326 alte·

260 2343 350 2382 rius‚·
377 2340 627 2374 fundamentum
653 2339 996 2385 vero'srgnificationis
1023 2351 1119 2374 natu-

263 2392 339 2426 ralis
371 2390 421 2427 est,
449 2391 615 2424 connexio
657 2390 761 2425 rerum
799 2400 869 2424 orta
899 2401 939 2423 ex
976 2389 1119 2423 intrinse-

264 2441 312 2475 cis
335 2435 447 2474 carum
474 2439 662 2483 principiis;
690 2439 1028 2483 sicutfignificationis
1039 2439 1119 2473 arbi-

249 2519 251 2522 4
265 2490 365 2525 trariae
377 2486 624 2523 fundamentum
636 2500 674 2522 ac
682 2489 773 2522 radix
783 2489 828 2523 est
841 2500 944 2523 rerum
956 2489 1121 2524 connexio

263 2550 333 2575 orta
355 2550 396 2573 ex
421 2537 486 2573 sola
507 2539 683 2573 extrinseca
706 2538 914 2573 ordinatione
935 2551 972 2573 ac
995 2539 1122 2581 deputa·

262 2590 357 2623 tione
364 2587 499 2630 alicujus
510 2589 632 2633 agentis
643 2587 877 2624 intellectualis:
890 2599 960 2631 quae
975 2589 1050 2622 vero
1061 2590 1122 2622 sint

235 2667 241 2672 .
264 2639 327 2673 illae
353 2638 622 2672 connexionesin
637 2638 840 2680 particulari:
861 2649 931 2681 quae
941 2638 1079 2672 fundent
1089 2640 1122 2672 sr-

264 2687 510 2733 gnificationem
522 2697 587 2720 tam
602 2688 792 2727 naturalem,
805 2699 901 2731 quam
913 2687 1121 2730 arbitrariam3

264 2748 383 2782 vagum
405 2737 437 2769 δε
459 2737 595 2780 longum
616 2736 697 2770 foret
719 2736 847 2777 dicere,
871 2738 904 2771 ὅ(
926 2739 982 2770 usu
997 2738 1122 2778 melius,

263 2797 360 2832 quam
382 2786 492 2831 longis
504 2786 964 2829 praeceptis&regulisdisces.
986 2787 1122 2822 Interim

266 2838 373 2871 videre
396 2846 487 2878 potes
514 2839 708 2869 Laurentium
725 2833 851 2878 giffene.

317 2896 348 2932 ς.
378 2886 429 2918 Ex
444 2883 495 2918 his
514 2886 656 2928 sequitur
682 2885 784 2928 primo
799 2899 809 2918 .·
836 2885 1015 2929 intersigna
1029 2897 1120 2921 natu·

270 2935 347 2969 ralia
368 2935 513 2978 quaedam
534 2935 596 2968 effe
618 2935 712 2979 plane
736 2945 822 2969 certa
853 2935 885 2968 ac
918 2934 1124 2978 infallibilia,

265 2995 380 3028 utpote
391 2996 462 3029 quae
483 2986 663 3027 potentiam
687 2985 946 3029 cognoscitivam
957 2996 1123 3028 nunquam

264 3034 429 3078 decipiant
447 3059 458 3075 ,
491 3045 552 3068 nec
571 3034 605 3067 in
627 3045 767 3069 errorem
791 3035 946 3068 inducant
966 3047 977 3068 .·
1016 3035 1123 3079 aliqua

264 3083 338 3118 vero
359 3085 422 3118 effe
443 3083 612 3126 fallibilia;
641 3084 674 3118 id
697 3085 763 3126 est,
792 3084 869 3119 talia
892 3095 961 3127 quae
984 3085 1123 3127 potenti·

263 3144 315 3166 am
338 3133 531 3178 quandoque
552 3134 738 3177 decipiant,
764 3146 801 3168 ac
825 3134 857 3167 in
878 3144 1018 3168 errorem
1032 3134 1122 3169 indu·

264 3193 338 3217 cant
350 3207 360 3223 ,
386 3183 512 3217 &inter
525 3182 591 3218 haec
602 3185 710 3227 aliqua
725 3185 829 3228 magis
842 3208 852 3223 ,
878 3183 987 3226 aliqua
1003 3185 1120 3219 minus:

261 3238 336 3266 ratio
347 3232 393 3272 est:
406 3232 482 3275 quia
493 3233 576 3272 talis,
586 3232 620 3267 id
630 3234 676 3268 est
689 3244 756 3267 tam
770 3235 873 3274 firma,
883 3243 950 3267 tam
963 3244 1047 3268 certa
1062 3258 1073 3274 ,
1084 3247 1122 3269 ac

263 3293 329 3316 tarn
339 3281 519 3316 infallibilis
530 3282 574 3315 est
585 3282 666 3328 signi
680 3282 891 3328 significatio,
919 3293 1014 3326 quam
1028 3283 1073 3317 est
1086 3284 1122 3317 fi·

262 3332 320 3376 gni
332 3343 407 3365 cum
416 3329 474 3365 suo
485 3332 665 3376 significato
674 3332 936 3367 connexio:tanta
946 3332 1062 3376 quippe
1075 3333 1122 3368 est

261 3382 395 3415 firmitas
408 3381 539 3416 radicati
554 3405 564 3422 ,
590 3392 711 3425 quanta
735 3383 780 3416 est
806 3382 922 3417 radicis
934 3380 1115 3426 radicantis,

260 3431 350 3476 atqui
375 3430 541 3466 connexio
561 3431 644 3476 ligni
667 3431 821 3467 naturalis
847 3443 923 3470 cum
942 3431 1003 3471 suo
1019 3433 1115 3482 figni-

339 3478 444 3522 cbrist.
456 3484 645 3530 Lupi—opera
656 3484 819 3532 Tomara
1106 3473 1117 3484 ”

1893 146 1910 176 1
1923 145 1987 190 07

1170 209 1268 243 ficato
1278 207 1475 253 quandoque
1484 205 1530 241 est
1549 209 1688 244 omnino
1705 212 1796 246 firma
1808 234 1820 252 ,
1840 209 2022 247 immobilis

1170 259 1204 293 ὅ(
1225 250 1416 307 sempiterna
1441 269 1451 299 3
1485 257 1683 300 quandoque
1705 261 1841 295 verorest
1863 260 2018 301 mobilis,

1171 306 1335 350 fallibilis,
1360 308 1392 343 ἀ
1417 306 1599 342 variabilis:
1626 317 1704 351 ergo
1723 310 1866 345 fimiliter
1886 311 1973 345 illius
1984 311 2022 344 fi-

1169 357 1338 401 gnificatio
1360 357 1554 402 quandoque
1572 364 1679 398 certa;
1702 358 1896 403 quandoque
1917 359 2020 395 dubia
2062 379 2064 382 ·

1169 418 1207 444 ec
1227 406 1350 442 incerta
1361 409 1405 442 est
1417 433 1424 440 .
1448 410 1538 440 Pater
1560 412 1676 439 minor:
1703 406 1780 448 quia
1795 418 1821 439 v.
1841 420 1871 451 g.
1884 409 2020 456 eclypsis

1169 456 1278 491 solaris
1303 458 1348 491 est
1366 459 1492 502 signum
1505 456 1649 490 naturale
1669 455 1862 499 interpositae
1882 459 2023 506 lunaein.

1169 517 1215 540 ter
1239 507 1338 542 solem
1359 519 1396 541 ac
1408 508 1552 542 nostrum
1572 506 1756 549 adspectum
1769 529 1780 545 ‚
1806 506 1913 540 sumus
1930 508 1975 541 est
1985 508 2022 542 fi-

1167 566 1270 600 gnum
1283 559 1427 592 naturale
1445 558 1532 602 ignis
1542 580 1553 596 ‚
1576 556 1670 590 fletus
1681 554 1805 599 lignum
1818 556 1959 589 naturale
1971 559 2023 592 tri-

1167 606 1259 640 stitiae
1271 632 1281 647 ,
1307 609 1367 643 &c.
1381 610 1470 649 atqui
1482 606 1615 649 eclypsis
1635 604 1748 640 solaris
1756 614 1830 639 cum
1842 605 2024 647 interposita

1168 654 1244 690 luna
1258 656 1340 692 inter
1361 659 1458 691 solem
1480 658 1515 691 &
1533 665 1650 690 terram
1661 651 1759 689 habet
1780 655 2024 691 connexionem

1169 705 1183 749 (
1202 717 1254 748 per
1276 718 1423 742 mutuam
1448 707 1558 741 saltem
1582 707 1594 747 )
1619 704 1713 749 plane
1735 704 1964 744 immobilem,
1991 705 2025 739 ἀ

1173 755 1398 791 invariabilem
1412 769 1421 799 ;
1450 766 1482 790 at
1494 767 1571 790 vero
1581 756 1748 789 connexio
1760 755 1841 788 fumi
1852 764 1926 789 cum
1939 754 2027 798 igne,

1170 803 1246 839 item
1269 807 1431 841 connexio
1453 806 1547 840 fletus
1577 816 1653 839 cum
1676 805 1804 838 interna
1824 803 1953 838 tristitia
1981 803 2027 838 est

1169 854 1318 891 fallibilis
1340 859 1374 892 &
1396 855 1573 898 variabilis3
1600 864 1676 888 nam
1700 865 1769 888 non
1792 854 1895 888 solum

1382 909 1501 940 Summa
1522 905 1627 947 procul
1660 904 1804 938 villarum
1835 905 1963 939 culmina
1980 905 2032 947 fu·

1412 965 1512 990 mani.
1688 964 1801 988 verum
1823 955 1923 987 etiam

1264 1008 1310 1037 Et
1324 1007 1394 1045 Jam
1406 1014 1520 1048 tempus
1531 1016 1635 1048 equum
1642 1004 1794 1046 fumantia
1812 1001 1926 1046 solvere
1939 1004 2009 1037 colla
2022 1029 2029 1036 .

1467 1058 1512 1088 Et
1532 1054 1628 1097 infida
1646 1059 1739 1088 Creta

1267 1123 1356 1132 --—
1375 1108 1509 1138 Tenuem.
1528 1104 1650 1138 exhalat
1674 1103 1813 1138 nebulam
1830 1126 1841 1143 ,
1872 1101 2032 1150 fumosque

1417 1155 1545 1189 volucres
1564 1178 1572 1187 .

1174 1201 1262 1247 Ergo
1274 1202 1400 1248 signum
1411 1200 1555 1239 naturale
1575 1214 1651 1237 cum
1661 1204 1719 1238 suo
1730 1202 1910 1247 significato
1931 1200 2032 1246 quod-

1171 1252 1246 1287 dam
1270 1252 1368 1289 habet
1389 1255 1630 1289 connexionem
1651 1253 1854 1287 infallibilem
1867 1253 1899 1286 δε
1914 1252 2034 1286 immo·

1173 1302 1267 1336 bilem
1293 1315 1302 1344 ;
1337 1304 1502 1347 quoddam
1528 1302 1604 1339 vero
1625 1302 1794 1337 fallibilem
1815 1300 2031 1342 &mobilem,

1171 1354 1322 1396 eodemque
1356 1356 1439 1387 modo
1454 1352 1720 1397 philosophandum
1740 1352 1778 1394 est
1800 1353 1837 1386 de
1852 1351 1933 1395 figno
1953 1351 2032 1384 arbi-

1172 1409 1278 1435 trario:
1309 1403 1430 1438 scilicet
1448 1404 1718 1448 fignificationem
1745 1401 1812 1445 ejus
1834 1401 2031 1444 quandoque

1173 1453 1234 1486 effe
1260 1453 1355 1496 plane
1377 1464 1495 1487 certam
1515 1466 1552 1489 ac
1577 1452 1779 1487 infallibilem
1804 1475 1815 1491 ‚
1835 1451 1882 1485 uti
1904 1452 2032 1484 contin-

1173 1503 1221 1547 git
1245 1504 1278 1535 in
1304 1503 1506 1538 sacramentis
1533 1514 1625 1537 novae
1645 1502 1727 1547 legis
1748 1525 1759 1541 ,
1786 1500 1861 1543 saepe
1883 1512 1959 1534 vero
1983 1500 2033 1533 in·

1173 1562 1291 1585 certam
1305 1553 1507 1594 &dubiam,
1533 1553 1582 1587 uti
1605 1552 1682 1594 saepc
1694 1550 1861 1594 contingit
1888 1549 1923 1582 in
1944 1548 2035 1582 voci·

1174 1601 1232 1635 bus
1251 1599 1421 1636 humanisz
1445 1603 1524 1646 quid
1546 1602 1635 1636 enim
1653 1600 1780 1635 facilius
1802 1608 1900 1643 quam
1914 1598 2029 1633 menti-

1174 1651 1201 1685 ri
1222 1652 1256 1686 ἀ
1278 1652 1372 1686 verba
1393 1653 1491 1686 dare?
1518 1662 1593 1686 nam

1275 1703 1418 1742 Promiffls
1438 1703 1529 1736 dives
1548 1700 1671 1745 quilibet
1688 1701 1738 1744 effe
1758 1699 1848 1742 potest
1868 1725 1875 1732 .

1225 1750 1256 1786 6.
1280 1755 1414 1794 sequitur
1427 1751 1553 1794 secunda
1579 1776 1590 1791 ,
1613 1751 1702 1794 quod
1724 1751 1808 1785 inter
1832 1750 1957 1793 fignum
1982 1759 2036 1782 na-

1176 1801 1278 1835 turale
1300 1801 1546 1836 &arbitrarium
1566 1802 1602 1835 fit
1623 1801 1744 1844 duplex
1758 1799 1904 1835 notabile
1931 1797 2037 1831 discri-

1177 1862 1252 1885 men
1274 1863 1283 1893 ;
1310 1851 1452 1894 primum
1474 1851 1537 1886 est:
1558 1851 1648 1894 quod
1668 1851 1796 1895 fignum
1818 1846 2040 1882 naturaleubi-

1176 1911 1245 1942 quel
1258 1901 1406 1945 gentium
1430 1901 1585 1944 significet
1607 1901 1693 1933 idem
1714 1898 1930 1942 fignificatum
1953 1908 1979 1930 v.
2003 1908 2038 1942 g.

1178 1950 1285 1983 fumus
1302 1951 1423 1993 ubique
1434 1950 1591 1993 fignificat
1602 1948 1712 1992 ignem
1725 1972 1736 1988 ,
1749 1947 1842 1982 fletus
1854 1946 1975 1990 ubique
1986 1949 2041 1981 tri-

1180 1997 1297 2032 stitiam
1311 2022 1321 2038 ,
1343 2000 1422 2032 risus
1437 1998 1555 2039 ubique
1575 1998 1719 2032 laetitiam
1737 2021 1747 2037 ,
1767 1998 1827 2032 &c
1849 2008 1882 2031 at
1909 1997 1987 2031 vero
2005 1997 2040 2030 si·

1180 2059 1282 2091 gnum
1306 2048 1506 2081 arbitrarium
1519 2047 1604 2090 apud
1631 2047 1767 2080 diversas
1779 2057 1890 2091 gentes
1902 2072 1912 2087 ,
1936 2045 2041 2080 immo

1181 2095 1308 2138 &apud
1328 2096 1462 2130 eandem
1483 2105 1614 2138 gentem
1637 2095 1763 2129 diverso
1786 2107 1928 2140 tempore
1940 2096 2043 2130 diver·

1182 2146 1211 2178 sa
1225 2145 1384 2188 fignificat
1401 2144 1594 2189 significata,
1615 2155 1641 2176 v.
1649 2155 1681 2188 g.
1696 2144 1812 2179 hedera
1836 2146 1976 2188 appensa
1996 2146 2044 2181 fo-

1183 2194 1270 2228 ribus
1293 2194 1345 2228 hic
1367 2194 1520 2228 Coloniae
1541 2193 1701 2238 fignificat
1725 2194 1837 2228 vinum
1860 2194 1995 2235 venale,
2015 2205 2047 2228 a·

1185 2243 1247 2287 pud
1268 2245 1434 2286 Hispanos
1455 2243 1505 2276 vel
1528 2243 1629 2277 Italos
1641 2243 1742 2286 potest
1759 2243 1939 2287 significare
1951 2243 2045 2278 aliud

1185 2293 1261 2336 quid
1275 2293 1370 2337 plane
1382 2293 1540 2326 diversum
1555 2316 1566 2331 ,
1586 2293 1664 2325 item
1685 2293 1792 2334 pulsus
1813 2293 1952 2335 ejusdem
1961 2305 2047 2328 cam·

1185 2353 1273 2385 panae
1294 2342 1473 2377 matutinus
1483 2341 1568 2384 apud
1588 2352 1649 2375 nos
1661 2341 1843 2376 faciendam
1857 2341 2045 2384 leelionem,

1186 2391 1379 2425 meridianus
1389 2391 1569 2425 faciendam
1594 2390 1822 2431 refectionem,
1848 2392 2045 2434 vespertinus

1186 2441 1364 2475 faciendam
1386 2440 1597 2484 capitularem
1618 2442 1912 2485 congregationem
1924 2441 2046 2486 fignifi-

1186 2501 1258 2533 cat;
1285 2493 1318 2525 ἐν
1337 2497 1412 2524 ratio
1436 2489 1494 2529 est:
1521 2490 1596 2534 quia
1607 2490 1801 2534 significatio
1813 2490 1893 2535 signi
1919 2503 2045 2526 natura-

1187 2541 1226 2574 lis
1249 2542 1352 2575 oritur
1373 2552 1413 2573 ex
1439 2540 1609 2574 intrinseca
1628 2550 1733 2574 rernm
1763 2549 1875 2575 natura
1898 2552 1907 2583 ;
1928 2541 2047 2586 fignifi-

1186 2590 1273 2624 catio
1283 2590 1358 2624 vero
1370 2590 1449 2633 signi
1474 2589 1629 2624 arbitrarii
1640 2589 1792 2633 proxime
1814 2591 1917 2624 oritur
1941 2601 1980 2624 ex
1993 2601 2044 2625 vo·

1187 2640 1325 2674 luntaria
1347 2638 1521 2673 hominum
1543 2639 1754 2682 deputatione
1776 2653 1783 2673 z
1811 2641 1904 2684 atqui
1930 2651 2045 2675 natura

1187 2701 1291 2724 rerum
1313 2689 1433 2732 ubique
1443 2688 1591 2733 gentium
1614 2688 1659 2722 est
1684 2690 1840 2723 invariata
1854 2714 1865 2730 ‚
1892 2701 1930 2724 ac
1947 2689 2044 2734 plane

1187 2739 1322 2780 eadem;
1345 2738 1466 2782 ubique
1488 2750 1628 2782 namque
1651 2739 1799 2783 gentium
1817 2741 1925 2772 fumus
1943 2740 1987 2774 est
2001 2740 2045 2773 ef-

1187 2790 1285 2823 festus
1307 2789 1415 2833 ignis,
1443 2788 1522 2821 risus
1546 2788 1681 2827 laetitiae,
1707 2788 1799 2822 fletus
1825 2788 1959 2822 tristitiae
1980 2789 2042 2822 &c-

1188 2839 1337 2873 voluntas
1360 2837 1480 2872 vero&
1502 2838 1670 2882 deputatio
1692 2836 1866 2872 hominum
1889 2837 1932 2871 est
1949 2838 2045 2881 saepis·

1187 2887 1263 2923 fime
1285 2889 1380 2932 plane
1391 2888 1533 2921 diversa:
1551 2886 1750 2931 ergovetiam
1773 2887 1965 2932 fignificatio
1990 2899 2045 2922 na·

1187 2939 1297 2973 turalis
1320 2938 1442 2983 ubique
1460 2937 1504 2971 est
1517 2937 1627 2971 eadem
1639 2959 1649 2975 ,
1665 2948 1702 2970 ac
1727 2937 1905 2980 invariata3
1927 2936 2045 2982 signifi-

1186 2989 1274 3022 catio
1284 2987 1361 3022 vero
1372 2987 1537 3021 arbitraria
1553 2998 1610 3030 pro
1633 2986 1811 3020 variatione
1832 2985 1978 3021 humanae
1991 2986 2045 3020 de-

1187 3038 1364 3082 putationis
1385 3036 1481 3070 etiam
1505 3038 1663 3075 variatur,
1687 3047 1724 3070 ac
1750 3045 1911 3071 mutatur.

1238 3099 1268 3134 7.
1290 3088 1454 3121 Secundum
1475 3085 1628 3128 disi-rimen
1648 3085 1685 3125 ess
1707 3097 1714 3116 :
1747 3084 1875 3130 fignum
1897 3085 2042 3120 naturale

1186 3136 1307 3181 ubique
1317 3137 1466 3181 gentium
1486 3135 1531 3169 est
1546 3137 1695 3179 signum;
1716 3135 1844 3179 signum
1868 3135 1944 3169 vero
1965 3135 2047 3170 arbi-

1185 3180 1319 3221 tiarium
1354 3186 1428 3227 saepe
1461 3184 1545 3228 apud
1570 3196 1668 3219 unam
1689 3195 1820 3229 gentem
1841 3186 1885 3219 est
1907 3185 2044 3230 lignum,

1185 3236 1270 3280 apud
1294 3236 1425 3269 alteram
1446 3244 1512 3267 non
1532 3258 1543 3274 ‚
1576 3246 1605 3267 v.
1628 3244 1747 3278 gfivox
1773 3234 1854 3267 bomo
1869 3246 1937 3278 quae
1959 3234 2045 3278 apud

1184 3286 1305 3319 latinos
1326 3285 1453 3327 signum
1477 3294 1599 3317 naturai
1622 3281 1768 3318 humana
1785 3283 1853 3323 est,
1870 3283 1955 3327 apud
1967 3284 2046 3320 Ger-

1184 3345 1300 3369 manos
1322 3333 1443 3368 nullius
1464 3333 1508 3366 rei
1529 3334 1654 3378 signum
1681 3333 1726 3366 est
1743 3357 1755 3374 ,
1787 3331 1875 3377 quod
1896 3334 2045 3379 generale

1182 3385 1227 3419 est
1253 3383 1287 3417 in
1315 3383 1465 3417 omnium
1480 3383 1631 3427 gentium
1657 3383 1693 3417 δε
1718 3381 1891 3419 nationum
1917 3383 2045 3419 vocabi-

1187 3434 1227 3472 lis
1252 3433 1306 3472 seu
1330 3431 1542 3482 idiomatibus
1553 3441 1690 3518 :Kvoces
1723 3432 1812 3475 enfin
1833 3444 1923 3481 ›rquae
1957 3432 2041 3478 apud

1641 3494 1665 3524 2
1885 3493 1986 3520 unam
