2384 3770
360 177 460 226 268

313 260 543 301 rationalitas,
572 257 731 296 rili-bilitas
750 283 763 301 ,
789 259 991 300 intellectus,
1018 261 1169 294 voluntas
1183 283 1194 300 ,

312 309 524 350 animalitas,
551 311 750 356 eormreitas
771 335 782 351 ,
807 311 867 344 ὅτε.
885 320 956 352 quae
983 311 1057 344 sunt
1079 322 1195 345 eorum

311 358 492 403 significata
511 360 659 404 formalia
671 385 682 401 ,
707 361 780 394 sunt
792 360 833 394 ab
844 358 982 393 homine
994 360 1120 394 realiter
1145 361 1195 394 in·-

316 406 467 444 distineia
479 435 489 451 ,
505 411 619 456 illique
631 411 757 446 realiter
769 409 968 443 identificata
981 433 988 442 .
1016 410 1069 443 Sic
1082 411 1195 450 etiam,

316 457 479 503 immensus
491 485 502 501 ,
520 469 652 495 aeternus
665 486 675 502 ,
693 460 818 504 sapiens
831 482 844 499 ‚
871 461 965 492 Pater
979 483 989 498 ,
1008 461 1110 494 Filius
1126 484 1136 500 ,
1160 462 1194 495 ό·

315 511 446 551 Spiritus
466 511 592 545 sunaus
603 536 614 552 ,
639 513 696 545 erc.
720 511 858 552 respec70
874 508 937 542 Dei
964 510 1037 543 sunt
1049 511 1194 553 praedica·

313 568 348 594 ta
359 561 555 596 necessaria:
583 562 674 609 Qia
691 570 805 594 eorum
823 558 964 592 formale
973 559 1192 603 fignificatum

313 609 360 644 est
372 611 449 646 Deo
462 612 590 646 realiter
602 610 844 644 identificatum
858 621 867 650 ς
881 617 917 641 ut
930 610 1053 643 clarum
1065 610 1110 643 est
1125 620 1180 644 om

313 661 350 695 ni
363 660 546 696 Catholico
557 659 743 694 attendenti
756 682 764 691 .
796 661 887 691 Ratio
909 658 998 699 hujus
1026 658 1086 697 est:
1105 660 1192 704 Qia

314 711 522 753 predicatum
535 704 750 745 necessarium
759 708 804 742 est
816 708 1022 752 praedicatum
1036 710 1189 752 insepara-

296 782 299 785 ·
314 760 382 795 bile
397 760 522 797 realiter
534 766 552 795 a
565 758 789 804 subjectasive
800 758 833 792 iu
847 759 992 793 terminis
1003 759 1119 793 nostris
1130 771 1194 794 ma·

312 811 425 845 nendo
434 812 479 845 est
500 810 706 854 praedicatum
731 808 854 843 habens
876 811 1092 853 significatum
1127 811 1179 844 for

314 862 402 895 male
431 860 557 895 realiter
582 858 793 903 inseparabile
806 859 822 892 a
849 859 907 892 suo
936 859 1075 901 subjecto
1093 885 1100 891 .
1132 859 1191 894 At·

312 911 370 956 qui
388 910 504 945 habere
516 909 655 943 formale
673 910 890 953 fignificatum
903 908 921 941 ὲ
935 908 1075 952 subjesto
1101 911 1186 944 reali·

311 970 360 995 ter
384 959 599 1002 inseparabile
627 959 672 993 est
699 958 815 992 habere
826 958 1039 1003 significatum
1053 961 1192 994 formale

311 1019 388 1045 cum
401 1009 545 1053 subjecto
557 1010 687 1044 realiter
700 1009 962 1050 identificatum:
990 1021 1070 1054 ergo
1083 1011 1185 1053 praedi-

311 1070 423 1095 catum
450 1061 665 1094 necessarium
687 1058 770 1093 recte
799 1059 953 1093 definitur
983 1062 1050 1093 esse
1083 1061 1166 1094 illud
1179 1086 1190 1102 ,

311 1107 401 1153 quod
417 1108 514 1144 habet
527 1111 666 1144 formale
678 1110 892 1153 figmficatum
905 1120 981 1143 curn
994 1109 1133 1152 subjecto
1145 1121 1185 1143 re-

312 1158 679 1195 aliteridentific‘atum.
708 1164 806 1192 Minor
818 1158 855 1197 est
879 1161 975 1193 clara:
998 1159 1085 1203 Qua
1112 1160 1188 1194 licet

310 1210 447 1245 fortasse
460 1212 551 1245 realis
566 1209 825 1253 inseparabilitas
839 1234 850 1250 ,
876 1210 910 1243 &
940 1210 1033 1243 realis
1051 1209 1176 1244 identifi

312 1261 402 1298 catio
414 1272 485 1299 non
497 1262 572 1296 sunt
585 1262 759 1304 synonima
773 1285 782 1301 ‚
810 1261 886 1293 sunt
897 1270 1005 1293 tamen
1036 1260 1070 1293 in
1096 1259 1188 1294 rebus

310 1311 428 1346 urentis
438 1311 537 1355 plane
550 1311 784 1346 convertibilia
799 1322 807 1342 t
831 1309 875 1343 ita
890 1310 1050 1343 utomnia
1061 1310 1187 1344 realiter

311 1358 514 1396 identifiem
523 1362 585 1395 sint
599 1361 724 1394 realiter
742 1359 967 1403 inseparabilia
983 1385 993 1400 ‚
1018 1360 1051 1393 δε
1073 1361 1187 1394 omnia

310 1410 441 1444 realiter
457 1410 682 1454 inseparabilia
694 1410 755 1444 sint
768 1410 896 1444 realiter
911 1410 1118 1453 indistinsta3
1148 1422 1186 1445 ac

307 1457 528 1495 identificata.
557 1462 609 1495 De
620 1472 687 1505 quo
703 1459 798 1494 semel
826 1459 906 1493 alias
921 1484 929 1492 .
959 1460 1046 1505 Ergo
1070 1460 1186 1495 habere

308 1510 525 1554 significatum
542 1511 704 1545 formalea
719 1510 860 1553 subjecto
878 1509 1005 1544 realiter
1025 1510 1183 1553 insepara-

307 1557 374 1594 bile
386 1585 397 1600 ,
424 1559 458 1593 in
471 1572 503 1595 re
514 1560 599 1594 idern
613 1559 708 1602 plane
719 1560 763 1591 est
775 1584 784 1598 ‚
816 1558 903 1602 quod
918 1559 1036 1593 habere
1062 1560 1185 1605 signifi-

307 1620 416 1644 catum
441 1609 577 1643 formale
601 1620 675 1643 cnm
698 1608 840 1651 subjecto
863 1608 988 1642 realiter
1007 1609 1183 1645 identifica-

307 1669 379 1694 tum
390 1684 397 1692 .
424 1661 523 1700 Major
536 1661 608 1692 verb
615 1658 775 1698 probatur:
804 1658 894 1705 Qia
913 1659 1119 1700 praedicatum
1134 1670 1185 1693 ne-

309 1709 480 1743 cessarium
492 1708 536 1743 est
550 1708 633 1742 illud
647 1732 658 1748 ,
685 1706 774 1750 quod
786 1708 803 1741 a
817 1709 875 1741 suo
889 1706 1027 1750 subjefio
1039 1708 1128 1742 nulla
1140 1721 1185 1743 ra-

307 1759 400 1794 tione
412 1758 516 1802 potest
541 1759 663 1792 abesse.
689 1757 763 1791 Sive
786 1758 951 1791 manendo
978 1759 1012 1791 in
1036 1760 1184 1793 terminis

303 1808 443 1844 nostris:-
471 1808 527 1842 Est
542 1808 624 1842 illud
650 1830 661 1848 ‚
696 1807 786 1851 cujus
806 1808 943 1842 formale
966 1808 1184 1852 significatum

304 1859 400 1894 nullo
409 1859 511 1893 modo
524 1857 626 1901 potest
640 1857 747 1891 abesse
761 1871 773 1899 ‚-
801 1858 853 1892 sed
868 1858 914 1891 illi
929 1858 1050 1901 semper
1066 1883 1077 1899 ,
1103 1859 1136 1892 ἀ
1149 1870 1182 1893 u·

303 1908 402 1953 bique
417 1907 592 1944 necessario
603 1907 711 1941 adest:
738 1917 815 1941 nam
828 1907 1006 1940 secundum
1030 1907 1183 1950 Porphy-

303 1959 394 1994 ristas
406 1960 452 1994 est
468 1958 576 1999 illud,
601 1958 691 2003 quod
718 1957 836 1997 omni,
865 1957 948 1996 soli,
975 1957 1098 2000 semper
1114 1980 1126 1996 ‚
1151 1957 1185 1991 ἀ

303 2009 427 2052 ubique
455 2008 629 2043 convenit.
667 2007 772 2051 Atqui
796 2006 814 2040 a
841 2007 982 2050 subjecto
1004 2018 1071 2040 non
1095 2006 1186 2050 posse

303 2059 407 2094 abesse
426 2059 471 2093 est
491 2060 509 2093 a
545 2058 685 2101 subjecto
717 2068 786 2091 non
822 2059 910 2100 polle
929 2057 1076 2098 *separari
1103 2070 1115 2089 .-
1150 2056 1185 2090 δι

305 2108 422 2143 habere
442 2109 578 2143 formale
600 2100 815 2151 significatum
838 2129 849 2144 ,
885 2105 974 2146 quod
999 2105 1017 2135 ὲ
1046 2104 1184 2144 subjeflo

304 2170 373 2193 non
398 2159 500 2201 potest
531 2157 653 2190 abesse:
684 2154 729 2188 est
752 2152 867 2187 habere
898 2152 1037 2186 formale
1067 2153 1185 2197 fignifi-

305 2219 415 2243 catum
433 2232 443 2247 ,
483 2205 572 2251 quod
594 2207 612 2239 a
631 2204 771 2247 subjecto
795 2214 862 2236 non
891 2201 994 2245 potest
1017 2202 1149 2245 separari
1172 2215 1184 2236 .-

305 2268 344 2294 ut
357 2268 474 2293 notum
489 2256 534 2290 est
548 2254 689 2297 capienti
719 2250 896 2285 terminos.
925 2251 1015 2295 Ergo
1037 2251 1184 2294 praedica-

305 2318 378 2342 tum
390 2306 602 2341 necessarium
615 2302 659 2337 est
672 2299 755 2334 illud
771 2325 782 2341 ‚
807 2301 895 2344 quod
921 2311 988 2334 non
1011 2300 1116 2343 potest
1140 2301 1185 2334 se-

309 2358 411 2403 parari
424 2357 441 2390 ὲ
456 2354 594 2398 subjecto
603 2377 615 2394 ,
639 2352 703 2386 five
715 2351 807 2393 cujus
817 2350 954 2385 formale
965 2350 1182 2395 significatum

305 2410 352 2443 est
368 2404 579 2450 inseparabile
599 2405 617 2437 a
639 2402 780 2445 subjeeto
796 2425 803 2433 .
829 2405 876 2434 Et
897 2400 1085 2443 confirmatur
1110 2400 1182 2435 hoc:

309 2457 400 2506 Qia
412 2455 617 2500 praedicatum
631 2453 846 2487 necessarium
859 2451 903 2484 est
917 2450 1125 2495 praedicatum
1137 2452 1182 2485 di-

306 2508 388 2543 reete
414 2519 457 2542 ex
476 2505 636 2540 diametro
659 2501 847 2546 oppositum
859 2501 1034 2544 praedicato
1055 2501 1182 2535 contin-

309 2559 426 2605 genti.-
446 2555 538 2599 atqui
562 2553 769 2597 praedicatum
794 2552 992 2596 contingens
1014 2551 1058 2584 est
1078 2551 1182 2590 illud,

308 2610 402 2652 cujus
417 2605 553 2641 formale
563 2603 776 2648 significatum
791 2603 835 2635 est
854 2602 981 2636 realiter
991 2600 1181 2636 distinctum

307 2659 327 2693 ὲ
336 2658 493 2701 subjecto:
513 2654 602 2697 cujus
615 2653 751 2689 formale
762 2651 978 2696 significatum
990 2652 1035 2685 est
1049 2650 1067 2684 ὲ
1082 2650 1183 2697 subje-

310 2718 360 2750 to,
382 2709 434 2742 vel
451 2718 504 2750 per
516 2705 628 2739 Deum
643 2729 653 2745 ,
682 2703 732 2738 vel
744 2714 798 2746 per
818 2702 1184 2742 naturam‚naturaliter,

310 2759 361 2792 vel
376 2756 659 2801 supernaturaliter
671 2751 865 2797 separabile:
892 2764 927 2786 ut
941 2753 1049 2788 dicam
1061 2752 1180 2786 statim.

310 2809 402 2853 Ergo
415 2805 618 2851 praedicatum
630 2803 844 2838 necessarium
868 2801 1050 2837 debet‘esse
1074 2802 1154 2836 illud
1163 2824 1181 2849 7

309 2858 400 2901 cujus
419 2856 555 2892 formale
570 2854 788 2899 significatum
801 2852 818 2885 ὲ
832 2852 976 2894 subjecto
1002 2864 1105 2896 neque
1117 2854 1182 2896 sper

310 2909 423 2943 Deum
434 2931 446 2948 ,
472 2917 578 2950 neque
592 2916 646 2948 per
658 2901 827 2941 hominem
840 2927 851 2943 ,
865 2913 968 2947 neque
980 2900 1181 2947 naturaliter,

311 2969 420 3003 neque
433 2953 718 3001 supernaturaliter
729 2953 865 2997 separari
879 2952 1001 2996 potest3
1014 2950 1067 2988 sed
1082 2953 1125 2985 est
1140 2950 1181 2984 ab

310 3009 372 3044 illo
385 3007 480 3053 plane
490 3031 502 3047 ,
513 3017 553 3044 ae
565 3006 707 3040 omnino
717 3029 728 3044 ‚
742 3002 1079 3052 omnibusqnem'odis
1103 3002 1181 3034 inse-

313 3058 470 3102 parabile.
501 3056 607 3098 Atqui
624 3055 828 3098 praedicatum
842 3075 852 3091 ,
875 3052 966 3095 cuju‘s
991 3051 1128 3085 formale
1149 3052 1180 3084 fi-

316 3109 510 3153 gnificatum
523 3107 566 3141 est
585 3105 759 3148 asubjecto
768 3101 924 3146 omnibu&
933 3103 1041 3144 modis
1064 3102 1181 3145 insepa-

315 3158 415 3193 rabile
425 3184 436 3200 ‚
460 3157 505 3192 est
520 3155 724 3200 praedicatum
738 3179 749 3195 ‚
775 3153 866 3196 cujus
878 3153 1012 3187 formale
1024 3152 1180 3197 fignifica-

316 3216 385 3241 tum
398 3209 442 3242 est
454 3219 530 3243 cum
544 3206 685 3249 subjecto
698 3204 822 3239 realiter
833 3202 1089 3237 identificatum:
1104 3213 1182 3246 ergo

317 3258 524 3299 praedicatum
538 3255 751 3291 necessarium
769 3253 854 3288 recte
864 3253 985 3287 dicitur
998 3253 1065 3286 esse
1073 3252 1160 3286 illud
1172 3278 1182 3294 ,

317 3306 408 3348 eujus
423 3307 560 3341 formale
574 3305 790 3351 significatum
801 3303 845 3339 est
857 3304 917 3339 suo
926 3302 1072 3347 subjecto
1096 3302 1171 3338 reali

317 3364 367 3392 tu
389 3355 626 3390 identificatam
637 3381 645 3389 .
700 3378 702 3380 -

368 3415 392 3442 2
416 3429 424 3438 .
452 3404 687 3446 Praedieatum,
717 3406 850 3450 inquam
865 3428 876 3445 ‚
902 3404 1113 3438 necessarium
1138 3404 1181 3437 ess

321 3455 382 3489 illu
419 3465 430 3496 ;
456 3453 546 3496 cujus
558 3454 693 3488 formale
705 3456 918 3499 significatum
940 3454 986 3487 est
1007 3453 1182 3488 identifica-

321 3513 391 3540 tum
405 3513 482 3540 eum
494 3501 637 3549 subjecto
650 3525 662 3543 ‚
689 3514 755 3539 non
770 3503 903 3546 quidem
930 3505 1051 3548 semper
1072 3515 1110 3540 ac
1132 3514 1182 3539 ne·

736 207 738 210 v
803 172 963 219 DrsP.
1004 173 1129 220 XXI.
1167 173 1419 224 Dun.111.
1459 178 1619 225 Sec-r.
1655 179 1691 226 1.

1252 262 1390 297 cessario
1410 262 1538 298 realiter
1558 260 1743 307 adaequate3
1771 261 1826 298 sed
1852 263 1906 297 vel
1927 260 2118 307 adequare,

1254 311 1303 345 vel
1316 310 1515 359 inadaequate
1525 338 1537 356 ‚
1561 325 1605 349 eo
1617 313 1719 347 modo
1731 322 1798 354 quo
1810 323 1879 357 pars
1900 313 1981 348 solet
1993 311 2121 357 {identi‘ff

1253 357 1343 394 ficari
1358 363 1416 396 suo
1426 364 1508 397 toti.
1536 366 1626 397 Ratio
1636 363 1727 405 hujus
1748 362 1801 403 est.-
1833 362 1923 410 Qia
1935 362 2119 409 multumn-

1254 411 1359 445 dicata
1373 411 1446 445 vere
1458 414 1631 448 necessaria
1643 413 1791 456 subjectis
1803 413 1867 447 suis
1878 411 2120 447 identificantut

1256 472 1324 494 non
1337 460 1522 505 adaequate,
1549 463 1604 496 sed
1616 463 1823 499 solummodo
1836 460 2055 506 inadaequate‚
2077 472 2119 496 eo

1255 511 1357 544 modo
1376 522 1442 554 quo
1465 523 1535 556 pars
1557 513 1638 546 solet
1654 513 1845 548 identificari
1859 514 1918 547 suo
1938 510 2020 547 toti:
2041 522 2124 554 ergo

1255 561 1296 595 de
1310 562 1446 595 essentia
1467 560 1631 605 praedicati
1643 564 1808 599 necessarii
1819 575 1887 599 non
1900 563 1945 598 est
1958 561 2075 596 habere
2086 560 2122 593 si·

1253 610 1447 655 gnificatum
1464 611 1602 646 formale
1622 611 1786 657 adaequate
1809 613 2045 649 identificatum
2070 610 2122 651 sue

1257 661 1361 702 bjecto
1375 674 1385 694 .-
1411 660 1464 695 sed
1477 661 1687 696 solummodo
1699 661 1938 697 identificatam
1951 657 2126 703 adaequate*

1257 711 1303 744 vel
1317 710 1538 756 inadaequate‚
1562 721 1604 746 eo
1615 711 1719 746 modo
1730 723 1797 756 quo
1819 712 1900 746 solet
1912 723 1979 757 pars
2002 709 2119 746 identi-

1254 763 1344 795 ficari
1357 762 1414 795 suo
1425 762 1488 796 toti
1518 762 1718 805 composito.
1752 762 1900 796 Probatur
1920 762 2118 796 amecedenst

1254 813 1340 858 Qia
1363 812 1432 855 Effe
1452 817 1643 854 animatum,
1664 813 1715 856 effe
1735 817 1946 851 materiatum,
1970 813 2117 855 respectu

1255 864 1399 896 hominis
1413 864 1485 896 sunt
1501 862 1669 906 praedicata
1683 873 1750 897 non
1763 863 1894 898 tantum
1919 860 2092 897 necessaria
2103 872 2113 892 :

1253 913 1414 946 sedetiam
1435 913 1509 947 vere
1526 912 1732 947 essentialia:
1761 914 1853 957 atqui
1868 921 1976 947 tamen
1997 910 2119 945 habent

1252 963 1467 1006 lignificatum
1482 964 1616 997 formale
1629 961 1759 997 homini
1774 963 2013 998 identificatum
2024 985 2035 1002 ‚
2048 972 2118 995 non

1252 1012 1438 1055 adaequate;
1466 1013 1518 1046 sed
1532 1011 1971 1056 solummodo'inadaequate:
2001 1023 2035 1046 ut
2052 1010 2126 1045 ch-

1251 1074 1321 1096 rum
1334 1064 1379 1096 est
1392 1087 1399 1094 .
1414 1064 1606 1107 significata
1621 1063 1743 1107 quippe
1756 1074 1870 1097 eorum
1881 1062 2029 1097 formalia
2042 1062 2120 1095 sunt

1249 1113 1406 1153 anima,&
1418 1111 1550 1146 materia
1566 1123 1637 1156 quae
1647 1110 1775 1147 homini
1784 1112 1992 1147 solummodo
2006 1111 2121 1145 inadae·

1248 1162 1354 1206 quate:
1368 1163 1714 1207 identificantur.Erg6
1724 1162 1843 1198 dantur
1853 1162 1961 1206 aliqua
1972 1161 2122 1205 praedica-

1248 1224 1280 1248 ta
1295 1213 1365 1246 vere
1377 1214 1548 1246 necessatia
1558 1234 1570 1251 ,
1586 1212 1740 1248 habentia
1754 1213 1969 1258 significatum
1982 1210 2125 1245 formale

1248 1263 1306 1296 suo
1332 1263 1472 1305 subjecto
1507 1261 1612 1296 solum
1637 1261 1839 1307 inadaequate
1858 1262 2121 1297 identificatum.

1247 1313 1407 1348 Similiter
1419 1315 1580 1346 Rationale
1590 1313 1727 1356 respit-&u
1746 1311 1891 1348 hominis
1901 1314 1945 1348 est
1967 1311 2118 1355 praedica·

1247 1372 1318 1397 tum
1332 1363 1405 1397 vere
1419 1363 1653 1397 necessarium:
1681 1374 1756 1397 cum
1768 1363 1804 1397 sit
1818 1362 2027 1406 praedicatum
2047 1360 2123 1394 vere

1247 1413 1439 1454 essentiale,
1468 1425 1507 1447 ac
1520 1414 1615 1447 unica
1631 1424 1702 1446 mea
1725 1413 1924 1447 differentia.
1952 1410 2059 1454 Atqui
2082 1409 2125 1443 fi«

1249 1464 1441 1508 gnificaturn
1453 1463 1521 1505 ejus
1533 1463 1671 1496 formale
1682 1487 1692 1503 ,
1720 1464 1878 1500 videlicet
1896 1460 2120 1500 rationalitas,

1249 1513 1469 1548 identificatur
1481 1510 1611 1546 homini
1623 1513 1728 1546 solnm
1745 1510 1948 1554 inadaequate
1961 1524 1972 1544 .-
1999 1520 2036 1545 ut
2058 1519 2124 1543 tra·

1250 1563 1298 1597 dit
1310 1563 1489 1606 Gregorius
1502 1561 1736 1603 Ariminenfis‚
1765 1563 1799 1596 δε
1821 1561 1977 1602 Gabriel,
1998 1559 2123 1603 aliique

1251 1612 1464 1647 Nominales.
1493 1611 1583 1655 Ergo
1595 1612 1714 1645 dantur
1734 1612 1904 1654 praedicata
1920 1609 1994 1645 vere
2015 1609 2123 1644 neces-

1251 1663 1331 1695 saria
1347 1686 1358 1702 ‚
1383 1671 1524 1704 quorum
1536 1660 1755 1705 fignificatum
1779 1661 1918 1695 formale
1941 1659 2125 1694 identifica-

1250 1722 1303 1746 tur
1315 1710 1457 1752 subjecto
1475 1712 1533 1744 suo
1545 1710 1753 1745 solummodo
1765 1710 1974 1753 inadaequate.
1987 1710 2040 1756 De
2053 1720 2126 1754 quoi

1251 1762 1346 1795 latius
1370 1762 1402 1794 in
1426 1761 1553 1804 Logica
1579 1785 1586 1793 .
1625 1764 1672 1794 Et
1691 1768 1767 1794 rano
1789 1760 1882 1801 hujus
1905 1764 1926 1792 ἃ
1940 1766 2037 1802 priori
2057 1759 2122 1802 este

1251 1811 1341 1858 Qia
1355 1834 1377 1851 ,γ
1393 1822 1429 1845 ut
1449 1809 1658 1854 praedicatum
1677 1810 1810 1854 aliquod
1825 1811 1862 1843 sit
1885 1810 2096 1843 necessatium
2108 1833 2122 1850 ‚

1250 1862 1324 1896 {atis
1354 1861 1400 1895 est
1433 1861 1571 1904 perfecta
1593 1860 1836 1895 acomnimoda
1862 1859 2123 1902 inseparabilitas

1248 1911 1423 1954 significati
1435 1910 1600 1944 formalis:
1626 1911 1741 1954 atqui,
1767 1920 1804 1943 ut
1822 1908 2039 1953 significatum
2057 1910 2126 1942 fot«

1249 1959 1337 1993 male
1364 1957 1480 1993 habeat
1505 1957 1735 1993 omnimodam
1766 1958 2069 2001 inseparabilitatem
2098 1956 2124 1990 a

1250 2009 1394 2052 subiesto
1410 2033 1422 2050 ‚
1449 2020 1518 2044 non
1536 2008 1693 2043 debetilli
1717 2009 1910 2044 identificari
1935 2005 2123 2052 adaequate3

1248 2059 1301 2093 sed
1316 2060 1395 2093 satis
1417 2058 1486 2100 est,
1511 2059 1533 2092 si
1547 2058 1767 2094 identificetur
1790 2059 1918 2093 realiter
1941 2056 2122 2099 inadaequa·

1247 2108 1301 2146 te,
1326 2119 1369 2140 eo
1389 2108 1491 2140 modo
1513 2119 1582 2148 quo
1606 2108 1689 2141 solet
1712 2118 1783 2149 pars
1797 2106 1988 2140 identifieari
2003 2109 2060 2140 suo
2073 2118 2126 2141 to-

1246 2156 1289 2189 ti.
1318 2154 1429 2200 Ergo,
1455 2164 1492 2188 ut
1514 2155 1651 2199 aliquod
1677 2154 1884 2198 praedicatum
1910 2154 1949 2188 fit
1973 2155 2044 2189 vere
2065 2167 2124 2190 ne-

1245 2206 1418 2238 cessarium
1433 2228 1444 2244 ‚
1472 2215 1542 2238 non
1563 2214 1648 2247 opus
1668 2203 1767 2239 habet
1788 2204 1971 2248 significate
1995 2206 2125 2239 forma-v.

1246 2254 1269 2287 li
1283 2252 1449 2296 adaequate
1461 2252 1664 2287 identificato
1679 2265 1690 2296 ς
1716 2252 1771 2287 sed
1784 2254 1859 2288 satis
1868 2253 1914 2286 est
1924 2276 1939 2294 ,
1963 2252 1987 2285 fi
2003 2253 2124 2288 habeat:

1246 2303 1486 2337 identificatutn
1503 2301 1706 2351 inadaequate
1728 2326 1741 2344 ,
1763 2313 1807 2338 eo
1832 2300 1934 2338 modo
1953 2313 2022 2347 quo
2048 2315 2124 2349 pars

1246 2353 1466 2388 identificatur
1481 2354 1539 2387 suo
1551 2354 1616 2387 toti
1631 2378 1638 2386 .

1295 2414 1354 2450 24.
1380 2403 1462 2437 Dixi
1485 2403 1551 2446 jam
1572 2403 1683 2447 saepius
1709 2426 1721 2443 ,
1747 2407 1795 2437 Eo
1818 2404 1902 2438 modo
1922 2428 1934 2446 ,
1959 2415 2017 2447 quo
2037 2413 2120 2448 pars

1246 2454 1448 2496 identificatur
1468 2451 1522 2496 suo
1547 2459 1625 2494 toti,
1651 2455 1708 2488 &a
1735 2453 1823 2499 Qia
1846 2466 1913 2488 non
1930 2455 2034 2488 solum
2047 2466 2122 2497 pam

1246 2504 1470 2539 identificatur
1486 2503 1686 2547 inadaequate
1714 2504 1772 2536 suo
1784 2504 1869 2544 toti,
1890 2504 1943 2537 sed
1959 2503 2057 2537 etiam
2072 2503 2122 2537 vi-

1245 2566 1283 2589 ce
1316 2554 1401 2588 versa
1431 2563 1539 2588 totum
1568 2552 1789 2587 identificatur
1823 2552 2031 2596 inadaequate
2056 2554 2123 2587 sua>

1246 2604 1328 2649 parti
1350 2628 1358 2636 .
1398 2603 1498 2637 Verb.
1522 2612 1602 2647 grat.
1626 2613 1694 2636 non
1718 2612 1846 2636 tantum
1867 2603 1976 2636 anima
2006 2600 2120 2636 homi-

1246 2654 1280 2689 ni
1300 2677 1313 2694 ‚
1347 2652 1401 2688 sed
1426 2653 1527 2687 etiam
1550 2650 1654 2686 homo
1675 2651 1789 2685 animae
1812 2653 1873 2695 ίιικι
1898 2651 2121 2686 identificatur

1246 2717 1259 2739 r
1279 2705 1373 2738 aliter
1391 2700 1613 2746 inadaequate.
1640 2701 1861 2736 Identificatio
1883 2701 1973 2736 enim
1998 2702 2042 2736 est
2066 2713 2123 2736 ree

1244 2715 1349 2795 Cti03
1377 2753 1427 2787 vel
1450 2752 1538 2797 quali
1564 2751 1680 2786 relatio
1705 2751 1853 2795 quasdam
1871 2751 2117 2796 aequipamndae,

1245 2815 1312 2849 quae
1335 2801 1474 2847 proinde
1489 2802 1630 2845 ejusdem
1651 2802 1809 2843 rationis,
1835 2802 2042 2846 ejusdemque
2059 2813 2121 2836 no-

1245 2852 1398 2888 minisest
1415 2853 1449 2887 in
1464 2862 1603 2894 utroque
1612 2861 1773 2886 extremo.
1814 2851 1902 2886 Cum
1915 2863 1996 2898 ergo
2015 2852 2094 2887 dieo
2105 2876 2119 2893 ,

1244 2905 1284 2939 ad
1311 2902 1519 2948 praedicatum
1547 2903 1759 2937 necessarium
1782 2902 1945 2943 sufficere,
1967 2911 2003 2937 ut
2023 2900 2121 2937 habe-

1244 2965 1276 2989 at
1305 2954 1520 2999 significatum
1556 2954 1696 2987 formale
1723 2951 1962 2986 identificatum
1993 2954 2050 2986 suo
2070 2953 2120 2985 su-

1246 3005 1352 3049 bjesto
1375 3001 1574 3047 inadaequate
1586 3026 1598 3043 ,
1629 3002 1693 3037 hoc
1714 3002 1816 3045 accipi
1837 3002 1871 3036 ἀ
1891 3000 2036 3045 intelligi
2047 3011 2116 3034 non

1246 3054 1351 3099 potest
1379 3054 1420 3088 de
1447 3052 1711 3087 identificatione
1734 3051 1935 3095 inadaequata
1949 3075 1959 3092 ‚
1984 3062 2047 3094 qua
2066 3061 2117 3085 to-

1244 3115 1316 3140 tum
1345 3104 1565 3139 identificatur
1603 3102 1786 3147 partus&
1811 3102 1852 3135 de
1863 3102 1943 3142 illa,
1968 3112 2030 3145 qua
2046 3111 2118 3144 pars

1246 3154 1463 3190 identificatur
1489 3154 1581 3189 toti.
1618 3153 1692 3188 Sive
1724 3151 1940 3197 significatum
1979 3151 2116 3185 formale

1246 3204 1403 3249 predicari
1430 3204 1602 3238 necessarii
1628 3215 1696 3238 non
1724 3201 1825 3246 potest
1853 3203 1920 3235 esse
1946 3212 2053 3235 totum
2067 3201 2118 3235 sui

1247 3255 1375 3298 subjecti
1402 3267 1412 3298 ς
1448 3255 1503 3288 sed
1528 3254 1626 3288 debet
1651 3254 1715 3288 esse
1739 3262 1809 3294 pars
1836 3251 1967 3295 subjecti
1991 3276 1999 3285 .
2026 3255 2116 3284 Ratio

1245 3305 1286 3344 estv
1303 3307 1400 3338 clara:
1427 3304 1517 3351 Qia
1540 3328 1551 3345 ,
1578 3304 1601 3338 si
1624 3303 1696 3338 talis
1718 3300 1934 3337 identificatio
1961 3301 2116 3335 sufficeret

1246 3355 1286 3389 ad
1316 3355 1516 3398 predicatum
1547 3352 1757 3389 necessarium
1777 3377 1789 3392 ‚
1817 3352 1881 3396 jam
1907 3351 1989 3385 homo
2015 3351 2116 3392 respe-

1246 3406 1298 3439 ἂν
1325 3405 1495 3439 rationalis
1519 3429 1530 3445 ,
1547 3404 1632 3444 ,item
1658 3403 1794 3446 respet‘Ju
1821 3401 2003 3441 materiati,
2028 3400 2060 3433 &
2086 3410 2117 3433 a·

1249 3456 1364 3491 nimati
1391 3454 1474 3488 foret
1502 3454 1701 3496 predicatum
1731 3453 1967 3487 necessarium:
2015 3447 2114 3483 habet

1248 3506 1337 3543 enim
1363 3504 1581 3551 fignificatum
1606 3502 1742 3541 formale
1762 3502 1833 3539 istis
1854 3498 2118 3557 subiestisinadxeg

1996 3558 2096 3598 quate
