2384 3770
695 82 797 142 Dr.
819 97 965 140 SuPP.
1004 94 1133 138 COP.
1174 93 1275 137 Seu
1313 92 1585 136 DISTMB.

272 186 366 220 Hinc
388 183 623 220 distribuuntur
644 181 781 224 subjecta
805 178 929 213 ‘harum
950 175 1150 222 propositio-—

1945 109 2035 154 233

1198 174 1288 220 atqui
1309 173 1342 208 in
1365 173 1453 207 hisce
1479 174 1763 217 praedicarionibus
1775 177 1992 222 significatum
2010 182 2074 215 for-

275 248 354 270 num
368 259 379 276 ,
407 238 495 268 Homo
515 233 551 274 est
563 233 696 273 animal,
721 223 803 264 homi
812 229 851 268 εβ
862 225 980 269 rlfi‘bilts
995 249 1005 265 ‚
1033 225 1138 268 rifibile
1201 226 1283 260 male
1305 223 1490 269 praedicati,
1519 224 1596 257 licet
1610 237 1676 259 non
1690 228 1821 270 quadret
1833 228 1985 263 omnibus
1999 231 2076 266 sub..

269 285 313 326 -est
323 291 454 325 vivens,
481 286 538 317 (ac.
554 283 622 317 Alii
644 281 788 326 regulam
799 286 983 322 proponunt
997 276 1061 309 hoc
1073 288 1142 311 mo-

273 337 338 369 do:
366 334 549 378 Subjestum
564 330 791 378 propositionis
802 327 982 361 indefinitae
996 327 1030 359 in
1041 337 1140 361 mate-

273 384 320 420 ria
346 385 518 419 doctrinali
538 408 549 424 ‚
570 393 625 417 aut
650 379 783 415 decisiva
805 378 960 411 versantis
972 376 1141 411 distribui-

270 445 343 470 tur.
371 436 433 470 Sed
456 436 490 468 in
513 445 546 468 re
563 433 608 467 est
628 427 871 464 omninoidem
885 440 896 460 .·
924 428 1013 461 Nam
1026 438 1142 470 propo-

272 485 345 520 sitio
366 486 401 520 in
424 484 556 519 materia
575 478 747 516 doctrinali
771 478 821 511 vel
849 476 988 511 decifiva
1015 478 1142 511 versans

273 536 387 570 eadem
399 534 493 579 plane
513 532 558 567 est
585 539 659 564 cum
691 527 911 572 propositione
939 527 1108 561 neceflaria
1127 551 1136 560 .

272 587 355 619 Dixi
380 611 391 626 ,
425 582 594 624 subjedum
616 580 688 613 talis
706 578 913 621 propositionis
933 576 1138 617 distribuitur:

274 636 364 681 Qia
381 644 450 667 non
473 631 677 665 distribuitur
689 629 756 671 ejus
767 629 973 672 praedicatum
989 639 998 669 ;
1025 628 1078 662 sed
1092 639 1140 661 ca·

272 687 358 728 pitur
368 683 545 717 disiunstim
558 705 568 720 ,
594 682 658 714 sive
671 679 824 713 confuse:
852 690 888 712 ut
903 677 1025 721 patebit
1035 689 1077 711 ex
1093 679 1138 711 in·

271 736 319 768 fra
341 732 507 767 dicendis.
536 731 619 765 Dixi
638 732 736 764 etiam
748 755 758 771 ,
786 729 953 769 subjeelum
969 727 1136 770 propositio·

272 789 321 817 nis
332 782 497 826 indefinitae
509 782 669 824 necessariae
682 804 693 821 ,
715 778 766 822 sim
779 785 811 812 in
822 783 946 812 materia
959 778 1114 820 neceffaria
1127 790 1134 809 :

272 833 362 882 Qia
381 833 558 876 subjeetum
581 829 812 875 propositionis
833 828 1012 862 indefinitas
1026 829 1059 861 in
1074 839 1139 862 ma-

272 886 351 918 teria
372 882 576 927 contingenti
590 881 632 925 (si
649 889 759 914 tamen
784 879 823 912 sir
840 878 1030 911 affirmativa
1051 902 1062 917 ,
1098 877 1139 911 de

269 933 433 978 negativis
450 932 539 968 enim
558 932 668 964 dicam
691 926 1138 970 statim)nondistribuitur;

271 980 325 1017 sed
341 984 503 1028 -accipitur
521 979 735 1015 determinate
771 1002 782 1018 ‚
809 979 862 1012 seu
883 978 1137 1020 particulariter3

262 1032 353 1067 =verb.
366 1043 443 1077 grat.
452 1031 566 1066 harum
587 1027 849 1074 propositionum
863 1027 1004 1070 subjesta
1020 1052 1030 1068 ,
1050 1030 1140 1060 Homo

268 1083 306 1124 est
317 1083 420 1124 albus,
450 1082 531 1116 bomo
541 1086 654 1119 currit,
680 1078 765 1112 homo
787 1078 825 1118 est
830 1082 862 1124 J
865 1077 962 1119 ustus,
989 1079 1045 1112 &a
1060 1079 1138 1121 Sup-

270 1144 462 1176 ponuntur,
487 1144 556 1167 non
569 1129 772 1175 copulative,
797 1128 852 1163 sed
865 1126 1077 1168 disiunfflve5
1103 1137 1138 1161 ut

269 1185 379 1218 statim
389 1185 515 1217 dicam.

322 1244 351 1279 9.
378 1237 467 1266 Ratio
489 1234 595 1276 regulae
615 1229 669 1270 est:
700 1230 788 1276 Qia
802 1254 811 1269 ,
840 1238 876 1263 ut
890 1230 982 1273 supra
1003 1227 1137 1273 disp.14.

268 1282 373 1319 dub.2.
397 1282 468 1316 dixi
493 1308 506 1324 ,
537 1281 710 1323 subjectum
734 1279 961 1323 propositionis
987 1280 1137 1322 supponi-

263 1342 321 1366 tur
343 1343 402 1375 pro
426 1332 491 1366 illis
513 1331 575 1365 suis
585 1329 790 1375 significatis,
819 1329 937 1372 quibus
958 1329 1094 1373 quadrat
1106 1327 1139 1360 si-

267 1382 461 1426 gnificatum
485 1381 618 1415 formale
646 1380 807 1424 praedicati
828 1392 842 1422 ;
883 1379 1139 1423 supponiturque

267 1442 327 1475 pro
337 1432 399 1466 illis
410 1443 450 1466 eo
463 1432 565 1466 modo
586 1430 817 1465 enumerandis
829 1452 839 1468 ,
863 1441 931 1472 q’uo
942 1431 990 1462 eis
1003 1428 1136 1471 quadrat

266 1480 355 1515 idem
377 1482 518 1525 ejusdem
545 1480 705 1524 praedicati
725 1478 963 1523 significatum:
990 1477 1079 1521 atqui
1103 1478 1136 1511 in

265 1532 494 1574 praedicatione
506 1529 675 1565 necessaria
686 1527 857 1562 indefinita
869 1552 880 1568 ‚
908 1526 994 1561 verb.
1006 1538 1086 1571 grat.
1103 1528 1135 1562 in

264 1578 336 1622 his,
365 1583 454 1615 Homo
473 1580 512 1621 est
531 1579 646 1614 animal
657 1604 670 1621 ,
692 1578 775 1611 bomo
793 1577 832 1618 est
853 1576 970 1620 rifibilis
982 1602 992 1618 ‚
1018 1577 1137 1623 signifi-

264 1641 376 1665 catum
397 1631 533 1666 formale
557 1629 720 1675 praedicati
743 1628 879 1671 quadrat
891 1627 1138 1662 omnibusinfe·

265 1681 407 1715 rioribus
429 1681 559 1725 subit-sti
580 1678 766 1724 copulative
784 1677 1021 1711 enumerandi.
1047 1678 1138 1723 Ergo

264 1730 442 1774 subjeflum
465 1730 550 1766 istud
569 1730 762 1774 supponitur
774 1739 831 1772 pro
846 1727 912 1762 illis
923 1726 1078 1761 omnibus
1094 1729 1137 1761 ita

263 1781 492 1815 enumerandis
514 1792 522 1813 :
549 1782 697 1823 adeoque
721 1777 912 1822 supponitur
932 1778 1137 1821 copulative.

263 1831 415 1865 Probatur
425 1836 539 1864 minor:
569 1830 750 1877 Qiarunc
763 1829 979 1873 significatum
1002 1828 1138 1862 formale

262 1881 424 1926 praedicati
437 1883 594 1915 convenit
607 1879 762 1914 omnibus
772 1877 903 1920 subjecti
929 1877 1137 1912 inferioribus

262 1931 449 1973 copulative
466 1930 712 1967 enumerandis,
737 1929 871 1970 quando
894 1927 1051 1962 convenit
1061 1939 1137 1960 om-

265 1980 364 2013 nibus
384 1980 418 2013 δι
438 1980 569 2023 singulis
593 1979 761 2011 seorsim&
775 1977 901 2009 divisim
914 1975 1066 2018 sumptis:
1093 1986 1136 2010 at·

265 2028 322 2072 qui
343 2030 375 2062 in
392 2028 457 2062 istis
479 2026 765 2072 praedicationibus
777 2026 993 2070 significatum
1010 2026 1133 2058 forma-

263 2079 295 2113 le
316 2078 477 2121 praedicati
501 2077 659 2111 convenit
670 2076 825 2110 omnibus
839 2077 872 2108 ἀ
885 2074 1021 2118 singulis
1034 2074 1134 2115 subje-

262 2128 305 2161 ‘sti
324 2126 532 2160 inferioribus
551 2125 678 2158 divisim
701 2125 735 2156 ὅ(
758 2124 886 2154 seorsim
913 2123 1069 2163 sumptis:
1097 2133 1132 2155 ut

260 2176 358 2212 facile
374 2175 496 2219 patebit
516 2173 754 2209 consideranti.
786 2171 873 2215 Ergo
893 2171 1048 2204 convenit
1063 2183 1130 2206 om-

260 2226 359 2261 nibus
370 2226 500 2269 subjecti
522 2221 730 2257 inferioribus
738 2220 923 2263 copulative
936 2233 1131 2256 enumeran-

261 2277 332 2310 dis:
354 2276 502 2315 adeoque
512 2273 684 2315 subjeetum
698 2270 782 2303 istud
805 2269 1026 2302 distribuitur.

315 2334 366 2361 10·
398 2324 446 2356 Ex
460 2333 525 2366 quo
546 2324 644 2355 etiam
660 2329 745 2363 patet
758 2319 840 2352 ratio
852 2341 862 2356 ,
888 2328 946 2351 cur
956 2317 1130 2359 subjeetum

262 2374 493 2421 propositionis
513 2371 714 2406 affirmativas
742 2366 922 2401 indefinitae
947 2368 981 2400 in
1001 2368 1130 2400 materia

261 2423 473 2469 contingenti
491 2434 558 2456 non
580 2418 812 2459 distribuatur,
842 2428 946 2461 neque
971 2418 1130 2460 suppona-

260 2485 313 2510 tur
323 2472 528 2517 copulative,
555 2471 608 2505 sed
632 2466 1129 2512 particulariter&disiunstrve3

259 2523 346 2559 verb.
359 2533 405 2566 gr.
420 2522 534 2556 harum
559 2519 829 2564 praedicationum
842 2517 982 2560 subjesta
1000 2541 1011 2557 ,
1040 2521 1130 2549 Homo

258 2575 296 2615 est
319 2573 419 2607 doelus
444 2596 455 2613 ,
482 2571 565 2604 homo
586 2570 723 2604 ambulat
746 2593 756 2608 ‚
784 2566 940 2610 disputat,
965 2569 1020 2601 &a
1048 2568 1127 2600 acci-

257 2626 391 2669 piuntur
403 2634 467 2655 non
480 2620 666 2663 copulative
677 2644 686 2659 ,
717 2617 769 2652 sed
780 2616 986 2652 disiunssrve.
1015 2620 1106 2650 Ratio
1121 2641 1129 2656 ,

257 2682 404 2716 inquam,
429 2670 493 2710 est:
523 2670 613 2715 Qia
637 2670 668 2701 in
695 2669 761 2702 istis
786 2666 1067 2710 praedicationibus
1094 2667 1123 2699 fi-

258 2725 452 2769 gnificatum
465 2719 603 2754 formale
625 2718 784 2761 praedicati
799 2728 864 2750 non
878 2717 1011 2761 quadrat
1023 2719 1128 2751 omni-

258 2773 363 2809 bus&
377 2772 510 2816 singulis
530 2767 663 2812 subjesti
684 2766 888 2801 inferioribus
903 2766 1115 2801 seorsim&di

258 2824 349 2858 visim
378 2821 543 2864 sumptis;
576 2829 613 2853 ut
647 2818 779 2861 planum
815 2816 860 2849 est
887 2816 1125 2850 consideranti:

257 2874 354 2908 multi
377 2873 466 2906 enirn
480 2873 552 2905 sunt
563 2868 716 2904 homines
728 2891 738 2907 ,
765 2867 884 2910 quibus
896 2877 1001 2910 neque
1011 2865 1126 2900 doari-

258 2936 324 2964 na,
350 2934 457 2967 neque
478 2920 681 2959 ambulatio,
709 2929 813 2962 neque
833 2916 1012 2959 disputatio
1026 2916 1125 2949 inest:

1198 276 1270 320 jeai
1298 273 1508 308 inferioribus
1544 274 1730 316 copulative
1752 282 1971 320 enumeratis,
1998 293 2076 325 qua·

1199 325 1270 359 drat
1302 334 1409 357 tamen
1448 324 1604 357 omnibus
1635 325 1824 361 disiunc‘iive
1844 319 2067 365 enumeratis}

1199 386 1275 419 ergo
1297 374 1472 417 subjetstum
1489 376 1680 416 supponitur
1709 387 1765 417 pro
1782 380 1934 413 omnibus
1946 382 2006 414 suis
2023 382 2072 414 in⁵¹

1199 423 1370 460 ferioribus
1381 424 1568 458 disiunstive
1582 426 1809 459 enumerandis
1824 451 1831 458 .
1860 430 2004 463 Probatur
2016 436 2069 463 ml-

1199 486 1251 509 nor
1275 487 1282 506 :
1316 475 1406 523 Qia
1434 484 1468 508 ut
1504 475 1722 518 significatum
1751 476 1888 510 formale
1911 479 2070 521 praedicati

1198 525 1373 560 conveniat
1396 525 1550 560 omnibus
1576 524 1783 559 inferioribus
1807 526 2071 568 subjeffidifiun-

1199 577 1301 614 (sive,
1332 586 1397 608 non
1412 576 1608 618 requiritur,
1635 575 2004 617 utquadretomnibus,
2032 592 2069 614 ac

1199 626 1331 669 singulis
1354 626 1502 665 seorsim,
1530 637 1568 659 ac
1589 625 1714 659 divisim
1739 626 1891 669 sumpti83
1923 627 1975 660 sed
2000 627 2072 661 satis

1199 675 1266 715 est,
1294 687 1331 709 ut
1354 676 1531 710 conveniat
1553 676 1610 708 uni
1635 687 1747 709 eorum
1770 677 1897 709 seorsim
1922 678 2073 720 sumpto.-

1200 727 1275 768 quia
1288 738 1322 760 ut
1336 724 1434 760 habet
1448 725 1559 770 regula
1571 725 1606 767 Ju
1613 725 1652 758 ris
1676 727 1707 758 in
1723 727 1753 760 6.
1771 730 1807 771 la
1820 727 2014 760 alternativis
2024 729 2074 761 dr·

1199 776 1302 809 biteris
1321 775 1358 816 est
1385 776 1482 809 elec‘lio
1506 801 1517 817 ‚
1554 777 1587 809 (tr
1606 774 1713 818 sufficit
1739 777 1866 810 alterum
1891 777 2071 819 adimplerl.

1202 826 1304 868 Atqui
1325 825 1360 859 in
1384 825 1478 859 diesis
1500 821 1777 870 propositionibus
1796 827 1934 861 formale
1960 828 2072 870 praedi'-

1199 877 1261 910 cati
1274 876 1514 919 significatum,
1544 877 1621 909 licet
1648 888 1714 910 non
1728 877 2071 920 quadretomnibus&

1199 926 1330 970 singulis
1351 926 1482 968 subjecti
1518 926 1725 960 inferioribus
1747 928 1876 961 seorsim
1901 927 2037 971 sumptis
2062 952 2073 968 ,

1199 976 1334 1019 quadrat
1355 987 1463 1009 tamen
1493 977 1776 1019 aliquibuseorum
1802 979 1949 1018 seorsim,
1979 989 2016 1012 ac
2028 978 2077 1011 di·

1200 1027 1290 1059 visim
1315 1026 1473 1069 sumptis.-
1501 1038 1535 1059 ut
1559 1038 1644 1070 patet
1667 1028 1903 1061 consideranti.
1934 1028 2075 1072 Ergoli-

1199 1086 1251 1110 cet
1274 1087 1341 1109 non
1361 1076 1496 1119 quadret
1521 1077 1676 1111 omnibus
1710 1076 1839 1120 subjecti
1866 1077 2076 1112 inferioribus

1200 1126 1386 1169 copulative
1410 1125 1635 1160 enumerandis
1659 1151 1668 1166 ,
1707 1127 1839 1171 quadrat
1878 1138 1985 1161 tamen
2013 1128 2078 1161 illis

1199 1176 1350 1212 omnibus
1371 1176 1560 1209 disiunstive
1573 1176 1819 1211 enumerandis:
1846 1178 1994 1222 adeoque
2009 1178 2080 1212 sub·

1198 1227 1313 1270 jesium
1326 1226 1409 1260 istud
1423 1227 1615 1269 supponitur
1627 1226 1816 1261 difiunffive
1832 1251 1839 1259 .
1932 1222 1933 1225 ’

1254 1287 1308 1313 11-
1336 1278 1466 1311 secunda
1489 1279 1589 1320 regula
1609 1276 1702 1319 potest
1713 1277 1762 1320 effe
1775 1275 1856 1310 baec:
1884 1276 2081 1321 Utrumque

1197 1336 1380 1361 extremum
1393 1352 1403 1366 ,
1429 1336 1497 1361 tam
1512 1327 1635 1362 scilicet
1648 1329 1856 1370 praedicaturn
1873 1353 1883 1368 ,
1897 1339 1994 1371 quarn
2010 1327 2078 1362 sub-

1198 1377 1317 1419 jecium
1341 1378 1574 1421 cujuscumque
1595 1378 1834 1421 praedicationis
1858 1375 2080 1422 negativaein-

1197 1426 1337 1462 definitae
1356 1427 1580 1470 distribuitur3
1608 1428 1705 1469 idque
1726 1439 1835 1461 verum
1849 1428 1893 1461 est
1913 1430 1947 1461 in
1960 1427 2079 1470 quavis

1200 1479 1330 1512 materia
1357 1502 1368 1518 ‚
1409 1478 1472 1511 sive
1497 1477 1738 1521 contingenti,
1776 1478 1837 1511 sive
1878 1477 2081 1521 impossibili—

1199 1528 1311 1571 ltaque
1342 1528 1377 1561 in
1390 1527 1439 1560 his
1453 1527 1759 1569 praedicationibus,
1788 1533 1880 1562 Homo
1904 1538 1962 1560 non
1980 1526 2020 1567 est
2030 1526 2075 1559 a!-

1198 1578 1274 1617 bus,
1302 1576 1385 1609 homo
1402 1588 1459 1609 non
1480 1577 1518 1616 est
1539 1587 1629 1618 equus
1654 1601 1663 1615 ‚
1690 1575 1771 1607 homo
1799 1586 1853 1609 non
1879 1576 1915 1616 est
1938 1576 2070 1615 animal,

1199 1627 1335 1670 subjecta
1359 1626 1594 1660 distribuuntur
1619 1637 1684 1659 non
1701 1625 1830 1667 minus,
1858 1636 1955 1668 quarn
1973 1626 2082 1669 praedi-

1199 1687 1270 1711 cata
1282 1701 1289 1709 .
1321 1678 1373 1711 De
1385 1678 1565 1720 praedicatis
1573 1686 1652 1720 ergo
1667 1675 1763 1709 facile
1776 1676 1925 1710 concedo
1940 1699 1949 1706 -
1977 1675 2084 1711 Unde

1199 1729 1232 1760 in
1257 1725 1318 1761 hac
1342 1737 1429 1769 parte
1451 1727 1497 1760 est
1533 1725 1715 1760 differentia
1745 1727 1830 1760 inter
1871 1724 2081 1769 praedicatum

1199 1776 1427 1819 propositionis
1448 1777 1628 1820 negativae,
1656 1776 1689 1809 ὃ(
1716 1775 1919 1820 praedicatum
1942 1775 2080 1810 affirma·

1198 1827 1298 1860 tivae:
1327 1838 1402 1860 nam
1424 1827 1630 1870 praedicatum
1652 1838 1806 1871 negatum
1820 1825 1987 1869 semper&
2002 1825 2078 1859 ubi·

1197 1887 1262 1920 que
1281 1875 1483 1910 distribuitur
1514 1903 1523 1917 ‚
1554 1877 1760 1920 praedicatum
1787 1874 1861 1908 vero
1879 1875 2079 1910 affirmatum

1200 1938 1370 1968 nunquam
1392 1925 1607 1958 distribuitur.
1637 1924 1966 1969 Praedicatio‚quippe
1996 1927 2079 1960 affir-

1198 1975 1318 2008 mativa
1332 1999 1343 2013 ,
1369 1974 1389 2006 fi
1400 1974 1495 2008 fuerit
1509 1974 1678 2019 singularis
1691 1975 1742 2009 vel
1753 1977 1957 2019 particularis
1972 2000 1982 2015 ‚
2005 1988 2080 2019 prae-

1197 2024 1343 2058 dicatum
1353 2024 1509 2067 accipitur
1521 2024 1779 2067 particulariter3
1807 2025 1829 2058 si
1852 2026 1928 2059 vero
1943 2027 2078 2060 univer-

1198 2073 1270 2106 salis
1291 2075 1412 2112 fuerit,
1439 2074 1650 2115 predicatum
1670 2076 1830 2117 accipitur
1856 2075 2008 2109 confuse:
2039 2086 2076 2110 ut

1197 2121 1294 2155 facile
1315 2120 1436 2164 patebit
1456 2120 1673 2154 consideranti
1703 2146 1713 2161 ,
1749 2125 1782 2156 ὅ(
1804 2125 1954 2167 exempla
1982 2126 2080 2159 indu·

1196 2171 1281 2204 centi
1295 2193 1306 2209 ,
1330 2170 1362 2205 ἀ
1373 2182 1411 2204 ea
1424 2194 1437 2211 ,
1462 2181 1533 2215 quae
1546 2172 1579 2204 in
1593 2171 1727 2204 decursu
1741 2170 1837 2215 hujus
1847 2174 1925 2216 disp.
1938 2174 2047 2208 dicam
2061 2199 2072 2214 ‚

1195 2220 1392 2263 expendenti
1414 2245 1421 2252 .
1460 2220 1562 2267 Qiod
1586 2231 1665 2264 ergo
1691 2222 1893 2263 praedicarum
1919 2235 2075 2268 negatum

1196 2271 1318 2312 semper
1339 2270 1372 2302 &
1393 2269 1517 2312 ubique
1539 2270 1764 2303 distribuatur.
1794 2274 1943 2305 Probatur
1955 2274 2005 2307 boc
2016 2286 2075 2307 mo·

1194 2320 1256 2350 do.-
1282 2319 1371 2364 Qia
1394 2319 1530 2361 negatio
1551 2316 1647 2351 habet
1673 2318 1740 2351 virn
1764 2320 1975 2355 distribuendi
1997 2335 2074 2358 om·-

1195 2379 1268 2401 nem
1292 2368 1469 2401 terminum
1483 2369 1514 2401 se
1541 2368 1748 2410 sequentem:
1778 2370 1866 2411 atqui
1892 2371 1925 2404 in
1948 2373 2073 2416 negati-

1196 2429 1231 2450 va
1255 2418 1477 2460 propositione
1503 2418 1711 2461 praedicatum
1742 2418 1866 2462 semper
1887 2420 1932 2454 est
1955 2423 2071 2455 termi-

1194 2478 1254 2501 nus
1277 2468 1485 2512 negationem
1499 2469 1725 2511 consequens:
1751 2480 1830 2513 ergo
1852 2469 1937 2504 istud
1951 2470 2064 2513 praedi-

1191 2528 1298 2551 catum
1325 2518 1342 2551 a
1369 2517 1481 2560 praevia
1505 2517 1563 2551 sibi
1578 2519 1753 2562 negatione
1765 2520 1885 2563 semper
1906 2520 2068 2556 distribui·

1191 2579 1243 2601 tur
1261 2592 1271 2600 .
1298 2569 1437 2601 Deinde:
1465 2567 1625 2602 Distribui
1648 2567 1692 2602 est
1707 2580 1764 2611 pro
1775 2569 1930 2605 omnibus
1942 2572 2003 2605 suis
2018 2572 2067 2605 in-

1190 2618 1362 2652 ferioribus
1386 2617 1575 2661 copulative
1595 2620 1826 2653 enumerandis
1853 2621 1958 2665 accipi
1980 2635 1987 2654 :
2019 2633 2065 2656 at·

1189 2669 1244 2710 qui
1267 2669 1394 2708 forma,
1419 2678 1660 2711 quamcumque
1686 2669 1825 2703 volueris
1842 2695 1852 2710 ‚
1879 2671 2066 2715 negativam

1190 2718 1447 2761 propositionem
1463 2717 1634 2760 praedicato
1643 2720 1813 2752 communi
1835 2721 2038 2755 constantem
2052 2747 2064 2763 ,

1189 2769 1250 2801 sive
1262 2768 1503 2807 universalem,
1527 2768 1590 2801 sive
1612 2768 1825 2812 singularem,
1851 2769 1912 2803 sive
1927 2771 2065 2812 particu-

1190 2820 1309 2857 larem,
1337 2818 1400 2851 five
1413 2816 1637 2852 indefinitam:
1662 2818 1783 2863 semper
1808 2819 1942 2862 reperies
1955 2821 2064 2863 praedi-

1188 2879 1298 2902 catum
1318 2866 1384 2909 ejus
1395 2879 1453 2911 pro
1478 2867 1635 2902 omnibus
1656 2869 1719 2902 suis
1745 2869 1951 2903 inferioribus
1962 2881 2066 2913 copu-

1189 2918 1286 2951 lative
1304 2918 1532 2951 enumerandis
1545 2918 1670 2960 accipi.
1700 2919 1791 2964 Ergo
1813 2930 1911 2954 omne
1922 2919 2063 2954 omnino

259 2975 407 3016 adeoque
437 2972 615 3016 subjectum
648 2967 732 3003 istud
765 2979 832 3001 non
856 2966 1048 3009 supponitur
1068 2977 1126 3009 pro
1188 2967 1396 3011 praedicatum
1423 2976 1580 3013 negatum
1609 2969 1733 3013 semper
1759 2969 1793 3003 δε
1820 2969 1940 3014 ubique
1959 2969 2065 3004 distri-

259 3023 414 3059 omnibus
427 3022 491 3056 suis
513 3018 721 3056 inferioribus
731 3016 917 3061 copulative
936 3026 1126 3050 enumeran-

258 3073 328 3107 dis.
357 3074 399 3108 Et
421 3074 463 3107 sic
485 3084 552 3106 non
566 3070 759 3114 supponitur
769 3066 954 3110 copulative
968 3091 975 3098 .
1004 3067 1126 3109 Suppo-

258 3124 348 3157 nitur
367 3133 474 3157 tamen
496 3119 681 3156 disiunffive
701 3144 707 3151 .
735 3118 826 3165 Qia
844 3117 986 3160 supponi
1010 3116 1126 3149 disiun-

1190 3018 1341 3115 bugiiod
1364 3069 1462 3102 etiam
1497 3067 1669 3110 subjectum
1692 3070 1918 3112 propositionis
1940 3069 2063 3114 negati·

1188 3129 1231 3151 vae
1265 3118 1444 3152 indefinitae
1478 3119 1603 3161 semper
1630 3120 1663 3152 ὅ(
1687 3120 1810 3163 ubique
1831 3120 2063 3161 distribuatur,

258 3174 343 3207 &ive
363 3172 406 3206 est
426 3172 561 3216 supponi
583 3182 641 3215 pro
666 3169 820 3204 omnibus
841 3166 1122 3201 suisinferioribus
1186 3170 1324 3202 affirmat
1348 3168 1499 3211 Vasquez
1521 3171 1599 3200 Tom.
1615 3180 1644 3205 2-
1667 3171 1710 3202 ad
1739 3181 1764 3205 1.
1785 3179 1867 3212 part.
1892 3169 2061 3217 d1sp.157.

257 3222 449 3258 disiunetive
472 3221 718 3257 enumerandis:
738 3218 828 3262 atqui
842 3229 905 3250 vox
917 3216 998 3249 homo
1012 3216 1124 3250 inistis
1184 3227 1246 3260 cap.
1260 3228 1291 3263 3.
1315 3217 1529 3251 Covarruvias
1549 3221 1628 3249 Tom.
1645 3231 1675 3255 2·
1701 3226 1861 3253 variarum
1883 3222 1975 3257 lib.1.
1996 3229 2061 3262 cap.

256 3272 541 3316 praedicationibus
561 3273 605 3306 ita
617 3269 831 3315 supponitur.-
859 3277 959 3311 ergo,
984 3267 1123 3300 &c.Pro-

256 3323 344 3356 batur
358 3328 470 3356 minor:
499 3322 589 3368 Qia
611 3321 787 3363 subjectum
807 3316 1033 3362 propositionis
1055 3316 1121 3360 sup·

256 3374 390 3416 ponitur
413 3383 471 3416 pro
490 3373 553 3406 suis
575 3370 783 3405 inferioribus
809 3370 853 3402 ita
874 3365 1124 3407 enumerandis,

256 3430 292 3457 ut
314 3422 378 3458 illis
396 3422 531 3468 quadrat
558 3420 774 3466 significatum
797 3418 933 3454 formale
944 3415 1123 3461 praedicati:

1187 3278 1216 3314 3.
1244 3279 1366 3313 num.7-
1405 3267 1529 3311 aliique
1550 3269 1645 3302 multi
1664 3293 1671 3300 .
1704 3271 1754 3303 Ex
1780 3283 1845 3313 quo
1871 3270 2063 3306 fundamen-

1186 3329 1220 3350 ro
1243 3317 1341 3350 infert
1361 3317 1511 3360 Vasquez
1534 3315 1589 3351 has
1612 3319 1878 3362 praedicationes,
1914 3323 1992 3354 Deus
2006 3330 2065 3353 non

1180 3375 1311 3410 generat
1343 3391 1357 3407 ‚
1380 3369 1462 3400 Deus
1490 3379 1550 3400 non
1565 3379 1726 3412 generatur
1746 3395 1757 3411 ,
1783 3370 1845 3404 esse
1870 3371 1966 3404 falsas
1988 3394 1999 3410 ‚
2026 3381 2063 3404 ac

1189 3417 1356 3452 haereticas
1375 3430 1390 3451 .·
1428 3418 1505 3452 sunt
1525 3419 1647 3463 quippe
1665 3419 1857 3456 universales
1883 3422 2066 3466 negativae,

1935 3470 2015 3504 asii-
