2384 3770
309 132 388 177 AN
422 142 528 174 coo.
566 144 677 187 Quis
713 134 801 176 itus.
837 144 926 176 0131.
967 144 1095 175 sumt.
1131 142 1360 179 vomam.
1397 143 1532 192 roim:
1565 126 1665 179 sm
1700 130 1803 182 Vm.
1839 134 1922 182 sio}
1963 150 2052 184 121

275 210 467 246 eatior‘non'·
486 212 531 246 est
559 214 631 254 via,
657 215 840 258 transitus„
867 207 972 257 neque
999 213 1142 253 influxus

274 260 358 304 (igni
378 258 416 294 in
441 260 531 296 aliud
557 264 757 306 caussatum3
784 263 839 298 sed
865 263 911 297 est
938 261 1091 296 ultimum
1104 264 1144 296 fi-

274 308 334 354 gni
358 313 535 347 murratum
557 324 567 356 3
604 313 654 349 est
678 310 887 348 caussalitatis
914 311 1144 356 significativae

274 358 412 396 ultimus
438 363 553 405 limes,
579 375 617 399 ac
642 364 821 398 terminus:
848 364 928 406 ergo
944 362 1144 407 significatio

275 418 347 444 non
383 413 488 456 potest
515 414 695 458 comparari
721 424 797 447 cum
825 413 959 456 agentis⁴
991 413 1138 455 aetione3

276 458 334 494 std
370 474 446 498 cum
478 465 606 510 agentis
643 463 785 497 termino
811 462 990 506 comparari
1029 461 1141 497 debet.

278 510 428 547 Probatur
453 520 571 548 minore
597 512 707 557 quiasi
737 513 931 558 significatio
956 514 1086 548 aetuans
1099 513 1147 547 fo-

277 570 327 595 ret
353 565 518 606 transitus,
543 564 576 598 &
603 565 655 598 via
679 564 762 608 signi
788 565 823 598 in
850 563 940 597 aliud
953 564 1147 605 cauffatum3

277 610 361 647 illud
371 614 498 651 deberet
509 615 571 648 esse
581 613 818 659 significatum:
847 613 1044 658 fignificatio
1058 613 1147 648 enim

278 665 328 700 est
351 666 509 712 vianfigni
530 666 575 701 ‘ad
602 664 840 710 significatum.
863 665 967 708 Atqui
993 663 1150 710 fignifica-

279 725 349 749 tum
376 728 446 753 non
472 718 546 762 plus
572 716 731 751 caussatur
756 714 775 748 a
801 715 911 759 signo,
933 725 1031 758 quam
1060 713 1151 748 intel·

277 766 401 802 lectum
427 766 468 802 ab
494 767 678 809 intelle&u;
706 776 763 799 aut
791 765 895 798 visum
920 765 939 798 a
966 766 1063 807 visu;
1094 773 1150 798 aut

280 816 468 852 calefactum
493 818 652 853 caussetur
675 817 695 850 a
720 814 912 850 calefastivo
939 837 943 846 .
981 816 1073 863 Ergq
1087 825 1152 855 ‘ac-

279 866 583 914 tualisfignificatio
594 866 728 908 quidem
755 864 800 897 est
817 865 868 896 via
894 864 977 908 srgni
1007 862 1152 906 inaliud;

275 926 352 953 non
379 918 426 953 est
451 928 560 954 tamen
587 917 639 951 via
664 913 862 950 &influxus
889 913 969 958 signi
996 913 1032 948 in
1059 913 1151 948 aliud

278 967 484 1004 caussatmn.
506 971 647 1011 Oportet
673 976 753 1010 ergo
778 964 905 1008 lignum
935 974 1003 998 non
1021 974 1154 1006 eompa-

280 1027 366 1058 rare,
393 1030 469 1054 cum
480 1015 714 1057 calefactione,
740 1023 797 1048 aut
823 1012 973 1056 aetione3
1001 1013 1055 1048 sed
1074 1025 1151 1047 cum

281 1066 527 1110 intellectione,
553 1068 699 1106 visione,
723 1074 780 1098 aut
793 1063 987 1104 auditione,
1015 1074 1083 1107 quae
1098 1075 1155 1107 po-

280 1119 462 1155 tentiarum
481 1120 618 1154 ‚suarum
643 1127 712 1151 non
739 1114 903 1158 affiones3
929 1114 982 1148 sed
1009 1115 1155 1154 tumim,

284 1169 528 1212 effefiussiive
552 1167 758 1211 operationes
784 1166 876 1199 sunt:
904 1165 943 1197 de
967 1165 1076 1207 quibus
1101 1164 1157 1198 alt·

284 1218 337 1253 bl.
360 1223 408 1254 Et
418 1216 700 1260 ranobprtoriest:
726 1214 803 1260 quia
829 1214 961 1248 effeetus
987 1215 1021 1249 ὅ(
1046 1214 1156 1249 termi-

274 1277 349 1303 nus
373 1271 501 1315 agentis
524 1267 571 1302 est
598 1266 630 1300 id
649 1289 660 1305 ‚
685 1265 776 1310 quod
803 1275 902 1308 agens
927 1264 997 1309 agit
1022 1276 1060 1299 ac
1088 1275 1156 1308 pro-

282 1317 398 1363 ducit3
421 1320 503 1354 aetio
529 1327 607 1351 vero
633 1316 678 1350 est
705 1315 738 1349 id
762 1337 774 1355 ,
808 1325 876 1358 quo
902 1325 1000 1359 agens
1026 1314 1095 1359 agit
1122 1315 1155 1349 &

281 1368 452 1413 producit:
479 1368 569 1412 atqui
596 1366 791 1411 significatio
812 1375 880 1398 non
908 1365 953 1398 est
980 1363 1015 1398 id
1037 1388 1048 1404 ,
1075 1376 1156 1412 quo,

282 1417 339 1453 sed
363 1420 453 1465 quod
478 1418 606 1465 lignum
627 1417 661 1450 in
690 1415 837 1460 potentia
862 1415 1087 1458 cognoscitiva
1110 1415 1156 1448 ul·

280 1469 399 1506 rimare
423 1470 493 1515 agit
517 1470 550 1503 δε
576 1466 747 1511 producit:
773 1475 853 1509 ergo
879 1463 925 1498 est
951 1463 1032 1508 ligni
1047 1464 1154 1499 termi-

276 1529 367 1562 ¹nus,
393 1532 463 1555 non
491 1528 565 1554 vero
589 1517 656 1564 ejus
682 1515 791 1550 aecio.

332 1581 388 1617 ις.
415 1573 504 1603 Dices
515 1569 634 1612 primo:
662 1566 790 1611 signum
809 1575 878 1600 non
901 1564 1021 1600 dicitur
1033 1565 1154 1611 fignifi-

279 1631 353 1656 care
399 1622 490 1655 suam
527 1616 800 1664 significationem
821 1627 831 1648 ·.
867 1615 922 1650 sed
951 1616 1144 1662 ‘significare

277 1670 605 1716 sualignificatione:
631 1668 708 1701 sicut
729 1666 818 1711 ignis
832 1676 900 1700 non
923 1665 1047 1701 dicitur
1071 1666 1153 1701 cale·

276 1721 383 1755 facere
394 1723 481 1755 suam
493 1718 740 1754 calefastionem
753 1729 763 1759 ;
777 1716 830 1750 sed
841 1716 1016 1751 calefacere
1028 1717 1084 1750 sua
1097 1726 1152 1751 ca-

274 1770 453 1806 lefactione
464 1783 470 1803 :
483 1781 562 1815 ergo
573 1767 768 1813 significatio
782 1777 851 1801 non
862 1776 938 1800 cum
950 1767 1078 1811 agentis
1091 1777 1150 1800 ter-

273 1822 394 1863 mino;
421 1821 472 1855 sed
481 1831 556 1854 cum
567 1816 693 1864 agentis
707 1817 836 1850 actione
847 1840 858 1856 ,
885 1828 922 1850 ac
937 1817 1150 1851 calefastione

274 1870 560 1915 compararidebet
571 1894 579 1901 .
609 1867 758 1902 Probatur
769 1865 880 1910 conseq.
899 1868 976 1909 quia
989 1866 1022 1901 id
1034 1892 1044 1908 ,
1057 1867 1148 1911 quod

275 1932 354 1954 cum
376 1921 473 1954 verbo
492 1921 595 1953 astivo
617 1917 815 1952 construitur
836 1917 872 1949 in
895 1917 970 1950 casu
990 1916 1149 1955 ablativo,

276 1970 406 2003 nonest
427 1969 556 2014 agentis
575 1967 754 2007 terminus;
774 1962 827 1997 sed
851 1965 957 1998 astio:
988 1966 1148 1999 terminus

276 2018 368 2054 enim
387 2018 422 2052 in
433 2019 508 2053 casu
526 2016 711 2051 accusativo
723 2014 868 2062 construi
895 2013 1009 2048 debet.
1040 2015 1147 2059 Atqui

271 2067 431 2110 'verbum3
446 2066 595 2111 fignifico,
619 2064 666 2099 est
685 2064 819 2098 verbum
838 2063 994 2097 factivum
1022 2088 1033 2104 ‚
1060 2065 1096 2098 δε
1110 2064 1147 2106 fi-

267 2116 425 2161 gnificatio
443 2115 640 2151 construitur
661 2122 736 2147 cum
758 2112 817 2145 illo
842 2123 911 2145 non
935 2113 972 2146 in
989 2114 1148 2147 accusati-

271 2178 340 2210 vo;
366 2166 418 2202 sed
445 2166 481 2200 in
501 2163 665 2200 ablativo:
686 2173 767 2207 ergo
787 2160 983 2205 significatio
1007 2173 1075 2196 non
1099 2162 1143 2196 est

267 2216 356 2263 figni
381 2217 559 2257 terminus;
584 2213 637 2247 sed
657 2213 762 2246 actio.
787 2213 878 2244 Patet
910 2213 1009 2252 major
1028 2225 1040 2245 .-
1067 2213 1144 2256 quia

267 2265 514 2302 aestedieimus:
528 2268 608 2297 Deus
618 2271 698 2295 creat
708 2267 853 2295 creatione
865 2262 1028 2308 mundum.
1049 2264 1142 2295 Pater

269 2325 391 2362 generat
397 2319 588 2358 generatione
594 2312 709 2355 filium.
732 2313 829 2354 Agens
844 2315 909 2354 agit
934 2310 1143 2354 ac'llonesuum

269 2371 444 2404 terminum,
454 2362 589 2399 ἀνι-,ΠΜ
601 2363 723 2404 semper
734 2370 812 2394 cum
824 2359 923 2394 verbo
937 2361 1044 2394 astivo
1057 2361 1143 2396 actio

270 2415 308 2449 in
319 2417 394 2450 casu
413 2413 576 2455 ablativo;
603 2409 760 2445 terminus
782 2408 867 2443 vero
882 2409 1081 2444 construitur
1105 2411 1140 2446 in

271 2467 349 2500 casu
372 2464 561 2500 accusativo
583 2488 590 2495 .
619 2461 685 2495 Pro
705 2459 910 2496 resolutione
931 2458 1028 2504 hujus
1048 2471 1142 2506 argu-

272 2515 379 2551 menti

323 2566 379 2604 16.
396 2567 545 2600 Adverte:
576 2563 670 2597 verba
680 2560 782 2596 astiva
803 2561 866 2596 effe
886 2560 1028 2604 duplicis
1042 2562 1140 2607 figni-

266 2616 434 2651 ficationis
446 2613 619 2661 .Qaedam
631 2614 718 2647 enim
729 2611 911 2657 significant
923 2612 1029 2646 solum
1038 2614 1140 2657 egres·

268 2667 340 2700 sum
359 2666 491 2699 termini
503 2665 588 2698 asuo
604 2673 738 2706 agente.
763 2662 864 2697 Talia
877 2663 950 2696 sunt
966 2661 1034 2696 haec
1049 2676 1061 2697 .·
1072 2675 1135 2707 ago,

266 2726 352 2757 ereo,
369 2716 515 2757 produco,
533 2723 666 2757 genero,
682 2710 783 2753 (piro,
797 2713 854 2746 δι·-
880 2712 925 2746 Et
945 2711 979 2745 in
1007 2710 1058 2746 his
1084 2724 1136 2746 ve-

266 2777 341 2800 rum
360 2766 424 2804 est,
450 2763 539 2808 quod
550 2761 767 2796 astioincasu
788 2761 951 2804 ablativ0;
975 2762 1135 2796 terminus

265 2816 344 2850 vero
375 2815 499 2857 semper
527 2815 563 2848 in
591 2812 664 2846 casu
694 2810 880 2845 accusativo
902 2811 1033 2845 debeat‘
1056 2824 1133 2847 cum

265 2866 331 2900 illis
362 2864 506 2900 construi
534 2889 543 2899 .
593 2861 686 2896 Male
717 2861 807 2896 enim
851 2860 972 2894 diceres
1001 2873 1013 2894 ·.
1051 2865 1134 2896 Deus

262 2924 347 2950 creat
368 2924 507 2950 creatura
519 2939 526 2946 .
553 2917 647 2947 Pater
653 2919 780 2957 generat
787 2908 835 2956 suo
842 2909 905 2952 filio
918 2934 928 2949 ,
951 2911 1006 2944 &a
1033 2912 1087 2947 se'd
1098 2924 1132 2947 o.

260 2976 370 3009 portet
377 2966 484 3000 dicere
495 2978 506 2998 .-
520 2967 601 2998 Deus
612 2971 694 2996 creat
702 2970 883 3000 creaturam,
898 2963 989 2994 Pater
1006 2972 1132 3005 generat

259 3017 357 3059 filium
369 3041 376 3048 .
403 3016 562 3063 Qaedam
573 3013 648 3048 vero
661 3012 757 3047 verba
768 3011 867 3045 activa
892 3021 1001 3053 praeter
1021 3015 1130 3056 egres-

261 3067 330 3099 sum
351 3066 512 3100 terminia
524 3066 584 3099 suo
595 3073 713 3108 agente
734 3064 746 3104 (
752 3060 780 3103 fi
786 3070 886 3094 tamen
898 3059 976 3093 bunc
991 3064 1129 3104 egreffum

253 3115 419 3160 fignificent
429 3116 441 3158 )
450 3117 551 3150 etiam
562 3114 744 3159 significant
757 3111 888 3160 termini
899 3111 946 3144 sui
969 3111 1130 3146 tendenti-

258 3176 311 3200 am
330 3167 364 3199 in
377 3165 510 3208 aliquod
523 3165 698 3208 subjeEtum
710 3187 720 3203 ,
746 3161 797 3195 vel
809 3159 972 3201 objectam
984 3185 994 3202 ,
1019 3162 1072 3196 cui
1084 3164 1127 3197 ef-

255 3217 378 3251 fectum
398 3215 672 3251 suumformalem
685 3212 816 3247 tribuit.
843 3210 946 3244 Talia
957 3212 1050 3246 suut:
1078 3223 1124 3246 ca·

257 3266 363 3307 lesam
370 3265 545 3308 ,frigefaclo
556 3290 565 3306 ,
578 3264 683 3298 dealbo
693 3289 703 3304 ,
714 3262 847 3304 intelligo
858 3282 869 3299 ,
892 3261 979 3294 video
989 3285 999 3301 ,
1010 3264 1100 3295 audio
1111 3287 1120 3301 ‚

250 3315 399 3361 fignffim,
421 3315 548 3360 aliaque
567 3325 664 3359 quam
685 3312 823 3357 plurima
835 3336 849 3356 ,Ι
869 3310 1021 3354 calefacio
1032 3314 1120 3347 enim

255 3377 324 3399 non
336 3365 496 3411 signifieat
507 3364 634 3400 nudum
645 3363 804 3409 egressum
820 3360 938 3394 caloris
956 3361 998 3396 ab
1020 3362 1118 3408 igne3

253 3416 308 3449 sed
320 3416 446 3459 insuper
455 3415 614 3460 fignificat
624 3412 827 3449 tendentiam
839 3422 876 3445 ac
899 3411 1119 3454 receptionem

251 3466 370 3502 caloris
381 3466 413 3498 in
429 3467 549 3508 passum
561 3490 572 3506 ‚
583 3462 672 3509 quod
684 3467 717 3497 in
725 3471 842 3508 genere
853 3460 965 3496 cauli'ae
976 3462 1120 3498 formalis

301 3524 306 3529 '
352 3514 460 3555 christ.
470 3516 550 3559 Lupi
559 3520 657 3559 opera
667 3517 746 3548 Tom.
758 3515 790 3545 X
792 3515 829 3544 Π-

1226 212 1369 248 calidum
1382 210 1495 246 reddat
1509 223 1515 243 :
1543 210 1717 247 calefacere
1725 217 1813 251 enim
1826 217 1871 252 est
1884 216 1992 259 idem,
2004 217 2103 263 quod

1227 265 1329 298 facere
1339 261 1503 296 calidum.
1526 260 1614 305 Jdest
1624 285 1636 302 ,
1661 262 1696 295 in
1710 263 1848 308 subjecto
1864 279 1988 311 ponere
2007 269 2100 305 calm·

1227 324 1316 353 rem,
1341 311 1633 355 quiipsumreddat
1646 312 1809 350 calidum,
1835 317 1992 354 Similiter
2011 344 2024 361 ,
2049 324 2096 354 in·

1226 364 1345 406 rellego,
1369 373 1437 396 non
1460 362 1618 406 significat
1631 361 1758 396 nudum
1782 368 1944 409 egressum
1966 369 2102 404 intelle*-

1227 412 1345 447 aionis
1354 411 1396 446 ab
1407 412 1573 446 intellectu
1585 424 1600 453 ;
1626 409 1679 445 sed
1698 421 1808 455 praeter
1826 412 1914 451 hunc
1924 420 2089 463 egressum

1226 462 1386 507 significat
1408 462 1507 496 etiam
1526 461 1739 496 direciionem
1753 462 1846 502 ,five
1867 466 2091 512 tendendam,

1225 521 1282 547 aut
1297 512 1515 546 versationem
1527 518 1628 554 (vora
1633 519 1725 554 prout
1735 512 1838 554 lubet)
1856 512 2096 562 intellefiionis·

1223 562 1308 596 circa
1328 562 1487 606 objectum
1496 562 1653 606 aliquod,
1674 562 1764 606 quod
1778 563 1890 598 reddat
1916 566 1978 599 effe
1999 566 2092 602 intel·

1223 612 1341 646 lectum
1353 637 1364 653 ,
1389 613 1454 647 five
1465 613 1606 658 intelligi
1620 626 1631 646 .-
1653 612 1839 658 intelligere
1850 614 1971 659 quippe
1984 615 2029 650 est
2039 617 2093 652 vel

1223 663 1419 705 producere,
1442 662 1671 698 veihaberein
1694 662 2015 709 seintelleffionem‚
2036 676 2092 709 per

1222 723 1318 756 quam
1330 713 1465 758 aliquod
1477 712 1645 756 objectum
1669 712 1873 759 intelligatur
1885 740 1892 747 .
1919 714 2001 749 Item
2025 727 2095 750 ver-

1223 762 1430 807 bumJthnifieo
1442 775 1510 797 non
1524 764 1679 806 importat
1693 764 1799 798 solum
1814 765 1978 810 egressum
1999 766 2097 811 figni-

1221 812 1386 850 ficationis
1399 814 1418 847 a
1441 813 1556 858 figno;
1578 813 1631 847 sed
1650 813 1779 858 insuper
1793 815 2003 850 tendentiam
2015 825 2093 857 ,aut

1222 864 1437 898 versationem
1458 863 1710 908 significationis
1728 865 1815 899 circa
1837 866 1981 910 aliquam
2003 876 2071 900 rem
2086 888 2098 906 ,

1221 925 1291 957 quae
1304 914 1463 957 perillam
1485 914 1708 959 significetur.
1735 915 1828 960 Ergo
1850 913 1917 950 haec
1938 917 2068 961 praefata
2082 941 2095 957 ‚

1220 964 1348 1007 aliaque
1370 963 1487 998 fimilia
1501 964 1596 998 verba
1610 967 1894 1010 praeter-egressum
1909 967 2042 1001 termini
2053 966 2095 1001 ab

1219 1024 1338 1058 agente
1350 1038 1361 1053 ,
1372 1013 1473 1047 etiam
1487 1014 1672 1058 significant
1683 1016 1814 1050 termini
1824 1016 2025 1062 tendentiam
2037 1026 2096 1052 aut

1218 1063 1437 1097 directionem
1451 1064 1485 1096 in
1498 1064 1632 1107 aliquod
1648 1064 1828 1108 subjectum
1842 1067 1891 1100 vel
1911 1066 2094 1112 objectum,

1218 1113 1271 1147 cui
1283 1113 1436 1148 effectum
1445 1112 1538 1147 suum
1551 1114 1720 1148 formalem
1733 1117 1957 1152 communicet
1971 1143 1978 1150 .
2003 1117 2046 1152 Et
2060 1116 2095 1151 ln

1220 1162 1273 1198 his
1283 1163 1390 1198 verbis
1402 1163 1519 1198 falsum
1528 1162 1573 1197 est
1585 1187 1594 1203 ,
1609 1165 1697 1207 quod
1711 1165 1793 1200 illud
1806 1167 1931 1211 semper
1941 1168 1977 1201 fit
1991 1178 2096 1212 agen-

1219 1213 1262 1248 tis
1276 1213 1377 1254 actio,
1391 1214 1479 1258 quod
1491 1224 1566 1248 cum
1575 1215 1632 1248 tali
1644 1214 1743 1249 verbo
1755 1216 1997 1251 construiturin
2009 1216 2096 1252 abla-

1217 1263 1289 1299 tivo
1303 1290 1312 1297 .
1340 1265 1474 1299 Horum
1488 1265 1609 1309 quippe
1623 1264 1795 1301 verborum
1805 1266 1951 1311 quaedam
1969 1276 2095 1312 -regunt

1220 1315 1252 1348 in
1267 1316 1341 1349 casu
1353 1314 1498 1349 ablativo
1510 1323 1575 1349 tam
1588 1316 1752 1351 actionem
1764 1340 1774 1355 ‚
1794 1327 1894 1359 quam
1915 1318 2096 1353 terminum

1221 1366 1333 1400 suum:
1361 1364 1506 1410 quadam
1521 1365 1597 1400 vero
1607 1366 1712 1400 solum
1727 1367 1819 1401 suum
1841 1368 2040 1410 terminum,
2061 1378 2094 1402 v.

1219 1427 1250 1460 g.
1266 1416 1302 1450 in
1316 1416 1421 1450 verbis
1427 1415 1605 1460 frigefacto,
1626 1416 1769 1458 calefacio
1783 1442 1793 1458 ,
1817 1417 1922 1451 dealba
1933 1442 1944 1459 ,
1965 1419 2021 1452 &a
2042 1429 2097 1452 ac-

1218 1466 1267 1499 tio
1278 1467 1482 1501 &terminus
1496 1468 1570 1501 sunt
1586 1466 1771 1512 frigefactio
1783 1468 1816 1501 &
1829 1467 1931 1512 frigus
1942 1492 1953 1509 ,
1974 1467 2093 1503 calefa-

1217 1515 1285 1550 ctio
1297 1517 1331 1550 &
1342 1517 1430 1551 calor
1443 1541 1454 1557 ,
1466 1516 1630 1551 dealbatio
1642 1517 1675 1551 &
1690 1517 1808 1551 albedo
1817 1543 1825 1550 .
1839 1517 1929 1552 Tam
1941 1516 2028 1553 recte
2037 1529 2093 1552 au·
2116 1539 2118 1544 ν

1217 1576 1282 1600 tem
1294 1564 1459 1600 dicimus:
1480 1578 1574 1609 aqua,
1598 1571 1677 1610 ignis
1690 1592 1699 1607 ,
1714 1567 1808 1608 faber
1833 1573 1984 1602 murarlus
2000 1591 2010 1608 ,
2029 1566 2096 1611 fri-

1211 1615 1327 1660 gefacit
1339 1640 1349 1656 ,
1368 1616 1507 1658 calefacit
1525 1641 1536 1656 ,
1553 1617 1678 1649 dealbat
1688 1615 1834 1658 parietem
1835 1617 1953 1660 frigore
1969 1644 1979 1662 ,
1990 1617 2098 1657 calore,

1216 1667 1371 1709 albedine3
1396 1677 1486 1709 quam
1498 1665 1718 1710 frigefac‘IIone
1730 1691 1742 1707 ,
1762 1666 1957 1709 calefafflone
1969 1692 1980 1709 ,
2002 1668 2098 1701 &de-

1215 1716 1363 1751 albatione
1374 1742 1382 1749 .
1409 1717 1499 1761 Ergo
1511 1716 1579 1751 haec
1591 1717 1624 1751 ὃ(
1635 1717 1698 1752 alia
1713 1718 1808 1752 verba
1818 1717 1934 1752 similia
1961 1717 1998 1751 in
2020 1719 2096 1752 casu

1215 1766 1359 1801 ablativo
1379 1778 1497 1812 regunt
1512 1776 1578 1800 tam
1592 1769 1683 1801 suum
1696 1768 1874 1802 terminum
1893 1793 1903 1808 ,
1925 1779 2025 1812 quam
2039 1779 2096 1802 ac-

1215 1817 1344 1852 tionem
1355 1843 1363 1850 .
1378 1816 1427 1851 At
1438 1828 1514 1851 vero
1528 1817 1597 1851 haec
1609 1817 1704 1852 verba
1718 1842 1729 1858 ,
1752 1818 1884 1861 intelligo
1900 1841 1911 1857 ,
1930 1829 1997 1851 amo
2007 1842 2018 1858 ‚
2041 1830 2096 1852 au-

1214 1868 1263 1900 dio
1279 1891 1289 1907 ‚
1308 1868 1423 1908 video,
1443 1868 1476 1901 ὃς
1498 1868 1636 1908 fimilia,
1662 1869 1694 1900 in
1718 1869 1792 1901 casu
1815 1864 1961 1902 ablativo
1983 1868 2094 1903 solum

1215 1917 1414 1957 terminum,
1436 1928 1503 1950 non
1527 1928 1603 1950 vero
1625 1918 1789 1950 actionem
1804 1918 1852 1951 sui
1874 1918 2007 1952 termini
2022 1929 2095 1962 pro-

1214 1965 1376 1999 ductivam
1392 1975 1508 2009 regunt
1519 1989 1526 1997 .
1560 1966 1648 2000 Nam
1663 1967 1697 1999 in
1710 1964 1761 2000 his
1774 1960 1878 2001 verbi's
1890 1969 1978 2003 actio
1991 1969 2096 2004 &ter-

1214 2015 1321 2048 minus
1332 2017 1408 2049 sunt
1419 2017 1522 2048 dictio
1535 2015 1568 2049 ὃς
1578 2016 1778 2058 intellectio,
1792 2028 1886 2053 amor
1898 2019 1931 2052 &
1945 2018 2093 2062 spiratio,

1214 2065 1294 2097 vilio
1309 2065 1343 2098 ὅ(
1364 2064 1735 2107 productioauditionis
1747 2090 1758 2106 ,
1775 2068 1836 2101 &c.
1861 2073 1911 2101 Ut!
1934 2067 2034 2113 visum
2054 2068 2093 2109 est

1212 2124 1269 2145 non
1275 2113 1371 2155 fialam
1381 2113 1455 2145 mtbl
1469 2125 1478 2155 3
1501 2113 1660 2155 sedetiam
1676 2116 1812 2149 omnibus
1832 2119 1852 2149 5
1853 2117 1959 2157 colistis
1972 2143 1983 2159 ,
2007 2118 2092 2163 allis-

1209 2173 1264 2205 que
1280 2160 1484 2205 subtilioribus
1491 2162 1678 2205 pbilosophis
1690 2189 1697 2196 .
1721 2164 1827 2209 Atqui
1843 2167 1980 2209 quidem
2004 2169 2089 2203 recte

1209 2212 1349 2246 dicimus
1371 2225 1378 2244 z
1403 2212 1485 2245 bomo
1507 2215 1653 2258 intelllglt
1671 2237 1682 2253 ‚
1701 2225 1807 2255 amat,
1833 2217 1921 2250 audit
1933 2241 1944 2257 ‚
1969 2219 2056 2252 videt
2069 2244 2081 2259 ‚

1208 2261 1399 2297 intellellione
1422 2287 1433 2303 ,
1455 2274 1555 2296 amore
1581 2287 1591 2302 ‚
1610 2263 1736 2306 visione.
1763 2265 1845 2300 Non
1869 2277 1956 2302 recte
1978 2277 2088 2303 tamen

1207 2312 1368 2346 dicimus:
1392 2314 1532 2355 intelligit
1544 2313 1693 2355 difflone:
1713 2323 1798 2346 amat
1823 2317 2013 2357 spiratione:
2035 2331 2089 2353 au-

1207 2362 1253 2394 dit
1267 2386 1278 2402 ,
1299 2370 1353 2394 aut
1369 2363 1453 2395 videt
1468 2363 1634 2395 auditionis
1658 2372 1712 2396 aut
1734 2361 1853 2405 visionis
1874 2367 2078 2407 produeh'one.

1208 2411 1296 2445 Sicut
1309 2423 1376 2446 non
1389 2422 1475 2446 recte
1485 2411 1626 2447 dicimus
1638 2427 1649 2446 .·
1663 2413 1751 2447 arbor
1766 2413 1894 2455 frondet
1901 2415 2086 2459 fraudifica-

1205 2467 1285 2494 tione
1300 2486 1311 2503 ,
1333 2470 1387 2495 aut
1394 2467 1498 2504 paries
1517 2463 1599 2497 albet
1611 2463 1796 2498 dealbatione
1806 2490 1816 2506 ,
1839 2467 1895 2499 (τε.
1912 2466 2002 2512 Ergo
2015 2466 2085 2502 haec

1204 2512 1236 2546 &
1258 2512 1376 2547 similia
1402 2513 1496 2547 verba
1520 2514 1553 2547 in
1575 2515 1648 2548 casu
1667 2514 1813 2549 ablativo
1835 2526 1953 2561 regunt
1976 2518 2084 2552 solum

1205 2563 1297 2596 suum
1322 2563 1501 2598 terminum
1522 2577 1537 2606 ;
1572 2575 1640 2598 non
1673 2576 1750 2600 vero
1768 2566 1929 2600 astionem
1950 2568 2082 2602 termini

1205 2612 1425 2656 produffivam
1442 2638 1449 2645 .
1474 2617 1520 2646 Et
1542 2619 1619 2647 ratio
1636 2613 1693 2655 est:
1717 2615 1794 2659 quia
1820 2615 1877 2650 ista
1899 2617 1996 2651 verba
2011 2630 2081 2654 non

1205 2663 1277 2697 sunt
1291 2663 1396 2697 activa
1420 2674 1461 2697 ex
1484 2672 1573 2707 parte
1586 2665 1630 2698 rei
1655 2664 1864 2708 fignificatae‚
1887 2667 1939 2701 sed
1963 2667 2082 2710 solum-

1205 2712 1307 2748 modo
1326 2725 1368 2748 ex
1389 2724 1478 2756 parte
1499 2713 1592 2748 modi
1613 2714 1816 2758 significandi
1831 2740 1838 2747 .
1867 2717 1921 2750 De
1932 2728 2000 2759 quo
2010 2719 2082 2751 for-1

1201 2763 1232 2797 te
1260 2763 1337 2797 alibi
1352 2763 1466 2798 latius.
1495 2763 1632 2798 Interim
1655 2764 1728 2798 vide
1743 2765 1834 2808 plura
1854 2766 1940 2809 apud
1964 2767 2081 2802 doctis·
2147 2800 2151 2803 .

1199 2815 1315 2848 fimum
1351 2813 1455 2847 virum
1474 2815 1504 2857 J
1505 2825 1630 2848 oannem
1655 2816 1746 2848 Rada
1781 2817 1861 2847 Tom.
1895 2827 1921 2852 1.
1950 2825 2078 2863 controv.

1203 2875 1252 2911 17.
1288 2866 1318 2908 §.
1352 2865 1397 2897 ad
1413 2870 1510 2906 primi
1542 2870 1714 2909 argumenti
1737 2863 1909 2908 solutionem
1938 2892 1946 2900 .
1994 2868 2076 2902 Hoc

1198 2914 1318 2958 posito.

1250 2975 1303 3010 17-
1324 2967 1439 2999 Facilis
1454 2963 1491 3005 est
1520 2963 1624 3008 fhlutio
1637 2965 1771 3007 praefatl
1792 2970 1962 3011 argumenti
1985 2981 1993 3000 ι
2022 2979 2076 3002 ne-

1189 3015 1297 3057 ganda
1319 3020 1397 3048 enim
1419 3015 1458 3055 est
1478 3014 1588 3058 conseq.
1609 3017 1644 3049 ὠ*
1662 3015 1877 3059 distinguenda
1897 3019 2075 3059 majorpro-

1194 3064 1321 3097 battonis
1338 3077 1345 3096 :
1372 3065 1425 3106 id,
1447 3065 1537 3108 quod
1558 3075 1633 3099 cum
1652 3065 1751 3100 verbo
1762 3068 1868 3101 adli-lo
1890 3067 2074 3112 fignifican-

1194 3124 1227 3147 te
1249 3115 1354 3148 solum
1378 3116 1538 3159 egressum
1561 3115 1691 3149 termini
1712 3117 1730 3150 ὲ
1754 3117 1813 3151 suo
1835 3127 1980 3161 agente,
1994 3128 2073 3152 con-

1193 3165 1325 3198 struitur
1337 3166 1370 3198 in
1384 3165 1455 3198 casu
1466 3164 1631 3205 ablativo,
1656 3177 1724 3200 non
1745 3167 1790 3200 est
1801 3167 1928 3211 agentis
1954 3168 2071 3202 termi-

1194 3215 1318 3256 nus3sed
1333 3215 1426 3248 actio:
1436 3212 1475 3255 fic
1487 3215 1616 3248 concedo.
1631 3214 1733 3263 Qiod
1746 3227 1823 3251 cum
1837 3215 1940 3250 verbo
1954 3218 2069 3253 activo

1192 3264 1390 3307 importante
1400 3264 1560 3308 egressum
1573 3266 1704 3299 termini
1718 3265 1760 3300 ab
1770 3275 1889 3311 agente
1901 3291 1912 3307 ‚
1925 3278 1963 3301 ac
1975 3267 2068 3302 simul

1189 3314 1367 3347 tendetiam
1378 3315 1508 3348 termini
1523 3314 1560 3349 in
1572 3315 1709 3359 aliquod
1726 3315 1888 3358 objestum
1902 3316 1955 3351 vel
1966 3317 2067 3361 subje-

1187 3363 1343 3402 stum‚cui
1356 3363 1509 3399 effectum
1521 3365 1613 3398 suum
1633 3366 1807 3401 formalem
1823 3368 2062 3406 communicat,

1186 3413 1427 3447 construiturin
1438 3415 1510 3447 casu
1524 3412 1753 3456 ablativo,non
1767 3416 1814 3451 est
1825 3416 1933 3461 agetis
1948 3416 2058 3451 termi-

1184 3473 1255 3507 nus,
1269 3463 1322 3499 sed
1334 3464 1424 3500 actio
1431 3463 1478 3506 :fic
1489 3475 1560 3509 nego
1569 3467 1720 3507 maJorem.
1730 3464 1875 3514 Agentis
1886 3467 2045 3503 terminus

1577 3514 1607 3549 L
1658 3525 1679 3564 3
1885 3543 1912 3567 ss
1947 3514 2038 3551 enim
