2384 3770
607 172 635 218 S
671 186 699 214 A
723 183 832 216 >use
856 183 968 216 τῖ’

241 251 412 297 scinderent
430 263 497 287 eam
508 278 519 294 ,
537 264 629 296 neque
641 259 797 297 proprium
811 253 867 293 fibi
879 252 1018 294 facerent
1025 258 1109 294 prin·

240 308 392 345 levatum:
417 305 464 337 De
483 303 590 346 quibus
612 305 717 343 dicas,
731 301 888 345 nonsatis
906 303 1051 346 inteIIIgo.
1077 305 1109 335 si

245 353 286 386 de
306 364 352 387 me
363 354 397 387 Θ
409 354 583 393 Presbytero
592 357 743 387 Vincentio
751 375 762 390 ,
781 350 808 394 s
801 358 861 385 atis
881 353 973 385 multo
983 351 1110 392 dormisti

245 410 377 446 tempore
399 428 411 444 ,
442 409 494 447 qui
507 403 573 448 post
591 414 684 436 annos
705 403 845 435 tredecim
858 413 942 435 vnunc
962 408 1112 436 excitatus

247 451 461 496 baecloqueris.
482 453 529 487 06
539 453 583 485 vid
589 456 667 484 enim
679 454 774 496 &ego
783 453 991 492 Antiochiam,
1017 455 1050 487 (a
1063 454 1112 486 ille

247 502 530 547 Constantinopolim
540 526 552 542 ,
574 501 662 534 urbes
681 503 884 536 celeberrimas
897 527 908 542 ‚
921 502 1112 545 deseruimus,

249 564 309 586 non
328 562 362 587 ut
383 562 413 587 te
430 559 463 586 in
479 552 597 595 populis
604 554 823 593 praedicantem
833 554 1021 587 laudaremus
1034 578 1045 594 ,
1058 552 1117 641 §ed

249 611 285 637 ut
306 607 340 636 in
350 607 433 647 agris
445 603 522 636 &in
532 600 905 646 solitudineadolescentiae
923 612 1047 646 peccata
1081 615 1114 636 e·-

246 652 374 694 flentes,
393 651 504 691 christi
524 657 557 684 in
576 663 628 685 nos
650 651 880 694 misericordiam
890 642 1114 696 defleelleremiisss

245 705 304 736 sin
316 711 416 734 autem
433 703 470 734 de
489 703 672 735 Pauliniano
692 702 853 746 tibisermo
864 703 922 743 est,
943 706 1031 739 vielet
1051 714 1115 738 eum

250 750 395 794 Episcopo
400 750 452 794 suo
459 752 510 795 effe
518 751 686 794 subjecffum
695 776 707 792 ,
733 750 851 798 versari
861 757 950 796 (ἔφη
961 780 972 795 ,
995 756 1040 787 ad
1049 752 1115 794 vifi-

248 807 391 834 tationem
401 801 527 842 nostram
536 803 686 836 interdum
701 809 805 837 venire
816 829 826 844 ,
838 816 896 837 non
902 814 935 838 ut
944 814 1028 838 tuum
1039 829 1049 844 ‚
1064 802 1121 847 sed

248 860 284 884 ut
309 852 460 891 alienum,
484 854 550 892 ejus
577 852 734 893 videlicet,
761 856 780 884 ἃ
796 865 856 895 vquo
886 855 1041 887 ordinatus
1063 853 1116 892 eli.

248 899 375 944 ,Quodfi
381 900 430 935 bic
439 907 529 935 etiam
538 902 588 945 effe
598 902 727 935 volueris
738 926 750 943 ,
776 906 810 936 ζ’]
820 910 854 935 in
860 904 946 937 exilio
956 903 1045 943 nostro
1054 908 1118 945 qui-

248 958 317 984 etus
327 956 359 983 in
371 949 532 994 solitudine
544 957 666 990 vivere,
694 954 771 994 quid
783 953 838 985 ribi
862 954 965 994 dehet,
994 951 1051 994 nisi
1071 953 1118 985 bo-

247 1010 349 1034 norem
358 1025 369 1041 ,
396 1013 483 1044 quem
491 1001 625 1035 omnibus
636 1001 776 1036 debemus
787 1002 940 1045 Episcopis
956 1005 970 1038 ?
986 1006 1050 1038 Fac
1060 1006 1081 1036 ἃ
1092 1011 1120 1036 te

248 1051 439 1085 ordinatum:
465 1054 548 1085 Idem
560 1052 599 1086 ab
620 1063 651 1085 eo
669 1054 774 1085 audies
787 1078 798 1094 ,
823 1055 903 1099 quod
920 1056 940 1086 ὰ
953 1064 997 1086 me
1012 1053 1122 1097 misello

247 1098 365 1134 bomine
385 1100 499 1144 sanc‘lae
509 1108 654 1136 memoriae
678 1101 840 1144 Epist-opus
864 1105 1010 1137 Paulinus
1030 1106 1123 1136 audi-

247 1155 315 1183 vit.
337 1155 423 1184 Num
441 1158 548 1195 rogavi
558 1162 607 1191 te,
634 1163 667 1185 ut
690 1153 866 1187 ordinaret?
891 1156 922 1186 5i
927 1154 966 1195 fic
977 1154 1124 1194 Presbyte-

247 1205 327 1233 rium
336 1201 461 1242 tribuis,
487 1211 522 1235 ut
532 1202 713 1235 monachum
727 1203 812 1235 nobis
834 1214 893 1236 non
916 1204 1038 1245 auferas
1054 1229 1063 1243 ‚
1092 1214 1124 1235 tu

245 1251 365 1284 videris
375 1252 414 1284 de
416 1252 531 1292 judicio
540 1261 590 1284 tuo
600 1264 615 1292 ,-
638 1251 683 1293 fin
694 1251 859 1295 autemsub
873 1260 988 1287 nomine
1002 1253 1124 1293 Presby-

246 1303 304 1332 teri
326 1301 403 1332 tollis
420 1299 496 1333 mibi
509 1308 630 1342 propter
649 1303 729 1343 quod
743 1301 886 1343 saeculum
907 1305 1011 1346 reliqui
1030 1329 1041 1345 ‚
1074 1315 1123 1348 ego

246 1347 342 1382 habeo
351 1351 431 1391 quod
436 1348 550 1393 semper
562 1350 673 1392 habui,
695 1352 808 1384 nullum
827 1351 1015 1395 dispendium
1034 1361 1067 1387 in
1079 1367 1120 1387 or-

75 1397 122 1436 Δ.
152 1396 229 1450 378.
247 1400 398 1432 amatione
404 1401 503 1443 paffus
515 1412 546 1434 es
558 1425 565 1432 .
582 1401 636 1434 Ad
648 1413 718 1445 quae
729 1401 820 1435 verba
836 1405 916 1437 reste
927 1403 1035 1437 scribit
1047 1405 1123 1438 Car-

122 1448 126 1464 ³
196 1492 197 1495 Ἴ
247 1448 567 1484 dinalisBatonius.
594 1454 649 1483 Ex
660 1451 709 1484 bis
730 1454 839 1492 vides,
866 1464 1054 1495 nequaquam
1072 1453 1121 1495 su·

243 1498 372 1541 flinuiffe
395 1502 592 1539 Hieronymum
606 1502 716 1541 alicui,
734 1511 799 1534 cum
809 1504 967 1536 ordinatus
979 1503 1017 1543 est
1030 1528 1040 1543 ,
1066 1505 1122 1536 ad*

245 1546 336 1592 scribi
346 1551 432 1583 titulo
446 1574 457 1590 ,
482 1562 532 1584 nec
538 1549 637 1592 postea
650 1557 683 1584 in
694 1552 829 1594 aliquam
841 1552 948 1595 referri
970 1552 1121 1595 Ecclesiam

250 1599 398 1642 toleraffe.
424 1603 516 1633 Immo
527 1602 564 1633 de
574 1601 736 1639 ambobus,
761 1609 865 1642 nempe
884 1605 921 1636 de
947 1610 1120 1643 Hieronymo

250 1650 286 1682 Θ
297 1652 446 1683 Vincentio
457 1650 649 1692 Epiphanius
662 1653 706 1684 ad
706 1654 738 1696 J
740 1663 865 1685 oannem
884 1652 1018 1695 scribens
1037 1654 1119 1694 testa—

248 1705 320 1737 tur,
347 1701 542 1741 necprecibus
561 1713 694 1744 unquam
716 1703 826 1735 adduci
842 1705 983 1746 potuffss
1009 1714 1044 1737 ut
1071 1706 1124 1738 vel

244 1746 353 1791 saliem
370 1756 403 1783 in
412 1751 583 1791 monasterio
591 1754 760 1785 sacerdotis
773 1762 890 1786 munere
900 1754 1099 1798 fungerentur
1113 1779 1120 1786 .

247 1797 541 1843 Atfiquodplerique
551 1803 673 1842 dicunt,
698 1803 779 1836 idem
802 1806 991 1843 Hieronymus
1018 1807 1038 1837 ἃ
1061 1796 1140 1848 Dte-l

246 1847 540 1892 masmPapafaHus
550 1852 587 1893 eft
611 1854 789 1887 cardinalis
808 1855 890 1885 tituli
905 1853 1021 1896 sancqae
1045 1859 1123 1888 Ana-

242 1899 362 1941 stafiae,
386 1912 437 1933 cur
457 1912 514 1934 non
535 1905 632 1945 redigi
654 1904 911 1946 velletAJoanne
930 1902 984 1946 sub
996 1904 1121 1945 Ecclesia

249 1949 510 1990 Hierofisiymnana
521 1975 531 1988 ‚
543 1963 600 1984 non
611 1955 693 1993 aeque
703 1957 818 1991 excepit
826 1976 836 1990 ,
861 1953 936 1993 ficut
948 1955 985 1986 de
1005 1955 1122 1985 ordina-

1019 171 1560 219 Auen:s¹·rtut.-

1943 183 2007 232 75

1173 251 1256 285 stola
1277 248 1318 284 ad
1336 248 1587 286 Pammachium
1605 251 1647 285 fic
1672 253 1780 288 scribit
1805 253 2038 290 adversusSiri.

1172 303 1261 336 cium
1281 326 1288 333 .
1315 303 1411 334 Audio
1430 307 1522 334 totius
1545 307 1576 333 in
1596 308 1624 333 te
1643 301 1727 334 urbis
1747 302 1847 341 studia
1872 311 2035 339 concitata.

1174 352 1269 385 Audio
1292 351 1447 393 Pontifici:
1469 353 1504 385 δ’
1520 352 1626 393 populi
1647 352 1832 385 voluntatem
1854 362 1925 397 pari
1945 364 2041 389 meme

1174 411 1324 445 congruere
1347 426 1354 433 .
1382 404 1486 434 Minus
1510 401 1547 440 est
1573 410 1673 434 tenere
1699 401 1893 437 sacerdotium
1912 430 1923 446 ‚
1947 417 2040 448 quam

1175 457 1297 485 mereri.
1324 452 1443 485 Fateor
1470 452 1549 485 item
1563 451 1810 493 Hieronymum
1823 462 1950 496 propter
1962 455 2042 490 novi

1175 501 1350 535 Pontificis
1374 513 1412 534 ac
1439 501 1586 535 Romani
1612 501 1689 535 cleri
1717 500 1875 535 invidiam
1899 526 1910 542 ,
1935 504 2043 540 statim

1174 551 1306 585 amorre
1318 551 1583 591 sanffiDamafi,
1610 550 1719 585 Roma
1732 550 1893 592 exivisse,
1920 563 1957 585 ac
1970 565 2045 595 qua-

1174 601 1196 634 fi
1222 601 1312 635 exire
1336 601 1562 645 compulsum.
1590 601 1715 635 Verum
1743 601 1833 644 quod
1858 600 1900 635 de
1916 599 2046 636 habitus

1175 651 1341 685 muliebris
1370 652 1486 696 injuria
1514 651 1712 695 periclitatus
1733 652 1792 691 fit,
1817 650 1928 685 fabula
1939 651 2050 685 acim-

1177 702 1306 744 postura
1330 701 1397 740 est,
1422 701 1615 736 sanctissimo
1639 701 1716 735 huic
1739 700 1899 742 Doctori,
1927 701 2050 745 ipsique

1179 752 1337 786 Romana
1363 751 1511 788 Ecclesiae
1538 752 1677 786 nimium
1697 751 1950 789 contumeliosa.
1981 749 2052 785 Ad-

1179 803 1286 835 versus
1313 812 1409 844 quam
1428 802 1596 847 eleganter
1606 814 1643 836 ac
1655 800 1790 836 nervose
1799 802 1961 837 exclamat
1971 801 2051 836 Car-

1179 852 1295 884 dinalis
1317 852 1495 886 Batonius.
1523 858 1669 895 oquants·
1687 853 1796 895 emisset
1817 851 1870 892 ista
1891 853 2050 894 Rufflnus,

1173 900 1204 943 fi
1224 908 1290 943 quis
1310 897 1386 935 ralia
1406 901 1460 945 suo
1476 912 1607 945 tempore
1619 904 1800 947 excogitasset
1813 926 1824 943 ,
1849 904 1924 936 dum
1935 904 2050 936 leviora

1180 962 1302 993 quaeque
1327 954 1482 985 mendacia
1502 979 1513 993 ,
1548 965 1617 996 quae
1654 959 1686 985 in
1710 958 1912 992 Hieronymum
1937 963 2051 995 quoquo

1181 1002 1263 1033 modo
1287 1001 1338 1043 esse
1351 1002 1474 1042 jac‘lata
1484 1005 1629 1046 audisset,
1655 1009 1823 1048 ignominiae
1836 1005 1855 1036 ἃ
1863 1002 1897 1046 se
1905 1010 2051 1038 contexta

1182 1062 1295 1084 coronae
1315 1051 1480 1085 connec‘lit?
1508 1054 1585 1086 Adeo
1604 1062 1636 1085 ut
1657 1055 1702 1086 ad
1722 1053 1909 1095 imposturam
1920 1053 1996 1087 bane
2004 1065 2054 1087 re-

1167 1100 1345 1146 fellendam
1370 1102 1448 1134 illud
1457 1099 1602 1143 sufficiens
1622 1103 1673 1143 effe
1693 1093 2029 1146 diciturargumentum
2041 1127 2052 1144 ,

1184 1153 1264 1193 quod
1282 1152 1415 1193 Rufflnus
1442 1151 1519 1190 istud
1541 1164 1598 1184 non
1621 1158 1739 1186 invexit
1762 1159 1804 1186 in,
1815 1164 1901 1194 eum,
1929 1154 2011 1194 quod
2018 1159 2051 1186 in

1179 1200 1283 1243 fronte
1301 1201 1410 1241 fuerat
1431 1202 1644 1235 collocandum.
1673 1204 1759 1236 Unde
1779 1212 1892 1236 certum
1910 1203 1961 1245 effi·
1980 1215 2054 1237 com-

1185 1260 1316 1284 mentum
1335 1251 1482 1292 probatur
1501 1277 1508 1283 .
1535 1256 1613 1285 Cum
1629 1251 1802 1295 praesbrtirn
1819 1263 1868 1286 res
1887 1262 1977 1286 tanta
1989 1275 1999 1291 ‚
2023 1258 2055 1285 in

1185 1310 1306 1335 tantum
1326 1297 1446 1341 virum,
1474 1304 1586 1346 locoque
1607 1305 1668 1338 tali
1677 1302 1803 1345 admissa
1815 1327 1825 1342 ,
1853 1313 1902 1336 nec
1915 1303 2056 1346 angulum

1184 1352 1262 1384 orbis
1271 1354 1446 1395 praeterjiffe
1453 1359 1606 1393 potuerit,
1632 1353 1683 1385 ubi
1693 1365 1751 1386 non
1759 1352 1903 1395 sciretur.
1934 1353 2057 1396 Neque

1185 1402 1261 1435 vero
1274 1401 1356 1435 solet
1369 1402 1520 1436 Romana
1535 1402 1676 1437 Ecclesia
1689 1402 1721 1435 in
1736 1403 1947 1446 imponendis
1958 1404 2057 1446 paenis

1184 1450 1230 1485 ita
1253 1451 1410 1485 delirare.
1438 1452 1522 1487 Sane
1545 1453 1566 1486 fi
1591 1454 1690 1487 talem
1704 1452 2057 1496 sanshffimiviriinju-

1183 1502 1263 1534 riam
1278 1502 1463 1545 permisisset
1485 1505 1635 1537 attentari
1649 1503 1737 1546 Papa
1748 1503 1903 1543 Siricius,
1933 1515 2001 1537 non
2015 1514 2059 1536 ta-

1182 1552 1300 1585 cuisset
1324 1552 1358 1586 id
1380 1553 1501 1586 sanstus
1523 1552 1681 1586 Paulinus
1693 1553 1846 1587 Nolenfis
1861 1553 2059 1596 Episcopus,

1182 1612 1280 1645 quem
1293 1601 1507 1645 Hieronymo
1519 1602 1767 1636 addiuiffimum
1780 1603 1933 1636 novimus
1948 1626 1959 1642 ‚
1984 1603 2063 1636 Siri-

1181 1651 1236 1684 cio
1257 1662 1365 1685 autem
1386 1653 1655 1687 infenliffimum.
1683 1653 1735 1686 Ac
1757 1665 1798 1686 ex
1813 1653 1911 1686 variis
1923 1652 2059 1687 tandem

1183 1701 1385 1743 Hieronymi
1404 1704 1485 1737 locis
1511 1704 1639 1738 constat
1661 1704 1763 1746 ipsum
1786 1703 1972 1737 honorifice
1983 1702 2062 1737 urbe

1184 1751 1337 1786 Romana
1349 1754 1483 1787 exivisse
1493 1779 1500 1786 .
1635 1787 1638 1793 s

1234 1801 1359 1836 Diversi
1380 1815 1511 1847 quoque
1537 1817 1658 1840 errores
1670 1804 1928 1839 continenturin
1943 1804 2061 1837 sermo·

1182 1851 1392 1896 nevigefimo
1411 1855 1551 1898 quinto.
1580 1858 1634 1889 Sic
1653 1856 1743 1888 enim
1758 1854 1802 1887 ibi
1816 1854 1970 1897 legimus.
2001 1855 2063 1886 Sci-

1182 1910 1261 1940 tote,
1279 1901 1400 1943 fratres
1419 1909 1476 1936 mei
1498 1928 1508 1942 ,
1535 1907 1615 1946 quod
1637 1910 1805 1945 antiquitus
1833 1906 1945 1936 Patres
1972 1902 2061 1942 nostri

1181 1949 1284 1990 fideles
1302 1953 1447 1991 jejunare
1469 1951 1680 1994 consueverunt
1701 1959 1734 1985 in
1747 1954 1864 1997 vigiliis
1878 1963 2059 1997 magnarum

249 2001 328 2030 tione
347 1999 598 2039 &Paulinofac‘la
611 2024 621 2039 ,
649 2005 693 2031 ita
701 2001 738 2032 de
749 2001 975 2040 cardinalatu,
1001 2013 1058 2044 quo
1079 2004 1120 2035 di-
1178 1997 1402 2041 solemnitatum
1428 2000 1518 2044 usque
1543 2004 1588 2034 ad
1607 2004 1716 2036 noiiem
1730 2028 1739 2043 ‚
1767 2005 1847 2046 quod
1867 2005 2060 2037 laudandum

249 2049 345 2079 cunta
358 2046 488 2090 Damaso
499 2051 600 2082 Romae
611 2051 753 2082 donatum
764 2051 781 2081 ?
809 2049 890 2083 Eam
904 2054 1045 2093 namque
1067 2063 1120 2086 ex·

247 2096 437 2138 ceptionem
457 2097 596 2130 adduxit
617 2109 676 2140 pro
696 2098 1097 2133 fratre-,suolPauliniano
1112 2124 1119 2133 .

245 2144 343 2179 Dicit
363 2157 438 2180 eum
449 2146 603 2189 scriptum
614 2149 676 2180 effe
688 2147 721 2180 in
730 2146 928 2180 clericorum
940 2148 1050 2182 tabula
1062 2150 1120 2184 Sa-

210 2194 211 2197 ’
245 2194 415 2229 laminenfi
437 2220 448 2236 ‚
475 2195 615 2240 ideoque
638 2197 733 2230 scribi
755 2208 822 2230 non
844 2198 935 2240 posse
955 2199 1056 2233 etiam
1084 2199 1117 2233 in

1184 2057 1248 2081 erat
1268 2049 1302 2084 &⁸
1320 2049 1442 2083 bonum.
1469 2053 1530 2083 sed
1545 2053 1596 2084 boc
1607 2052 1767 2094 nonsolicm
1780 2077 1789 2092 ,
1813 2052 1868 2095 sed
1879 2060 1971 2086 etiam
1983 2060 2060 2097 vigi·

1182 2097 1288 2129 labant
1302 2105 1360 2138 per
1380 2100 1490 2130 nofflem
1501 2122 1511 2138 ‚
1538 2102 1572 2134 e>-
1583 2103 1628 2133 ad
1637 2102 1796 2142 Ecclesiam
1808 2105 1939 2136 ludendo
1949 2107 1982 2137 ζ’)
1994 2104 2060 2137 cbo·

1182 2147 1307 2179 rixando
1315 2149 1530 2181 conveniebant
1540 2174 1550 2189 ‚
1580 2152 1661 2193 quod
1680 2152 1848 2190 detestabile
1860 2154 1936 2186 'erae
1948 2156 1982 2187 fir
1995 2167 2059 2186 ma-

1181 2196 1260 2228 lum.
1287 2198 1374 2231 Tales
1396 2210 1452 2231 non
1474 2198 1565 2242 solum
1586 2205 1714 2233 Romani
1736 2212 1824 2235 erant
1847 2227 1856 2242 ,
1884 2215 1941 2235 non
1964 2202 2059 2245 solum

245 2243 574 2288 Hierosolymitana.
602 2245 636 2280 Si
645 2247 768 2290 ergo&
784 2247 850 2290 ipse
863 2247 995 2291 scriptus
1011 2249 1119 2284 fuisset
1183 2245 1344 2288 Papienses
1366 2250 1399 2281 (ν
1416 2253 1632 2293 Ravennate13
1656 2250 1715 2293 sed
1734 2258 1828 2285 etiam
1853 2254 2056 2286 Mediolanen-

246 2293 284 2327 in
296 2294 407 2328 tabula·
418 2295 571 2329 Romana
587 2319 598 2334 ‚
609 2294 695 2329 haud
706 2294 804 2330 dubie
820 2296 876 2337 iel„⁴
888 2307 1053 2340 tamquam
1067 2310 1121 2332 ex-

246 2343 435 2387 ceptionem
457 2345 727 2387 peremptoriam,
746 2345 936 2390 allegasset.
968 2347 1121 2390 Deinde3

245 2391 349 2437 aliqui
361 2391 474 2428 dicunt
488 2394 592 2437 ipsum
604 2394 701 2428 fuisse
713 2394 925 2430 Cardinalem
945 2398 1042 2431 sancii
1065 2397 1123 2431 La-

245 2443 368 2477 urentii
388 2466 400 2482 ,
433 2443 536 2485 aliqui
560 2443 767 2479 Cardinalem
791 2446 899 2479 sanctae
926 2446 1123 2482 Anastafiae:

245 2492 338 2539 Qia
361 2503 479 2535 nempe
497 2491 670 2528 mendaces
692 2495 766 2528 raro
787 2494 892 2529 solent
914 2498 1092 2532 convenire
1114 2523 1121 2529 .

1177 2293 1243 2337 ses.
1270 2299 1317 2328 De
1338 2309 1399 2339 qua
1421 2305 1503 2339 turpi
1524 2299 1726 2342 consuetudine
1744 2303 1862 2335 dolebat
1886 2305 2053 2337 Mediolani

1181 2347 1280 2377 Mater
1300 2357 1387 2387 mea,
1414 2349 1447 2380 <Si
1467 2349 1634 2389 institutum
1654 2351 1691 2390 est
1704 2375 1714 2390 ,
1739 2350 1805 2393 ipsa
1827 2352 1985 2395 instigante
1998 2378 2009 2394 ,
2036 2357 2056 2386 a

1184 2397 1277 2431 Patre
1296 2396 1385 2435 nostro
1401 2395 1426 2439 s
1420 2398 1505 2431 anc‘lo
1519 2399 1660 2439 Ambrofio
1672 2425 1682 2440 ‚
1710 2411 1743 2434 ut
1757 2395 1871 2444 vigilia·
1882 2403 2057 2444 ceffarentur

1181 2446 1234 2477 vel
1240 2446 1379 2487 cessarent
1388 2449 1409 2479 a
1419 2449 1531 2482 cunffls
1541 2474 1551 2489 ,
1578 2461 1611 2483 ut
1622 2451 1780 2483 homicidia
1795 2451 2055 2492 &fornicationes

1181 2496 1200 2526 ἁ
1207 2494 1346 2536 fidelibus
1360 2498 1589 2539 deponerentur.
1619 2501 1748 2535 Auster
1759 2502 1813 2535 hic
1827 2502 1956 2536 videtur
1971 2502 2055 2537 mihi

244 2542 367 2586 Neque
376 2543 449 2584 quis
459 2542 545 2577 dicat
555 2554 630 2578 eum
645 2545 764 2579 factum
776 2544 987 2581 Cardinalem
1010 2559 1051 2581 ex
1073 2548 1123 2582 in·
1138 2545 1142 2584 l
1183 2556 1250 2579 non
1267 2547 1335 2580 esse
1355 2558 1450 2589 purus
1463 2549 1659 2585 Catholicus
1670 2576 1680 2591 ,
1709 2552 1762 2586 sed
1774 2552 1814 2586 de
1829 2553 1945 2586 Haerefi
1961 2552 2058 2598 Vigi-

244 2592 383 2627 tetvallo
404 2606 415 2627 .-
453 2592 594 2629 Constat
618 2605 759 2638 namque
778 2593 864 2628 hanc
895 2606 971 2630 cum
996 2587 1142 2654 Ioanne*

245 2641 500 2677 controversiam
535 2642 606 2685 post
644 2654 783 2678 mortem
811 2646 941 2680 Damafi
968 2648 1123 2692 contigis-

245 2694 278 2726 se
305 2716 314 2725 .
351 2691 511 2726 Notanda
546 2693 616 2726 illic
651 2695 725 2727 sunt
761 2694 827 2727 haec
853 2694 1055 2740 Hieronymi
1082 2698 1121 2731 ad

246 2742 450 2786 Episcopum
471 2741 649 2777 Paulinum
673 2743 786 2778 verba.
814 2746 845 2777 si
857 2744 897 2785 fic
908 2747 1123 2785 Presbyterium

244 2792 357 2827 tribuis
378 2816 389 2833 ‚
408 2801 443 2826 ut
464 2792 638 2826 monachum
664 2793 746 2826 nobis
773 2805 829 2826 non
841 2794 979 2837 auferas.
1007 2798 1122 2831 Decla-

244 2853 318 2878 rant
353 2843 442 2877 enim
480 2845 651 2886 antiquum
691 2843 839 2877 Ecclefiae
865 2854 991 2879 morem
1013 2871 1025 2888 ,
1053 2858 1121 2891 quo

243 2906 301 2938 per
336 2893 483 2935 quemvis
518 2893 700 2928 clericalem
732 2893 869 2938 gradum
898 2894 1020 2931 solebat
1043 2898 1120 2933 exui

239 2942 474 2978 monachatus.
675 2975 677 2977 .
864 2943 867 2949 ’

293 2992 446 3028 Alterum
458 2994 546 3028 istius
557 2994 714 3028 sermonis
725 2994 930 3028 mendacium
941 2994 987 3029 est
997 3020 1009 3037 ,
1030 2998 1119 3040 quod

239 3044 608 3088 sanstusHieronymus
631 3046 649 3078 a
672 3044 835 3079 Romanis
849 3044 1010 3086 Clericis,
1035 3058 1118 3090 quos

240 3093 440 3135 offenderat,
466 3094 666 3138 periclitatus
678 3095 717 3129 fit
729 3093 838 3129 Roma
861 3095 980 3137 expelli
1005 3097 1040 3129 in
1069 3109 1116 3132 ve·

240 3144 288 3182 ste
298 3142 453 3178 muliebri
466 3162 481 3177 .·
501 3145 627 3179 Scimus
638 3144 772 3189 quidem
789 3144 1038 3186 Hieronymum
1049 3158 1115 3182 tam

240 3193 590 3229 istorumClericorum
602 3205 701 3239 quam
717 3195 795 3229 novi
812 3195 985 3228 Pontificis
1005 3197 1112 3231 Siricii

240 3254 373 3289 gravem
395 3243 561 3279 incurrisse
585 3245 745 3289 invidiam
769 3244 890 3278 ‚³Hinc
914 3256 1056 3290 namque
1078 3249 1118 3282 inf

240 3294 433 3328 Praefatione
445 3295 597 3328 versionis
608 3295 754 3338 Dydimi
767 3294 808 3329 de
819 3293 928 3336 spiritu
941 3296 1049 3338 sane’co
1071 3299 1112 3332 fic

239 3344 322 3379 dicit
339 3344 509 3380 adversum
532 3343 610 3379 istos
629 3346 782 3380 clericos.
811 3342 1029 3386 Pharisaeorum
1042 3359 1107 3381 con-

239 3396 386 3429 clamavit
404 3396 533 3429 senatus
545 3418 560 3435 ,v
580 3394 630 3428 ubi
651 3396 750 3431 nullus
756 3393 856 3438 scriba
869 3395 920 3428 vel
923 3394 1011 3437 fidus
1022 3421 1034 3438 ,
1055 3396 1114 3440 sed

240 3496 308 3533 eum
326 3505 375 3527 me
383 3498 542 3535 imperitia
557 3494 657 3536 fac‘lr'o
675 3493 858 3537 conspiravit
872 3520 879 3529 .
906 3494 951 3531 Et
973 3495 1008 3531 in
1034 3497 1111 3544 Epi-

274 3559 277 3565 ·
331 3542 440 3584 Christ.
450 3544 529 3589 Lupi
538 3548 637 3588 opera
647 3548 729 3579 Tom.
741 3547 813 3580 xii.

1183 2595 1327 2630 lauriana
1339 2598 1517 2640 suspeetus:
1547 2601 1693 2635 Damnat
1720 2602 1809 2637 enim
1823 2604 1995 2636 nosturnas
2010 2605 2059 2637 vi-

1181 2646 1278 2688 gilias
1298 2658 1428 2690 propter
1446 2651 1606 2693 quosdam
1631 2663 1769 2694 nequam
1793 2652 2057 2687 hominumabu-

1183 2696 1233 2729 sus
1258 2696 1372 2730 solitos
1395 2698 1428 2731 in
1444 2700 1513 2743 ipsis
1524 2703 1709 2735 committi.
1742 2702 1823 2736 Eam
1839 2704 2055 2746 namqueesse

1183 2756 1281 2780 unam
1299 2745 1317 2779 ὲ
1339 2747 1518 2793 Vigilantii
1544 2751 1728 2786 Haerefibus
1743 2777 1754 2793 ‚
1781 2763 1866 2796 patet
1889 2765 1929 2787 ex
1943 2754 2053 2787 sansto

1182 2794 1392 2838 Hieronymo
1405 2823 1415 2838 ,
1442 2803 1497 2843 qui
1519 2801 1672 2836 adversus
1684 2802 1910 2847 vigilantium
1925 2803 1968 2836 fic
1982 2803 2056 2836 scri-

1181 2845 1230 2879 bit
1248 2845 1289 2879 ad
1309 2845 1538 2892 Presbyterum
1563 2851 1736 2895 Riparium
1751 2877 1759 2885 .
1786 2854 1880 2896 ,Quod
1899 2854 1976 2885 dicis
1987 2864 2053 2885 eum

1181 2895 1302 2940 vigilias
1324 2906 1458 2932 execrari
1484 2925 1494 2941 ,
1511 2900 1591 2941 facit
1612 2905 1646 2936 Θ
1672 2902 1723 2935 boc
1747 2913 1850 2935 contra
1875 2902 2050 2936 vocabulum

1173 2944 1261 2989 suum
1282 2973 1292 2988 ,
1318 2958 1352 2981 ut
1378 2952 1452 2982 velit
1478 2953 1607 2984 dormire
1633 2954 1834 2996 Vigilantius,
1864 2954 1899 2986 <5
1916 2964 1974 2985 non
1999 2965 2049 2986 au-

1178 2999 1246 3030 diat
1265 3000 1454 3034 salvatorem
1472 3003 1620 3035 dicentem
1650 3025 1660 3040 ‚
1694 3000 1731 3042 fic
1757 3014 1815 3036 non
1832 3002 1968 3045 potuistis
1990 3013 2050 3035 una

1158 3091 1164 3097 η
1177 3046 1249 3079 hora
1261 3050 1388 3092 vigilare
1396 3062 1504 3084 mecum
1518 3052 1533 3082 ?
1562 3052 1603 3084 Et
1617 3051 1649 3084 in
1663 3051 1748 3086 libro
1760 3052 1910 3087 adversus
1923 3053 2026 3095 ipsum
2039 3077 2047 3085 .

1176 3100 1269 3130 Error
1292 3109 1390 3132 autem
1414 3104 1448 3135 <e
1470 3103 1559 3143 culpa
1574 3103 1726 3142 juvenum
1753 3127 1763 3143 ‚
1789 3104 2048 3145 vilifflmarumque

1174 3149 1328 3181 mulierum
1348 3175 1358 3190 ,
1396 3157 1449 3192 qui
1472 3160 1527 3192 per
1551 3151 1663 3184 not‘lem
1682 3151 1767 3195 saepe
1791 3152 2047 3195 deprehenditur,

1174 3209 1232 3230 non
1256 3198 1294 3237 est
1316 3199 1465 3243 Religiofis
1501 3200 1668 3235 bominibus
1694 3205 1887 3244 imputandus
1912 3215 1919 3235 ε
1958 3205 2046 3246 ,Qum

1174 3249 1207 3280 (a
1236 3254 1269 3280 in
1304 3251 1418 3292 vigiliis
1445 3249 1569 3293 Pascbae
1596 3254 1660 3286 tale
1686 3255 1762 3295 quid
1781 3253 1849 3295 fieri
1870 3253 2047 3295 plerumque

1171 3303 1373 3338 convincitur,
1395 3301 1429 3333 (9
1448 3309 1551 3334 tamen
1570 3310 1730 3344 paucorum
1746 3304 1835 3345 culpa
1856 3314 1913 3335 nen
1927 3305 2046 3345 praeiu-

1171 3348 1251 3380 dicat
1285 3349 1464 3391 Religioni,
1499 3357 1550 3393 qui
1586 3354 1620 3386 &
1656 3351 1768 3395 absque
1800 3354 1913 3397 vigiliis
1931 3354 2045 3397 poffunt

1170 3407 1267 3430 errare
1293 3400 1347 3432 vel
1368 3404 1401 3432 in
1422 3400 1490 3443 suis
1515 3402 1569 3435 vel
1591 3407 1623 3435 in
1648 3402 1755 3436 alienis
1780 3402 1915 3436 domibus
1933 3427 1941 3435 .
1970 3407 2044 3447 Apo-

129 3431 131 3434 ·
189 3439 192 3444 ⁸
239 3449 334 3478 omnis
348 3442 434 3486 quast
447 3444 557 3479 indiae
577 3443 744 3486 fibipraelio
753 3444 973 3486 dominarum,
999 3448 1112 3482 adver-
1164 3446 1306 3487 stolorum
1327 3448 1418 3490 fidem
1436 3451 1541 3495 Judae
1563 3453 1697 3494 proditio
1723 3463 1780 3486 non
1807 3452 1948 3493 destruxit
1970 3467 1981 3484 .·
2007 3454 2042 3485 Θ

1174 3497 1288 3539 nostras
1316 3509 1382 3545 ergo
1418 3501 1542 3547 vigilias
1577 3503 1819 3588 malaectitliorum
1843 3505 1974 3584 vigiliaed
1984 3512 2043 3535 non

1973 3561 2000 3585 ρ.

2084 330 2143 375 Ep.
2162 338 2216 376 32.

2097 905 2137 942 A.
2142 904 2220 954 383.

2098 2889 2159 2934 Ep.
2170 2903 2225 2939 53.

2097 3019 2179 3067 Cap.
2193 3031 2227 3069 4.
