2384 3770
367 122 491 170 ⁴40

331 197 570 242 obligationem
596 207 650 232 aut
674 200 749 242 Ius,
778 211 832 234 aut
856 202 954 234 aliurn
980 202 1115 235 similem
1138 201 1209 235 effc-

333 249 419 282 ctum
434 250 517 290 Juris
530 250 662 292 pariunt
676 265 687 284 :
713 253 802 296 atqui
816 253 975 294 scriptura:
986 252 1208 291 Tabeslionis‚

332 298 525 338 Secretarii,
555 311 591 332 ac
619 301 834 335 Amanuensis
862 302 1009 335 effectum
1036 303 1111 345 juris
1140 314 1206 336 non

332 347 460 389 pariunt
488 349 521 382 in
550 349 775 392 Tabeuione,
803 353 1000 392 Secretario‚
1027 365 1082 386 aut
1108 354 1207 386 Ama-

331 399 464 441 nuensi·,
492 398 544 432 sed
566 401 600 434 in
624 413 688 442 eo,
717 403 807 443 cujus
831 402 1024 435 nomineiHi
1044 403 1205 441 scribunt,

331 450 363 483 &
387 449 582 484 characteres
605 451 854 485 istosformant:
883 463 986 496 ergo,
1010 453 1204 486 &assimili-

323 510 378 534 ser
402 501 579 544 scriptum,
608 502 658 534 seu
679 502 889 535 instrumenta
914 503 1028 544 scripta
1050 526 1060 542 ,
1083 502 1202 536 Testa-

329 563 500 591 mentum,
530 552 695 596 legatum‚
725 552 924 585 Codicilsum
940 576 950 591 ,
979 553 1204 586 fideicommis—

327 603 400 636 sum
424 628 434 644 ,
471 602 607 636 aliamve
633 604 780 635 ultimam
808 602 1013 635 voluntatem
1035 603 1202 636 continen-

323 652 395 691 tia,
424 664 489 687 non
514 654 698 697 significant
722 662 864 685 mentem
886 651 954 694 ejus
978 675 988 691 ,
1015 652 1069 694 qui
1091 652 1201 685 inssru·

329 714 437 737 menta
460 702 518 736 ista
542 703 684 743 confeci?
707 714 715 743 ;
757 701 806 735 sed
842 702 930 735 illius
950 701 1039 743 cujus
1069 703 1203 737 nomine

328 754 501 795 confecit5
538 764 618 797 ergo
651 751 809 794 scripturae
836 763 902 786 non
925 763 1068 785 mentem
1094 751 1199 786 chara-

329 805 427 841 steres
453 805 525 837 suos
550 803 741 843 formanti33
771 803 822 835 sed
845 802 956 842 istius,
982 803 1075 844 cujus
1097 802 1201 836 nomi·

325 863 371 889 ne
391 854 521 888 formati
545 853 616 886 sunt
640 877 651 893 ,
673 851 870 895 significant.
903 855 996 885 Patet
1009 853 1199 886 antecedens:

322 904 402 948 quia
429 904 642 937 instrumenta
663 902 1020 947 issaillamfignificant
1033 912 1199 943 mentem,

324 956 485 998 iliumque
506 963 703 995 conceptum
726 976 736 992 ,
776 963 845 995 quae
878 953 987 996 postea
1008 952 1049 986 ab
1073 952 1198 987 haeredi-

325 1005 384 1039 bus
403 1004 557 1037 dicuntur
579 1002 765 1042 observari,
792 1002 929 1043 violari,
956 1003 1101 1041 alterari,
1131 1014 1196 1036 mu·

322 1056 407 1095 tari,
432 1054 493 1087 &c.
515 1052 624 1095 Atqui
645 1052 783 1086 haeredes
806 1065 874 1087 non
899 1053 1027 1087 violant
1051 1077 1062 1093 ,
1090 1064 1198 1096 neque

322 1106 449 1138 servant
472 1127 483 1144 ,
525 1114 631 1145 neque
650 1102 787 1135 alter-‘ant
811 1114 955 1136 mentem
979 1103 1066 1136 iliius
1094 1116 1103 1144 ;
1141 1105 1194 1144 qui

322 1155 536 1188 instrumenta
561 1153 618 1186 ista
640 1152 781 1186 confecit
805 1165 814 1195 ;
843 1154 896 1187 sed
919 1164 1063 1187 mentem
1083 1152 1194 1186 Testa·

321 1205 421 1242 toris,
451 1203 540 1246 cujus
564 1204 700 1236 nomine
725 1205 872 1237 confecia
886 1204 982 1244 sunt,·
1007 1214 1086 1247 ergo
1097 1203 1194 1236 etiam

320 1254 388 1289 haec
412 1255 623 1287 instrumenta
648 1252 763 1296 hujus,
790 1254 822 1287 δε
847 1265 912 1287 non
939 1254 1028 1287 istius
1050 1263 1194 1287 mentem

317 1305 522 1350 significant.

371 1366 424 1402 13.
453 1356 544 1388 idem
563 1353 728 1388 observare
749 1355 792 1388 esi
819 1351 851 1387 in
876 1365 957 1388 nutu
981 1377 991 1392 ‚
1027 1353 1115 1387 oculi
1143 1352 1192 1385 vel

316 1405 416 1450 digiti
452 1415 543 1437 motu
567 1428 576 1443 ‚
615 1405 776 1447 omnique
810 1405 878 1438 alio
911 1405 1056 1447 corporis
1078 1403 1192 1448 gestu,

317 1456 373 1499 qui
398 1455 472 1488 voci
497 1454 728 1498 subdelegatur
751 1479 761 1494 ‚
786 1466 823 1487 ac
851 1455 883 1487 in
905 1454 971 1497 ejus
991 1454 1137 1488 officium
1159 1454 1193 1488 δε

316 1505 530 1540 ministerium
543 1503 767 1539 substituitur.
797 1505 869 1544 Hi,
899 1504 1054 1547 inquam,
1079 1513 1194 1537 omnes

317 1557 424 1601 gestus
450 1549 524 1588 'non
562 1554 742 1598 significant
777 1566 842 1588 rem
875 1554 908 1587 &
927 1564 1125 1597 conceptum
1150 1553 1191 1586 il-

317 1608 381 1639 lius
402 1631 412 1646 ‚
438 1607 455 1638 ii
481 1615 547 1646 quo
574 1605 656 1637 fiunt
678 1615 692 1645 ,-
719 1603 770 1637 sed
798 1605 885 1637 illius
907 1629 917 1645 ,
943 1604 1034 1647 cujus
1058 1604 1192 1638 nomine

315 1658 403 1693 fiunt
428 1680 435 1687 .
463 1655 555 1697 ,Quod
573 1654 665 1696 probo
687 1667 694 1685 :
723 1654 799 1694 quia
820 1665 948 1697 oportet
971 1652 1191 1697 philosophari

315 1707 357 1740 de
376 1704 518 1750 gestibus
541 1711 555 1743 ,‘
589 1717 626 1738 ac
649 1703 782 1740 nutibus
801 1703 949 1738 Comaedi
971 1704 1098 1749 agentis
1117 1705 1192 1737 scae-

316 1757 473 1797 nam(un'
494 1759 627 1796 vocant)
653 1765 806 1797 mutam;
833 1754 911 1788 sicut
923 1752 1193 1797 philosophamur

314 1807 356 1841 de
380 1806 471 1839 iliius
504 1803 638 1838 vocibus
664 1804 742 1838 dum
768 1804 837 1849 agit
860 1806 993 1838 scaenam
1018 1805 1193 1838 vocalem:

315 1855 405 1901 atqui
431 1865 527 1888 voces
547 1854 564 1886 ὲ
588 1854 754 1888 Comoedo
777 1854 906 1896 prolatae
930 1865 995 1888 non
1009 1854 1191 1899 significant

316 1919 383 1941 rem
407 1906 439 1939 δε
463 1913 657 1947 conceptum
682 1903 825 1937 comoedi
849 1917 861 1945 ;
890 1903 943 1937 sed
966 1904 1051 1937 illius
1067 1928 1078 1944 ,
1104 1905 1194 1947 cujus

316 1958 386 2003 agit
406 1955 597 1990 comoedum
620 1966 636 1996 3v
656 1964 736 1998 ergo
755 1953 903 1989 similiter
927 1953 1071 1987 comoedi
1097 1963 1195 1987 nutus

314 2019 384 2042 non
419 2005 604 2051 significant
629 2014 825 2046 conceptum
853 2003 997 2038 comoedi
1026 2016 1041 2045 ;
1078 2003 1131 2038 sed
1157 2003 1192 2037 il-

315 2059 399 2098 lius,
426 2056 518 2099 cujus
539 2054 606 2099 agit
629 2054 816 2087 comoedum
842 2065 852 2095 ;
876 2064 954 2098 ergo
978 2064 1076 2087 nutus
1100 2053 1194 2097 signi-

316 2109 417 2142 ficant
438 2117 504 2139 rem
525 2130 535 2144 ,
565 2105 597 2137 &
617 2113 814 2146 conceptum
841 2114 908 2135 non
931 2101 1018 2134 illius
1042 2126 1052 2141 ‚
1082 2101 1100 2134 ὲ
1126 2113 1194 2145 quo

316 2159 402 2191 fiunt
422 2167 432 2197 ·,
462 2155 513 2187 sed
539 2154 627 2186 illius
649 2163 707 2195 pro
731 2162 797 2195 quo
815 2176 825 2192 ,
859 2152 920 2185 sive
944 2150 1033 2194 cujus
1061 2152 1194 2190 nomine

317 2208 404 2241 fiunt
419 2230 426 2237 .
454 2202 585 2238 Deinde
609 2212 768 2246 ponamus
787 2223 797 2241 ,
824 2201 912 2246 quod
935 2211 1043 2235 mutus
1067 2210 1193 2235 mutum

317 2257 383 2293 sibi·
399 2263 638 2299 procuratorem
659 2252 835 2287 constituat
857 2263 865 2284 :
902 2250 966 2289 hoc
989 2252 1078 2285 enim
1105 2251 1196 2292 fieri,

317 2308 431 2343 saltem
466 2303 505 2338 ad
527 2302 659 2348 negotia
681 2325 693 2342 ,
730 2300 892 2349 quidquid
917 2300 955 2335 sit
977 2299 1018 2337 de
1039 2313 1193 2344 procura-

319 2359 414 2391 tione
435 2354 473 2388 ad
489 2353 571 2391 ⁴-lites
592 2377 603 2394 ,
627 2353 700 2396 Jura
727 2363 793 2386 non
818 2350 991 2395 prohibent
1013 2363 1020 2383 :
1050 2362 1130 2386 tunc
1155 2351 1196 2385 de
1218 2347 1219 2352 ¹

321 2406 456 2442 nutibus
489 2403 584 2446 hujus
603 2401 831 2445 'procuratoris
862 2401 947 2439 muti
975 2402 1195 2446 argumentari
1218 2401 1220 2420 ³

322 2456 474 2494 debebis,
501 2453 580 2487 ficut
597 2452 928 2498 Jupradub..3.c11ato
948 2451 1196 2496 argumentabar
1219 2460 1222 2467 ¹

322 2509 364 2542 de
386 2505 521 2540 vocibus
544 2502 760 2547 procuratoris
785 2502 909 2543 vocalis
930 2526 941 2542 ,
967 2513 1004 2534 ac
1023 2502 1131 2536 dicere
1161 2502 1194 2534 il-

323 2558 389 2591 lius
424 2564 523 2590 nutus
552 2554 734 2598 significare
767 2564 834 2586 non
859 2563 1003 2587 mentem
1030 2552 1064 2586 ἀ
1085 2562 1195 2594 conce·

324 2618 415 2652 ptum
440 2605 532 2649 ipsius
555 2603 793 2647 procuratoris3
821 2603 875 2642 sed·
896 2613 1039 2642 mentem
1060 2614 1098 2636 ac
1121 2614 1206 2636 σοιν.

323 2668 454 2701 ceptum
476 2654 678 2699 principalis.
835 2687 837 2689 ¹

380 2719 429 2753 ¹4·
442 2704 524 2748 Resp.
538 2710 640 2741 tertio:
672 2703 835 2746 scripturae
847 2703 1084 2748 significatione
1097 2704 1200 2736 aaut·

327 2759 349 2793 li
373 2756 553 2802 significant
575 2755 971 2798 aliquando.&vvocem‚
998 2754 1031 2787 ἀ
1055 2765 1140 2794 rem,
1166 2753 1199 2786 ὅ(

327 2817 544 2850 conceptum:
568 2802 747 2848 aliquando
766 2803 866 2837 solam
891 2815 1029 2838 vocem.-
1056 2804 1200 2847 aliquan-

326 2862 371 2894 do
394 2859 495 2892 solam
519 2866 586 2889 rem
609 2866 617 2887 ε
645 2854 823 2897 aliquando
846 2864 959 2888 vocem
981 2855 1014 2887 &
1041 2864 1106 2887 rem
1134 2853 1201 2886 fine

326 2919 487 2951 conceptu
512 2920 538 2939 .·-
561 2915 728 2948 nunquam
751 2914 859 2938 tamen
880 2904 984 2937 solum
1006 2913 1200 2946 conceptum

329 2961 396 2994 sine
418 2969 451 2992 re
477 2979 487 2998 ,
523 2964 555 2988 ut
586 2957 652 2987 dixi
672 2953 765 2998 supra
786 2956 823 2987 de
844 2953 962 2986 vocibus
988 2978 995 2985 .
1034 2953 1199 2993 Probatur:

331 3010 407 3054 quia
434 3007 594 3049 scripturae
615 3004 646 3038 id
675 3006 742 3039 adiu
758 3005 963 3048 significant,
991 3004 1079 3046 quod
1092 3004 1202 3047 segens

331 3072 371 3095 ex
396 3057 565 3093 occasione
586 3056 746 3098 scripturae
768 3055 850 3088 leetae
873 3056 943 3087 aCIu
965 3054 1134 3095 concipit:
1161 3062 1202 3085 at-

333 3112 388 3153 qui
409 3110 518 3152 legens
538 3116 578 3137 ex
601 3107 768 3139 occasione
791 3104 951 3149 scrIprurae
978 3104 1061 3136 leoz
1089 3104 1201 3137 conci-

333 3163 380 3203 pit
405 3154 582 3200 aliquando
605 3156 706 3189 solam
729 3166 865 3197 vocem;
893 3165 928 3189 ut
952 3163 1037 3197 patet
1062 3154 1095 3186 in
1121 3152 1204 3193 inis,

336 3210 389 3250 qui
414 3210 528 3252 legunt
558 3206 726 3248 scripturas
749 3203 979 3238 idiomatissibi
993 3203 1097 3248 ignoti
1113 3216 1124 3236 .·
1149 3203 1203 3237 ali·

339 3259 469 3301 quando
490 3267 604 3290 vocem
625 3265 698 3288 cum
723 3266 788 3288 rem
812 3254 991 3298 significata
1012 3267 1024 3287 .·
1062 3253 1203 3295 aliquan-

339 3309 383 3341 do
406 3308 551 3350 concipit
573 3306 673 3340 solam
698 3315 762 3338 rem
785 3304 994 3349 fignificatam
1017 3315 1085 3338 non
1097 3303 1204 3337 conci-

340 3358 460 3401 piendo
484 3367 595 3389 vocem
611 3381 620 3395 ‚
648 3366 752 3399 neque
764 3356 807 3388 rei
821 3365 1034 3398 conceptum:
1063 3354 1193 3397 aliquan

341 3410 385 3441 do
407 3406 482 3438 vero
516 3406 548 3437 &
568 3417 683 3439 vocem
708 3430 718 3445 ,
744 3405 777 3439 ἃ
800 3417 899 3445 rem„
936 3405 972 3438 &
992 3414 1205 3447 conceptum:

341 3470 379 3492 ut
401 3467 454 3500 per
477 3456 636 3499 propriam
667 3456 903 3498 experientiam
917 3455 1143 3498 ,unusquisque
1165 3453 1208 3489 fa·

903 116 1222 159 Dls'ru'rA‘r.

1266 116 1359 160 VI:
1383 117 1429 161 D
1449 133 1472 160 u
1489 130 1522 161 Β.
1561 119 1617 163 11.

1271 202 1335 235 cile
1356 203 1490 246 probare
1512 204 1616 247 potest
1639 216 1649 245 ς
1686 206 1764 249 etg'o
1797 204 1947 253 scriptura
1970 206 2085 242 asinali
2110 204 2150 251 ῆς

1270 254 1487 298 gnificatione
1508 255 1688 298 aliquando
1710 255 1869 299 fignificat
1881 251 1943 290 sioc
1961 283 1969 297 ,
1998 250 2155 301 aliquaurf

1269 303 1314 336 do
1335 304 1413 337 iilud
1427 328 1438 345 ,
1465 315 1501 338 ut
1520 300 1641 339 dic'ium
1665 305 1710 337 est
1724 329 1731 336 .
1758 306 1930 361 Significat
1952 318 2059 340 autem
2073 308 2144 340 scri-

1271 363 1362 396 ptura
1385 353 1451 388 haec
1470 357 1582 389 omnia
1616 357 1742 397 praefata
1768 356 1880 389 eadem
1904 356 2143 400 significatione

1266 404 1478 444 aptitudinali
1501 429 1511 445 ,
1539 407 1573 439 &
1599 406 1731 439 diversis
1758 405 1939 440 actualibus
1963 418 1971 438 :
1997 415 2029 439 ut
2049 405 2141 450 supra

1272 454 1339 484 dixi
1364 456 1402 487 de
1428 465 1514 487 voce.
1930 465 1934 470 '

1323 514 1374 547 15-
1404 506 1490 537 Petes
1506 503 1635 547 secunda
1655 518 1662 538 :
1697 518 1739 539 an
1769 506 1920 549 scriptura
1943 505 2056 540 eadem
2081 505 2139 540 im·

1270 553 1432 595 positione
1453 555 1599 598 imposita
1623 567 1660 588 ac
1683 555 1834 598 deputata
1857 557 1945 590 fitad
1959 555 2142 601 significan·

1268 603 1342 636 dam
1368 614 1482 637 vocem
1499 628 1510 644 ‚
1532 605 1567 638 ἀ
1587 605 1627 638 ad
1650 605 1894 649 significandam
1922 617 1987 640 rem
2010 607 2023 640 ?
2049 605 2139 648 Resp-

1269 653 1429 695 negativb,
1458 655 1492 687 (τ
1518 655 1600 687 dico:
1629 653 1685 686 has
1707 655 1928 698 impositiones
1954 659 2015 690 esse
2033 656 2141 689 diver-

1268 704 1314 735 sas
1336 725 1343 733 .
1382 703 1531 736 Probatur
1552 716 1560 736 ε
1598 704 1674 746 quia
1693 705 1808 748 aliquae
1830 705 1989 750 scripturae
2017 704 2138 739 habent

1268 753 1506 795 impositionem
1529 754 1569 787 ad
1591 753 1834 799 significandam
1849 767 1984 797 vocem,
2011 767 2137 798 quaeta·

1267 814 1340 836 men
1363 814 1470 837 carent
1497 804 1708 846 impositione
1730 805 1770 838 ad
1789 806 2033 850 significandam
2046 817 2136 842 rem:

1265 863 1342 896 ergo
1367 853 1530 896 impositio
1551 853 1711 896 scripturae
1742 856 1782 888 ad
1805 866 1917 890 vocem
1939 857 1984 891 est
2012 854 2137 890 realiter

1266 903 1449 945 separabilis
1472 928 1482 944 ,
1509 905 1696 948 realiterque
1715 905 1866 939 distinata
1890 906 1931 940 ab
1958 907 2137 950 impositioff

1267 965 1307 986 ne
1328 954 1416 988 iliius
1435 954 1476 988 ad
1498 966 1564 989 rem
1589 980 1597 988 .
1634 954 1782 989 Probatur
1807 957 1982 990 antecedens
2011 969 2018 988 z
2057 957 2135 1000 quia

1267 1003 1406 1049 verb.gr.
1427 1006 1580 1047 scriptura
1600 1004 1698 1038 blu‘lri
1719 1006 1762 1039 esi
1783 1007 1930 1050 imposita
1953 1007 1993 1041 ad
2015 1006 2137 1051 fignifi—

1264 1053 1401 1088 candam
1435 1065 1550 1088 vocem
1579 1054 1679 1088 baert
1709 1055 1763 1089 fibi
1791 1055 2095 1100 correspondentem
2119 1068 2134 1097 ;
2160 1088 2163 1091 ,

1265 1115 1339 1136 nam
1362 1113 1396 1137 ut
1417 1105 1505 1138 dubio
1525 1106 1709 1146 praecedenti
1729 1105 1796 1139 dlxi
1819 1118 1826 1138 ε
1862 1108 1972 1141 omnis
1993 1107 2136 1141 omnino

1264 1154 1417 1196 scriptura
1441 1155 1484 1187 esi
1514 1155 1662 1197 imposita
1686 1154 1726 1188 ad
1740 1156 1988 1199 significandam
2001 1167 2134 1190 vocem.

1266 1203 1307 1236 Et
1329 1214 1437 1237 tamen
1460 1204 1518 1237 ista
1545 1203 1695 1247 scriptura
1724 1205 1824 1238 latren
1841 1230 1852 1246 ‚
1892 1206 2041 1240 nondum
2067 1205 2137 1249 ἔην,

1262 1253 1364 1296 posita
1400 1253 1444 1287 est
1482 1253 1524 1288 ad
1559 1254 1660 1288 ullam
1683 1266 1748 1288 rem
1774 1255 2018 1300 significandam
2039 1269 2047 1289 t
2086 1255 2137 1297 est.

1261 1304 1382 1348 quippe
1398 1303 1551 1347 scriptura
1575 1305 1887 1349 non-significativa.
1918 1308 2006 1351 Ergo
2018 1306 2135 1350 aliquae

1262 1354 1420 1397 scripture
1448 1353 1570 1388 habent
1605 1355 1844 1398 impositionem
1872 1356 1912 1390 ad
1936 1367 2049 1390 vocem
2068 1356 2135 1390 sine

1261 1403 1469 1447 impositione
1495 1405 1535 1438 ad
1547 1415 1634 1438 rem.
1666 1407 1837 1439 Praei-rea:
1861 1406 2135 1449 possuntscriptuq

1260 1465 1298 1487 τε
1320 1453 1449 1496 perdere
1478 1455 1721 1498 impositionem
1750 1455 1789 1489 ad
1817 1467 1906 1496 rem,
1934 1466 2058 1491 retenta
2078 1457 2137 1497 imf

1260 1504 1421 1546 positione
1446 1504 1487 1537 ad
1517 1515 1654 1547 vocem;
1679 1516 1759 1551 ergo
1785 1506 1955 1540 manifeste
1981 1505 2044 1539 issae
2063 1505 2134 1542 dua

1260 1554 1482 1597 impositiones
1495 1555 1568 1589 sunt
1581 1555 1788 1598 separabiles,
1817 1556 2011 1600 realiterque
2022 1556 2135 1596 distinq

1258 1604 1331 1638 Qae.
1359 1603 1509 1638 Probatur
1535 1607 1735 1639 antecedens:
1760 1606 1837 1648 quia
1856 1606 1877 1639 si
1900 1607 1985 1641 verb.
1999 1618 2044 1650 gr.
2070 1608 2136 1647 <lox

1259 1653 1341 1687 bomo
1362 1654 1506 1697 perderet
1527 1654 1772 1698 impositionem
1796 1657 1884 1690 suam
1909 1680 1920 1696 ,
1956 1656 2132 1690 deflueret·-

1261 1716 1324 1748 que
1345 1704 1413 1738 fieri
1433 1704 1647 1749 significativa
1671 1715 1790 1739 natura:
1813 1705 1963 1740 humanae
1987 1718 1997 1749 ;
2033 1705 2137 1746 etiam

1260 1755 1413 1799 scriptura
1434 1753 1516 1788 bomo
1530 1753 1775 1800 perderetissam
1789 1755 2029 1800 impositionem
2044 1780 2056 1796 ‚
2080 1755 2136 1793 dev

1259 1805 1436 1846 sineretque
1459 1807 1523 1839 esse
1548 1805 1771 1853 *significativa
1812 1817 1931 1840 naturas
1958 1803 2133 1847 humanae3

1259 1865 1336 1890 cum
1360 1854 1512 1898 scriptura
1536 1879 1548 1895 ,
1573 1866 1688 1899 utpote
1709 1856 1798 1891 vocis
1820 1855 1939 1890 vicaria
1957 1880 1968 1896 ,
1995 1853 2080 1890 nihil
2101 1854 2136 1889 fi·

1259 1905 1417 1950 gnificare
1429 1906 1535 1948 possit,
1546 1906 1634 1947 quod
1647 1917 1714 1940 non
1727 1905 1926 1951 significetur
1937 1917 1991 1949 per
2003 1915 2135 1946 vocem-⁴

1262 1955 1354 1999 Ergo
1374 1954 1475 1997 posset
1497 1955 1651 1997 scriptura
1677 1955 1807 1998 perdere
1829 1955 2070 1999 impositionem
2094 1953 2138 1997 ad

1269 2015 1334 2039 rem
1371 2013 1495 2039 retenta
1526 2012 1636 2038 tamen
1674 2003 1886 2048 impositione
1911 2004 1952 2039 ad
1973 2015 2109 2045 vocem.
2131 2030 2137 2041 .

1319 2059 1374 2091 16.
1387 2057 1476 2088 Petet
1485 2056 1573 2087 terti«)
1588 2068 1599 2088 .-
1612 2066 1653 2088 nn
1666 2065 1733 2089 vox
1744 2055 1777 2089 ἀ
1790 2055 1944 2099 scriptura
1955 2054 2004 2088 illi
2017 2054 2137 2089 corres-

1265 2102 1413 2145 pondens
1423 2103 1535 2138 eadem
1547 2104 1754 2147 impositione
1767 2104 1978 2148 imponantur
1988 2105 2028 2139 ad
2039 2104 2138 2148 figni÷

1262 2153 1424 2187 ficandam
1435 2161 1520 2194 rem;
1549 2163 1593 2186 an
1606 2164 1682 2187 vero
1693 2153 1888 2188 intervenire
1898 2153 1970 2188 duae
1981 2167 1992 2189 .·
2011 2153 2110 2187 altera
2123 2177 2136 2193 ,

1263 2214 1326 2247 qua
1341 2203 1526 2245 imponatur
1540 2202 1992 2247 vox,nltera‚qualimponatur
2003 2203 2137 2246 scriptu·

1261 2254 1319 2287 ra?
1340 2257 1511 2295 Antequam
1534 2249 1611 2295 resp.
1619 2250 1750 2296 suppono
1770 2262 1779 2288 :
1802 2254 1989 2297 scripturam
2003 2252 2139 2300 spectqri

1263 2302 1351 2346 posse
1362 2301 1493 2336 duobus
1506 2298 1584 2344 mod
1590 2301 1615 2336 is
1627 2325 1635 2334 .
1647 2305 1750 2346 Primii
1763 2316 1770 2335 ι
1784 2313 1879 2346 prout
1891 2301 1933 2336 de
1945 2303 2031 2336 fusto
2041 2300 2139 2345 instiq

1263 2363 1334 2386 tuta
1354 2350 1457 2391 estad
1469 2351 1716 2396 significandam
1731 2363 1866 2388 vocem.
1893 2353 2040 2387 secunda:
2069 2360 2140 2395 pro!

1263 2413 1298 2437 ut
1320 2398 1363 2436 ad
1400 2412 1515 2436 vocem
1542 2402 1787 2447 significandam
1815 2401 1955 2438 necdum
1979 2401 2025 2435 est
2047 2401 2141 2449 insi&

1263 2462 1353 2487 tuta.
1381 2450 1472 2495 Resp.
1491 2457 1591 2494 primo
1609 2466 1621 2486 .·
1647 2452 1806 2497 supposita
1827 2451 2139 2497 deputationesss'pri-

1263 2513 1363 2546 ptura:
1377 2502 1419 2536 ad
1438 2501 1681 2546 fignificandam
1704 2512 1820 2536 vocem
1832 2525 1843 2542 ,
1871 2502 1985 2537 eadem
2006 2501 2139 2544 deputa-v

1263 2555 1356 2588 tione
1364 2576 1378 2592 -,
1403 2563 1466 2596 qua
1478 2551 1651 2595 deputatur
1663 2563 1728 2594 vox
1739 2552 1780 2592 ad
1792 2550 2033 2597 significandam
2046 2562 2113 2585 rem
2123 2574 2139 2591 ,

1262 2602 1363 2638 etiam
1385 2601 1569 2644 deputatuv
1584 2601 1740 2645 scriptura
1764 2601 1856 2636 istius
1878 2601 1968 2636 vocis
1990 2624 1998 2633 .
2027 2601 2142 2643 Prqbcij

1265 2662 1334 2686 tur:
1361 2650 1438 2696 quia
1461 2649 1615 2694 scriptura
1633 2651 1674 2685 ad
1697 2649 1941 2696 significandam
1961 2648 2144 2694 vocanda

1266 2710 1376 2746 putata
1408 2701 1570 2746 significat
1596 2712 1698 2736 omne
1717 2701 1799 2739 iliud
1829 2724 1840 2741 ,
1869 2701 1959 2744 quod
1977 2697 2144 2749 significa}

1265 2763 1332 2786 vox
1356 2764 1366 2794 ;
1402 2761 1517 2796 utpote
1536 2751 1626 2786 vocis
1654 2752 1689 2786 in
1713 2751 1929 2797 significando
1953 2751 2070 2786 vicaria
2102 2751 2141 2795 ac}

1266 2802 1434 2846 delegata:
1460 2803 1551 2847 atqui
1579 2813 1644 2835 vox
1666 2812 1721 2845 per
1745 2802 1986 2845 impositionem
2007 2802 2048 2836 ad
2071 2811 2143 2844 reug

1267 2853 1306 2886 fit
1325 2851 1540 2897 significativa
1565 2851 1632 2894 rei;
1657 2862 1737 2896 ergo
1759 2862 1813 2895 per
1839 2849 2145 2901 illammettimposiq·

1267 2903 1394 2937 tionem
1417 2903 1454 2937 fit
1476 2903 1629 2946 scriptura
1653 2901 1865 2945 significativa
1886 2902 1931 2935 rei
1957 2926 1965 2934 .
1992 2901 2145 2939 Probatur,

1267 2954 1338 2994 maj.
1359 2953 1435 2995 quia
1457 2950 1614 2997 quidquid
1636 2951 1681 2985 est
1708 2951 1839 2996 signum
1862 2952 1944 2996 signi
1973 2951 2020 2985 est
2040 2952 2148 2994 etim

1268 3003 1397 3047 signum
1417 3001 1608 3048 significati:
1635 3002 1725 3045 atqui
1746 3002 1900 3045 scriptura
1920 3001 2072 3044 deputata
2098 2999 2144 3036 ad.

1270 3064 1386 3087 vocem
1405 3053 1451 3087 est
1470 3051 1686 3098 significativa
1706 3051 1810 3094 vocis;
1839 3061 1918 3098 ergo
1941 3051 2041 3085 etiam
2052 3049 2096 3083 est
2109 3049 2145 3085 fi.

1270 3103 1459 3147 gnificativa
1479 3102 1635 3146 „omnium
1658 3110 1771 3135 eorum
1794 3125 1806 3141 ,
1833 3111 1974 3144 quorum
2003 3111 2069 3134 vox
2096 3098 2149 3133 est.-

1271 3152 1466 3197 fignificgtiv
1495 3165 1530 3195 ,ἕ
1555 3151 1647 3196 atqui
1671 3162 1736 3186 vox
1755 3161 1810 3195 per
1822 3151 2073 3195 *impositionem
2100 3146 2146 3183 ad

1273 3214 1338 3236 rem
1360 3203 1428 3243 est,
1455 3163 1489 3237 ὲ
1510 3198 1780 3246 fit'signisicativa
1807 3202 1874 3243 rei;
1901 3211 1982 3245 ergo
2004 3210 2056 3244 per
2067 3210 2148 3234 ean-

1272 3252 1345 3285 dem
1368 3253 1458 3286 illam
1483 3252 1722 3296 impositionem
1748 3251 1848 3286 etiam
1872 3251 2023 3294 scriptura
2052 3249 2144 3283 istius

1274 3304 1363 3336 vocis
1391 3305 1427 3336 fit
1466 3301 1678 3348 significativa
1705 3302 1749 3335 rei
1777 3314 1787 3344 ;
1823 3313 1905 3346 ergo
1931 3311 1986 3343 per
2007 3297 2145 3333 eandem

1275 3353 1518 3396 impositionem
1557 3352 1772 3394 imponuntur
1818 3352 1858 3385 ad
1881 3349 2144 3394 *significandam

1274 3413 1341 3436 rem
1368 3414 1434 3438 vox
1459 3403 1491 3437 &
1512 3401 1665 3445 scriptura
1686 3402 1726 3435 ad
1753 3412 1865 3435 vocem
1879 3400 2052 3443 deputata.
2081 3399 2144 3434 At·

1274 3463 1381 3488 tamen
1404 3464 1478 3488 cum
1501 3450 1561 3487 hac
1584 3451 1786 3487 differentia:
1813 3449 1901 3496 qnod
1923 3449 1981 3484 ista
2007 3451 2144 3492 imposi-

2046 3509 2095 3534 tto
