2384 3770
123 2081 173 2118 Ca
179 2093 207 2126 p.
222 2092 250 2121 2.

367 107 401 142 6
892 95 998 141 De

318 181 366 215 illi
397 203 408 220 ,
427 180 479 220 qui
499 184 609 211 mecum
629 174 681 220 effe
692 175 865 220 volumem,
889 187 924 211 ut
946 180 984 212 de
1003 185 1147 213 communi
1160 184 1206 214 vi-

319 240 458 266 veremus
471 253 479 261 .
505 231 667 259 Commune
690 236 790 260 autem
811 227 894 262 nobis
915 229 982 272 esset
1008 242 1148 274 magnum
1173 231 1206 265 (9

321 280 502 315 uberrimum
516 278 671 318 praedium
691 300 702 317 ,
728 275 788 320 ipse
814 280 912 312 Deus.
947 282 1078 313 Perveni
1104 281 1148 313 ad
1164 282 1208 312 Ε-

314 328 501 374 piscopatum
518 338 532 368 ,·
560 327 629 359 vidi
652 327 756 370 necesse
789 327 893 361 babere
914 329 1095 373 Episcopum
1118 329 1208 364 exbi-

317 381 386 415 bere
406 378 628 409 humanitatem
652 378 795 417 afflduam
830 379 993 422 quibusque
1022 379 1207 414 venientibus

310 428 376 474 five
402 425 622 468 transeuntibus
644 450 652 459 .
679 430 774 470 ,Quod
789 428 820 471 si
848 441 904 462 non
923 429 1055 472 flciffem
1080 455 1091 471 ,
1117 428 1207 473 Epis·

315 487 400 520 copus
429 476 609 510 inhumanus
629 478 757 520 dicerer-5
777 477 807 520 fi
825 490 923 513 autem
950 480 1126 524 consuetudo
1151 480 1206 519 ista

315 535 350 564 in
380 526 549 566 monasterio
577 530 716 571 permiffae
733 528 798 572 esset
825 553 836 569 ‚
861 530 1001 563 indecem
1033 533 1099 574 effer
1124 556 1131 564 .
1159 533 1205 564 Et

315 580 382 613 ideo
406 577 487 610 volui
511 583 545 611 in
566 579 650 610 domo
665 578 719 617 ista
733 577 873 622 Epiftopi
893 578 999 613 babere
1017 592 1125 614 mecum
1145 594 1202 614 mo·

315 627 475 668 nasterium
499 630 667 662 clericorum
692 652 699 660 .
724 628 805 662 Duo
828 631 937 672 itaque
971 631 1113 665 instituit
1138 634 1203 665 Au—

314 677 466 724 gustinus
488 679 684 712 monasteria
707 692 718 714 ‚·
746 678 892 713 Primum
918 680 1093 724 Presbyter
1129 682 1202 714 Ere·

313 730 469 763 mirarum
492 728 526 761 in
551 727 710 763 hortoseu
733 739 814 772 agro
828 729 1042 773 suburbano3
1065 731 1202 765 alterum

313 779 499 822 Episcopus
523 779 556 812 in
580 777 683 814 domo
705 777 893 824 Episcopali
918 780 1126 824 Clericorum
1150 783 1201 817 (eu

315 838 555 866 canonicorum
568 852 577 865 ,

484 929 517 964 C
567 929 599 963 A
652 928 678 962 P
731 929 773 968 U
824 929 862 964 T
961 929 1040 965 111.

400 1035 474 1065 Haec
500 1029 649 1074 Augustini
675 1039 712 1062 ac
741 1029 855 1075 Poffidii
881 1025 1025 1064 addam*
1041 1031 1106 1065 loca

649 1079 854 1115 elucidantur.

398 1180 504 1215 Rimd
526 1202 537 1219 ,
569 1178 770 1213 attendenda
803 1179 878 1215 sunt
916 1177 985 1214 haec
1013 1180 1194 1226 Augustini

406 1230 502 1265 verba
528 1254 535 1261 .
563 1232 637 1262 Veni
656 1230 701 1261 ad
721 1228 804 1268 istam
825 1234 984 1263 civitatem
1002 1240 1127 1273 propter
1151 1237 1196 1265 vi·

306 1281 437 1313 dandum
458 1287 584 1313 amicum
602 1304 612 1320 ,
640 1290 726 1321 quem
745 1278 893 1321 putabam
914 1292 960 1314 me
991 1282 1103 1314 lucrari
1122 1285 1195 1324 poJJe

304 1332 368 1365 Deo
380 1355 390 1371 ,
417 1339 450 1364 ut
470 1327 616 1372 nobiscum
639 1329 705 1372 effer
715 1335 748 1362 in
769 1329 959 1369 monasterio.
986 1331 1168 1378 Dicetquis
1183 1356 1192 1371 ,

303 1380 339 1413 in
363 1392 431 1424 quo
454 1379 650 1415 monasterio
670 1380 683 1413 ?
712 1378 763 1413 Eo
787 1389 932 1423 tempore
957 1381 1096 1415 necdum
1124 1393 1189 1415 erat

292 1430 537 1465 ‘monasterium
559 1442 570 1462 r
608 1429 755 1463 Primum
787 1431 1187 1474 namquemonasserium

302 1480 367 1514 fuit
391 1480 624 1515 monasterium
651 1479 889 1522 Hipponense‚
914 1481 1004 1523 quod
1025 1490 1105 1516 tunc
1119 1493 1189 1515 nec-

302 1529 383 1563 dum
413 1541 480 1565 erat
499 1555 509 1570 ,
539 1528 653 1573 utique
683 1529 878 1564 aedificatum
911 1531 1083 1565 dumtaxat
1118 1534 1185 1574 post

304 1580 485 1624 Augustini
510 1578 774 1622 presbyteratum
789 1604 799 1620 ,
818 1589 899 1613 tunc
912 1580 1184 1624 primoincboan-

302 1630 344 1663 tis
362 1630 519 1675 colligere
541 1631 655 1664 fratres
676 1629 756 1664 boni
779 1631 930 1673 propositi
955 1655 962 1663 .
991 1631 1035 1668 ln.
1051 1643 1118 1675 quo
1143 1643 1186 1665 er-

284 1689 348 1724 ·go
371 1680 575 1714 monasterio
598 1677 674 1714 cu'm
701 1680 891 1724 Augustino
914 1679 1023 1716 adhuc
1041 1682 1127 1715 laico
1141 1683 1184 1715 fu·

300 1735 391 1763 turus
416 1729 526 1765 fuisset
544 1729 602 1764 iste
626 1730 751 1764 amicus
774 1731 787 1763 ἓ
815 1730 1017 1774 Respondeo
1037 1743 1113 1766 eum
1141 1733 1183 1766 fu-

300 1788 408 1812 turum
431 1781 526 1815 fuisse
561 1781 595 1814 in
620 1779 818 1814 monasterio
845 1782 897 1815 seu
931 1781 1051 1817 Eremo
1076 1781 1183 1826 Taga-

298 1829 390 1862 stenfi
417 1841 424 1861 :
452 1830 564 1873 Hujus
597 1841 739 1874 namque
772 1830 894 1865 bonam
926 1832 1048 1866 famam
1077 1831 1188 1877 Agens

299 1879 358 1913 iste
380 1879 414 1912 in
437 1878 532 1912 rebus
567 1881 666 1922 usque
688 1881 879 1923 Hipponem
913 1881 1058 1915 audierat
1084 1906 1095 1923 ,
1130 1880 1185 1916 hu—

297 1928 347 1972 jus
372 1929 549 1973 ingressum
573 1938 726 1967 voverat,
754 1929 851 1972 hujus
876 1932 945 1964 voti
970 1933 1076 1973 cauffo
1095 1943 1176 1967 vene

299 1989 348 2013 rat
369 1978 577 2023 Augustinus
600 1977 794 2021 Hipponem
810 2000 817 2009 .
844 1978 923 2011 Hoc
941 1979 987 2011 est
1011 1979 1094 2015 illud
1119 1991 1181 2013 mov

300 2028 473 2067 nasterium
498 2053 507 2069 ,
534 2028 576 2061 de
593 2038 660 2070 quo
683 2027 726 2061 ita
742 2026 822 2060 dicit
851 2026 1012 2061 Poffidius
1032 2051 1039 2058 .
1072 2029 1192 2073 Fabius

302 2079 458 2117 Presbyter
491 2076 697 2113 monasterium
725 2080 806 2106 intra
837 2073 994 2114 Ecclefiaem
1015 2077 1084 2109 mox
1107 2077 1182 2113 insti-

298 2135 358 2162 tuit
377 2153 387 2169 ,
418 2131 453 2162 Θ
483 2137 549 2160 cum
572 2127 628 2157 Dei
653 2122 753 2166 servis
781 2127 889 2156 vivere
909 2127 998 2163 caepit
1027 2121 1186 2164 secundum

301 2180 421 2213 modum
448 2179 481 2210 (9·
512 2175 646 2218 regulam
667 2171 724 2215 sub
748 2170 862 2214 sanffls
890 2172 1030 2214 apostolis
1057 2173 1183 2212 constitu-

304 2220 399 2261 tam..
427 2227 562 2258 Maxime*
585 2232 618 2256 ut
640 2225 724 2256 nemo
742 2223 909 2264 quidquam
927 2227 1134 2266 propriumxin
1154 2222 1186 2256 il·

304 2279 335 2314 la
354 2275 495 2321 societate
515 2274 636 2307 haberet
657 2297 668 2312 ,
689 2271 746 2315 sed
765 2279 809 2306 eis
833 2272 920 2315 essent
942 2277 1040 2305 omnia
1066 2283 1184 2310 commu-

305 2334 358 2363 nia
378 2352 389 2369 ‚
414 2328 448 2360 &
469 2324 689 2365 distribueretur
715 2328 893 2365 unicuique,
916 2322 987 2363 ficut
1011 2330 1080 2363 opus
1103 2333 1188 2363 erat,

303 2379 383 2421 quod
404 2379 475 2418 jam
491 2373 552 2417 ipse
572 2380 655 2416 prior
670 2371 790 2414 fecerat
808 2396 818 2411 ‚
849 2373 921 2406 dum
941 2374 978 2405 de
1013 2371 1186 2415 transmari·

303 2424 352 2461 nis
375 2429 420 2460 ad
437 2431 562 2469 propria
587 2422 735 2464 remeaffet
755 2447 762 2455 .
793 2422 878 2456 Ecce
904 2446 915 2462 ,
947 2422 1011 2465 jam
1037 2423 1144 2457 statim
1172 2423 1188 2456 ὲ

302 2480 362 2513 suo
386 2479 419 2510 in
446 2476 594 2509 Africam
606 2485 644 2506 ac
657 2482 751 2516 agros
770 2472 915 2515 proprios
935 2473 1077 2507 adventu
1103 2475 1187 2508 vixc

299 2537 348 2563 rat
369 2527 468 2561 vitam
490 2533 704 2560 communem
724 2546 735 2562 ,
763 2523 794 2557 &
816 2522 947 2566 quidem
971 2533 1042 2557 eam
1065 2525 1163 2566 ipsam
1180 2548 1190 2563 ‚

301 2588 399 2623 quam
424 2575 530 2619 postea
545 2571 715 2615 Presbyter
736 2571 877 2608 instituit
900 2573 1060 2615 Hippone
1085 2597 1091 2605 .
1119 2575 1187 2616 Jam

301 2638 382 2672 ergo
415 2635 492 2660 ante
519 2624 782 2665 Presbyteratum
821 2633 887 2656 erat
921 2622 1153 2658 monasterium
1182 2648 1192 2664 ,

286 2678 445 2712 necdum
469 2685 577 2709 tamen
600 2685 640 2707 ex
674 2673 775 2706 muris
794 2684 832 2706 ac
852 2672 1014 2716 lapidibus
1034 2698 1044 2713 ‚
1071 2674 1124 2706 sed
1148 2685 1187 2708 ex

302 2728 382 2762 solis
403 2725 596 2760 hominibus
616 2735 654 2756 ac
675 2724 790 2757 sanctis
804 2723 949 2758 moribus
971 2723 1188 2758 aedificatum:

304 2776 409 2812 Primi
424 2777 516 2809 'muri
542 2775 674 2808 fuerunt
697 2773 730 2806 in
753 2772 851 2806 horto
874 2773 1079 2817 Hipponenfi
1096 2797 1103 2805 .

353 2825 527 2865 Secundo,
553 2823 748 2857 elucidanda
773 2823 845 2857 sunt
865 2821 932 2857 haec
954 2823 1049 2857 verba
1075 2823 1186 2867 Augu·

303 2877 381 2911 mni
401 2901 408 2908 .
440 2875 622 2919 ,Quaerebam
635 2897 644 2913 ,
664 2873 713 2905 ubi
734 2872 931 2911 constituerem
951 2874 1154 2915 monasterium
1179 2898 1188 2913 ‚

302 2927 338 2960 Β
360 2932 495 2959 viverem
513 2923 742 2966 cumfratribus
763 2929 836 2956 meis
860 2949 868 2960 ,
896 2925 975 2957 Hoc
1008 2925 1053 2958 est
1074 2948 1084 2964 ,
1114 2923 1188 2968 Ego

301 2977 368 3020 jam
392 2973 511 3009 habens
540 2974 773 3008 monasterium
796 2984 840 3007 ex
875 2973 1028 3008 fratribus
1046 2999 1055 3014 ,
1075 2984 1188 3016 quaere-

303 3026 380 3060 bam
401 3023 456 3058 ubi
477 3025 707 3060 constituerem
728 3024 961 3060 monasterium
992 3036 1033 3057 ex
1055 3023 1153 3058 muris
1179 3049 1185 3056 .

303 3075 388 3112 Peto
411 3098 422 3116 ‚
447 3073 526 3116 quid
551 3084 701 3116 quaereret
722 3099 733 3114 ,
761 3085 801 3107 an
836 3074 976 3109 fundum
1000 3096 1010 3112 ‚
1031 3086 1072 3108 an
1096 3085 1189 3108 num-

305 3136 378 3159 mos
405 3149 415 3165 ,
454 3135 494 3157 an
518 3123 643 3167 aliquid
677 3122 798 3161 aliud?
824 3123 1023 3160 Constanter
1049 3125 1190 3159 assevero

305 3185 411 3217 neque
431 3173 554 3210 fundos
576 3185 680 3214 neque
707 3185 860 3207 nummos
883 3175 1030 3218 quaefitos
1058 3174 1151 3208 fuisse
1183 3199 1193 3214 ‚

306 3225 365 3267 qui
387 3225 500 3268 utique
519 3222 648 3258 abunde
669 3223 884 3266 suppetebant
907 3250 914 3257 .
941 3224 1097 3262 Habebat
1120 3224 1190 3257 fun-

305 3272 368 3309 dos
390 3275 556 3316 quospiam
580 3273 772 3316 pauperibus
798 3273 984 3316 parentibus
1009 3285 1104 3308 natus
1125 3275 1193 3308 Au*

306 3322 454 3367 gustinus
474 3346 484 3361 ,
520 3323 660 3358 habebat
684 3324 798 3367 Agens
826 3324 858 3356 in
888 3324 981 3358 rebus
1006 3324 1153 3360 Evodius
1181 3348 1191 3364 ‚

307 3371 448 3406 habebat
472 3371 594 3406 nobilis
619 3385 656 3407 ac
678 3373 859 3416 opulentus
883 3372 1032 3417 Alipius:
1062 3375 1115 3409 Ex
1141 3373 1193 3408 his

306 3421 442 3467 seligere
463 3429 611 3465 poterant
630 3423 771 3463 aedificio
794 3422 987 3462 necessarios
1007 3448 1020 3467 ,
1052 3425 1094 3464 de
1120 3425 1209 3463 reli-.

1068 98 1310 144 Oaxo.

1386 95 1632 144 Earn.

1265 178 1337 222 quis
1357 178 1485 220 facere,
1505 180 1595 223 quod
1617 179 1659 214 de
1680 178 1748 215 suis
1767 190 1836 215 non
1858 178 1904 217 ita
1927 179 2051 222 dudum
2074 180 2146 226 post

1263 229 1410 264 fecerunt
1427 229 1641 265 paulinianus
1651 241 1689 264 ac
1708 231 1777 273 ejus
1785 232 2123 277 fratetHieronymus
2135 255 2147 273 ,

1262 277 1303 313 de
1326 290 1394 322 quo
1417 280 1462 314 ita
1485 279 1540 315 bic
1567 280 1678 315 scribit
1708 281 1748 315 ad
1769 279 2019 317 pammachium
2039 287 2061 316 .'
2076 287 2146 316 Nos

1261 334 1297 362 in
1322 329 1377 369 ista
1396 336 1558 371 provincia
1579 330 1730 374 aedificato
1752 330 1942 372 monasterio,
1968 327 2147 375 &diverso-

1261 385 1309 411 rio
1327 387 1450 421 propter
1480 381 1620 421 exstruc‘lo
1638 406 1648 421 ,
1676 392 1712 416 ne
1729 381 1815 422 forte
1847 383 1882 414 o·
1910 384 1995 421 modo
2021 387 2053 427 J
2057 381 2144 425 osepb

1259 439 1327 463 cum
1348 428 1389 463 M
1406 431 1434 463 A
1453 430 1481 464 R
1496 430 1511 463 l
1527 431 1557 464 A
1585 437 1618 464 in
1652 431 1810 466 Bethleem
1829 436 1953 466 veniens
1975 443 2031 464 non
2051 440 2144 468 inve-

1263 485 1329 511 niat
1352 478 1513 522 hospitium
1536 505 1547 521 ,
1575 487 1673 514 tantis
1696 483 1733 515 de
1746 491 1806 515 toto
1833 482 1900 514 orbe
1927 480 2142 520 confluentibus

1260 527 1357 562 turbis
1377 530 1527 563 obruimur
1550 531 1757 565 monachorum
1772 556 1782 571 ‚
1809 541 1843 566 ut
1859 543 1912 565 net·
1921 539 2050 572 caeptum
2068 540 2141 574 opus

1262 577 1392 622 deserere
1413 602 1425 620 ‚
1451 591 1503 614 nec
1515 579 1609 623 supra
1630 588 1716 615 vires
1735 582 1820 623 ferre
1841 582 1998 614 valeamus
2018 605 2026 613 .
2056 583 2142 615 Unde

1261 635 1332 670 quia
1348 630 1438 670 poem‘
1458 631 1540 664 nobis
1562 631 1639 672 istud
1645 633 1680 665 de
1693 633 1865 675 Evangelio
1875 636 2015 675 contigit,
2039 640 2074 662 ut
2088 630 2143 671 fu·
2157 660 2164 667 .

1262 689 1339 712 turae
1365 685 1459 712 turris
1471 692 1528 714 non
1547 691 1617 715 ante
1631 690 1864 723 computaremus
1877 680 2024 724 expensas
2035 693 2049 721 ;
2069 691 2141 712 com-

1260 728 1337 770 pulsi
1352 727 1455 772 sumus
1475 730 1610 771 fratrem
1625 734 1838 765 Paulinianum
1854 733 1900 764 ad
1916 737 2052 773 patriam
2074 736 2144 762 mit·

1262 789 1339 820 tere,
1364 787 1397 813 ut
1412 777 1571 821 semirutas
1593 783 1741 822 villulas,
1768 793 1837 825 quae
1863 782 2070 815 Barbarorum
2094 779 2137 821 ef-

1255 828 1404 873 fugerunt
1419 841 1526 865 manus
1550 856 1561 871 ,
1588 834 1622 866 tir
1636 842 1800 874 parentum
1818 837 2015 865 communium
2040 829 2141 873 census

1261 881 1424 920 venderet,
1451 891 1486 914 ne
1502 890 1631 924 caeptum
1646 881 1817 925 fundorum
1839 881 2032 922 ministerium
2059 878 2141 923 dese-

1260 938 1358 968 rentes
1371 954 1395 971 ),
1421 929 1512 973 rifiam
1532 934 1686 967 maledicis
1714 935 1749 967 o·
1775 933 1892 967 aemulis
1914 933 2103 973 praebeamus
2129 956 2138 964 .

1261 979 1358 1014 Certe
1383 990 1424 1014 eo
1446 991 1592 1025 tempore
1620 983 1760 1017 necdum
1788 984 1822 1017 in
1847 982 1996 1016 Africam
2023 982 2140 1024 irrupe-

1258 1040 1327 1063 tant
1340 1029 1471 1065 Barbari
1484 1056 1493 1072 ‚
1520 1033 1659 1069 necdum
1670 1033 2042 1076 expiliationibusatque
2061 1042 2141 1065 exu-

1250 1080 1421 1114 itionibus
1449 1092 1600 1125 agrorum
1624 1086 1721 1125 pretia
1743 1083 1967 1117 diminuerant
1995 1105 2006 1122 ,
2033 1092 2140 1123 neque

1257 1141 1339 1173 opus
1352 1140 1418 1165 erat
1432 1132 1533 1176 longa
1557 1134 1818 1176 peregrinatione
1833 1157 1841 1168 .
1870 1132 2015 1171 Proinde
2033 1142 2140 1174 neque

1257 1179 1376 1214 fundus
1391 1192 1496 1224 neque
1516 1194 1669 1217 nummus
1680 1182 1820 1216 aedificio
1846 1182 2036 1217 necessarius
2049 1191 2142 1225 pote-

1257 1240 1303 1262 rat
1322 1228 1521 1274 'Augustino
1545 1231 1669 1266 deeffe.

1304 1280 1393 1313 Dico
1414 1291 1495 1324 ergo
1508 1267 1882 1325 Augustinibdefuifle,
1906 1290 2005 1324 atque
2028 1277 2140 1314 abillo

1254 1329 1419 1370 quaefitum
1441 1330 1535 1364 fuiffe
1557 1331 1589 1364 id
1615 1355 1626 1371 ‚
1653 1330 1693 1365 de
1717 1342 1784 1374 quo
1811 1329 1854 1363 fic
1881 1330 1963 1364 dicit
1980 1330 2137 1364 -sanc'ium

1253 1379 1445 1414 Concilium
1474 1379 1750 1416 Chalcedonense
1779 1405 1786 1413 .
1812 1382 1882 1423 ,Qui
1906 1381 1978 1415 vere
2005 1381 2039 1414 ὀ·
2061 1381 2137 1422 pure·

1246 1427 1423 1470 solitariam
1443 1432 1555 1474 eligunt
1572 1436 1671 1464 vitam
1696 1454 1706 1470 ,
1733 1433 1817 1473 digni
1839 1428 1914 1472 sunt
1947 1434 2136 1464 convenienti

1250 1477 1373 1512 bonore.
1401 1482 1542 1524 ,Quidam
1564 1491 1668 1514 tamen
1693 1480 1900 1514 monachorum
1926 1478 2030 1512 babitu
2053 1488 2138 1513 uten-

1248 1538 1294 1562 tes
1316 1530 1527 1574 indifferenter
1550 1539 1605 1572 ptr
1616 1536 1760 1564 civitates
1786 1532 1928 1563 incedunt
1942 1533 2133 1569 „necnonbs

1249 1579 1422 1619 monasteria
1443 1582 1477 1615 ό]
1499 1579 1609 1623 seipsos
1631 1578 1754 1622 propria
1775 1578 2007 1622 presumptione
2031 1581 2136 1613 condo·

1250 1639 1377 1662 mnant.
1409 1631 1524 1664 Placuit
1550 1637 1642 1674 igitur
1668 1641 1816 1664 nemmem
1842 1640 1895 1662 aut
1923 1629 2071 1671 adificare
2081 1637 2135 1663 aut

1249 1679 1405 1721 construere
1429 1680 1605 1727 monasteria
1633 1705 1643 1720 ,
1669 1691 1723 1714 aut
1750 1686 1871 1714 oratorii
1897 1681 2013 1712 domum
2039 1703 2051 1719 ,
2071 1678 2135 1719 fine

1249 1728 1424 1770 conscientia
1450 1730 1698 1772 ipfius'civitatis
1727 1729 1866 1774 Epissopi
1893 1755 1900 1763 .
1929 1734 1991 1765 Eos
2018 1732 2091 1764 vero
2118 1753 2131 1769 ‚

1249 1785 1299 1820 qui
1323 1789 1378 1821 per
1398 1779 1525 1824 singulas
1538 1788 1677 1815 civitates
1700 1780 1752 1823 siu
1778 1780 1948 1822 possefflones
1976 1786 2008 1812 in
2035 1791 2134 1813 mona-

1243 1829 1340 1867 fieriis
1373 1829 1448 1873 sunt
1476 1855 1486 1871 ,
1508 1832 1606 1873 placet
1633 1831 1715 1864 noim
1744 1830 1888 1873 Episcopo
1909 1828 2053 1872 fitbjedlos
2080 1829 2131 1871 effe

1250 1879 1351 1913 debere
1371 1905 1380 1920 ,
1409 1882 1442 1914 (5
1468 1887 1558 1923 quieti
1585 1890 1703 1923 operam
1724 1882 1795 1914 dare
1821 1903 1831 1919 ,
1857 1890 1947 1921 atque
1974 1877 2132 1920 observare

1249 1931 1363 1967 iejunia
1381 1932 1415 1964 o·
1441 1937 1585 1965 orationes
1598 1956 1608 1972 ,
1634 1932 1750 1964 inlotis
1773 1955 1783 1970 ‚
1811 1937 1844 1963 in
1863 1930 1970 1971 quibus
1993 1928 2083 1972 semel
2096 1926 2130 1972 se

1254 1981 1312 2010 Deo
1321 1987 1463 2013 voverint
1475 2005 1486 2021 ,
1502 1990 1717 2023 permanentes
1731 2004 1739 2012 .
1768 1981 1844 2014 Scio
1867 1980 1957 2013 hunc
1968 1989 2134 2015 canonem

1250 2028 1312 2060 esse
1336 2028 1526 2072 Augustino
1547 2028 1757 2071 posteriorem
1778 2041 1787 2059 ι
1817 2030 1951 2067 verum,
1972 2028 2133 2070 quoniam

1251 2076 1282 2106 in
1307 2080 1460 2108 omnium
1485 2077 1633 2111 fidelium
1656 2076 1809 2111 cordibus
1826 2076 1916 2118 quast
1945 2077 2135 2110 naturaliter

1253 2121 1421 2163 inscriptus
1445 2123 1489 2155 est
1520 2146 1532 2162 ‚
1558 2135 1614 2165 per
1636 2134 1773 2157 omnem
1803 2124 1980 2157 Ecclefiam
2009 2127 2135 2167 semper

1251 2169 1438 2204 observatus
1456 2170 1537 2211 fuit,
1565 2171 1903 2217 estqueChalcedone
1930 2182 1998 2206 non
2025 2173 2134 2216 primo

1252 2220 1426 2260 definitus,
1453 2221 1504 2255 sed
1526 2221 1697 2256 dumtaxat
1718 2222 1894 2255 innovatus
1912 2233 1950 2255 ac
1973 2222 2007 2255 in
2030 2233 2135 2266 perpe⁶

1253 2281 1341 2316 tuam
1370 2271 1558 2314 scripturam
1584 2270 1727 2307 redactus
1758 2282 1887 2315 propter
1915 2272 2026 2312 nescio
2050 2283 2135 2316 quos

1255 2321 1513 2364 praesumptores.
1541 2322 1583 2355 Et
1595 2321 1727 2364 quidem
1741 2332 1815 2356 eum
1825 2319 2028 2357 observatum
2040 2334 2136 2366 opor-

1254 2371 1316 2405 tuit
1339 2382 1436 2414 quam
1450 2370 1594 2408 maxime
1614 2372 1631 2405 ὲ
1650 2372 1768 2411 Sancto
1782 2369 1991 2414 Augustino.
2023 2373 2137 2416 Augu-

1254 2420 1355 2456 stinus
1376 2421 1497 2464 quippe
1510 2432 1578 2456 rem
1601 2420 1780 2455 inchoabat
1803 2431 1946 2460 novam,
1971 2422 2135 2462 Africana:

1258 2470 1401 2504 Ecclesiae
1424 2469 1487 2504 hue
1507 2472 1607 2512 usque
1628 2471 1762 2504 invisam
1776 2470 2009 2508 acinsuetam,
2032 2472 2134 2505 eous-

1255 2530 1316 2564 que
1335 2522 1424 2554 enim
1450 2520 1564 2555 Africa
1580 2521 1690 2554 nullos
1708 2520 1849 2554 omnino
1872 2519 2054 2553 monachos
2075 2531 2137 2556 no·

1255 2580 1320 2603 rat.
1350 2570 1554 2615 Augustinus
1565 2573 1646 2615 ergo
1671 2569 1755 2604 nihil
1778 2567 1832 2603 bic
1855 2580 1977 2611 poterat
2001 2581 2056 2603 aut
2079 2581 2137 2604 vo-

1254 2619 1339 2655 lebat
1376 2621 1442 2654 fine
1476 2619 1608 2655 licentia
1641 2620 1776 2662 alicujus
1817 2619 1969 2662 Episcopi
1991 2631 1999 2651 ε
2032 2621 2134 2655 Hanc

1254 2669 1333 2704 hi'nc
1356 2671 1433 2704 inde
1454 2670 1657 2713 inquirebat.
1679 2670 1733 2706 sic
1757 2669 1852 2712 plane*
1876 2669 2040 2704 insumant
2065 2670 2135 2705 haec

1254 2720 1320 2762 ejus
1340 2719 1452 2754 verba.
1482 2724 1527 2755 Et
1547 2726 1619 2762 quia
1639 2720 1686 2754 bic
1705 2719 1897 2763 disponebam
1908 2720 1958 2763 effe
1978 2726 2011 2752 in
2035 2732 2134 2753 mona-

1252 2769 1336 2806 llerio
1356 2781 1420 2803 cum
1433 2770 1610 2812 fratribus,
1637 2776 1747 2815 cognito
1767 2768 1896 2808 instituto
1926 2771 1959 2804 o·
1980 2771 2134 2804 voluntate

1252 2820 1421 2855 meabeatae
1444 2827 1590 2854 memoriae
1607 2819 1699 2863 senex
1713 2822 1847 2853 Valerius
1874 2821 1958 2852 dedit
1969 2819 2043 2852 mihi
2068 2820 2133 2855 hor-

1252 2878 1335 2910 tum,
1363 2876 1395 2902 in
1415 2878 1470 2913 quo
1494 2882 1568 2903 nunc
1588 2871 1624 2910 est
1635 2869 1858 2910 monasterium.
1884 2869 2050 2910 Caepiboni
2063 2880 2133 2911 pro-

1249 2919 1332 2962 pofiti
1347 2920 1466 2961 fratres
1484 2922 1636 2964 colligere.
1666 2921 1770 2959 Ecce,
1801 2920 1950 2954 Valerius
1962 2919 2003 2954 de
2017 2920 2132 2965 Augu-

1253 2971 1328 3005 stini
1350 2971 1499 3007 instituto
1522 2982 1558 3006 ac
1573 2970 1742 3005 voluntate
1754 2970 1939 3014 cognovit,
1955 2971 2131 3013 cognitum

1252 3020 1442 3065 approbavit
1454 3046 1464 3061 ²
1493 3020 1623 3056 hortum
1642 3021 1691 3055 seu
1707 3031 1819 3064 agrum
1836 3018 1925 3054 dedit
1940 3043 1950 3058 ‚
1973 3021 2131 3062 caepitque

1252 3081 1331 3108 tunc
1355 3071 1563 3115 Augustinus
1587 3071 1691 3113 palam
1706 3072 1816 3103 fratres
1835 3068 1992 3111 colligere
2006 3092 2017 3108 ,
2037 3079 2131 3112 utpo-

1253 3131 1285 3155 te
1307 3131 1386 3155 tunc
1405 3121 1527 3157 habens
1550 3121 1711 3163 publicam
1739 3120 1929 3157 licentiam,
1956 3118 2132 3154 Ordinem·

1256 3182 1318 3214 que
1330 3171 1371 3204 ab
1394 3172 1532 3205 Ecciefia
1544 3169 1758 3213 approbatum
1775 3194 1781 3200 .
1813 3167 2037 3211 Approbatum
2049 3191 2058 3206 ,
2083 3170 2133 3203 in-

1251 3232 1349 3265 quam
1364 3246 1374 3260 ,
1395 3221 1436 3255 ab
1451 3220 1589 3255 Ecclesia
1615 3218 1840 3263 Hipponenfi:
1871 3217 2003 3253 Etenim
2016 3219 2049 3251 in
2062 3219 2134 3253 nui·

1254 3272 1318 3304 lam
1334 3272 1431 3304 aliam
1445 3271 1619 3305 Ecclesiam
1633 3270 1844 3314 propaginem
1860 3269 1947 3302 suam
1961 3267 2132 3309 traduxit,

1253 3321 1311 3354 nisi
1333 3321 1469 3356 obtenta
1490 3321 1646 3364 cujusque
1670 3318 1824 3363 Episcopi
1845 3318 1977 3352 licentia
1996 3341 2009 3358 ,
2037 3329 2074 3353 ut
2096 3320 2131 3353 in

1253 3372 1389 3408 decursu
1415 3373 1485 3406 sum
1515 3370 1674 3405 dissurus.

1303 3421 1445 3464 Tertio,
1473 3419 1618 3460 notanda
1641 3421 1714 3457 sunt
1734 3418 1802 3457 haec
1816 3417 1996 3464 Augustini
2025 3418 2119 3455 verba
2133 3444 2141 3451 .

2045 3472 2090 3502 Et

2168 308 2228 353 Ep.
2266 296 2323 349 26.

2158 1391 2237 1437 Cap.
2249 1403 2283 1440 4.
