2384 3770
375 192 470 226 220

319 269 456 298 omnem
483 253 706 300 acceptionem
744 253 884 289 omnino
909 266 916 286 :

322 308 495 347 formalem
514 331 526 347 ‚
553 305 776 351 personalem,
802 303 1001 347 simplicem,
1032 304 1196 348 copulati-

321 370 395 395 vam
411 383 422 400 ,
448 356 657 402 copulatam,
682 356 745 390 &c.
767 355 881 398 Regula
906 353 944 393 est
957 353 1044 389 baec:
1073 356 1196 399 Suppo-

319 409 394 446 sitio
427 407 556 451 subjecti
574 406 725 446 attendi,
754 417 791 439 ac
812 404 936 438 desumi
961 402 1056 439 debet
1066 416 1104 439 ex
1121 417 1197 450 qua-

316 461 409 494 litate
434 457 592 502 praedicati
615 468 623 488 ε
664 456 725 490 five
749 454 926 497 subjeetum
961 454 1194 499 cujuscumque

317 508 556 555 praedicationis
580 506 738 550 accipitur
757 516 814 548 pro
830 515 895 544 eo,
922 502 975 538 cui
1003 506 1138 548 quadrat
1161 507 1194 539 fi-

317 559 510 606 gnificatum
530 557 670 592 formale
695 554 855 599 praedicati
872 579 879 586 .
908 553 1019 598 ltaque
1039 555 1060 588 si
1083 556 1196 590 forma-

317 611 349 644 le
370 608 586 654 significatum
611 604 774 650 praedicati
787 603 921 648 quadret
933 605 987 648 ipsi
1003 606 1103 647 voci;
1130 617 1196 639 vox

315 660 475 703 accipitur
495 657 702 692 materialiter
727 666 785 698 pro
806 655 905 697 seipsa
921 679 928 687 .
956 654 990 688 Si
1013 655 1148 698 quadret
1162 656 1193 689 si·

316 710 476 755 gnificaro
496 732 506 749 ‚
533 706 688 750 primario
712 705 762 738 vel
791 704 981 739 secundario
1003 716 1013 747 ;
1040 705 1195 749 accipitur

313 758 496 796 formaliter
519 782 530 798 ,
555 756 743 799 simpliciter
770 778 782 794 ,
820 755 871 788 vel
895 755 1104 798 personaliter
1124 780 1132 788 .
1163 755 1196 790 Si

313 809 449 854 quadret
486 805 675 851 significatis
710 803 905 839 secundariis
939 828 950 845 ‚
991 805 1194 848 copulative,

311 859 364 894 vel
393 856 571 901 copulatim
584 855 840 897 enumerandis;
866 855 1023 897 accipitur
1039 855 1195 898 copulati·

312 910 353 944 ve
364 905 632 950 velcopulatim‚
659 904 721 939 &c
747 903 776 938 v.
788 916 819 949 g.
831 915 907 938 cum
924 905 1002 939 dico
1016 929 1029 946 ,
1054 909 1147 939 Homo
1159 905 1196 946 est

311 969 437 1000 nomen;
465 967 531 990 vox
545 954 629 988 bomo
652 955 812 998 accipitur
825 955 1033 988 materialiter
1046 966 1104 999 pro
1118 956 1193 999 seip-

311 1010 368 1044 sa:
391 1007 468 1051 quia
493 1006 711 1051 significatum
737 1005 875 1039 formale
888 1003 1047 1048 praedicati
1061 1004 1193 1049 quadrat

310 1058 368 1102 ipsi
394 1059 489 1098 voci,
518 1067 587 1091 non
614 1060 724 1089 autern
737 1054 807 1098 ejus
820 1054 1000 1099 significato
1014 1079 1021 1087 .
1048 1055 1135 1090 Cum
1149 1054 1193 1089 di-

308 1119 372 1149 co,
400 1111 493 1141 Homo
515 1106 554 1147 eft
575 1104 707 1150 species,
738 1105 788 1138 vel
810 1104 892 1139 bomo
915 1105 1099 1147 estan1mal;
1129 1116 1195 1140 vox

307 1157 392 1193 bomo
405 1155 564 1200 accipitur
578 1156 779 1190 formaliter.-
808 1156 841 1188 in
856 1155 959 1199 prima
971 1156 1103 1199 quidem
1116 1155 1192 1188 fim-

305 1208 460 1253 pliciter3
488 1208 524 1240 in
547 1206 612 1240 alia
623 1205 859 1249 personaliter:
888 1205 999 1248 utjam
1018 1205 1165 1239 ostendi.

363 1269 416 1306 14.
445 1257 546 1291 Hanc
569 1256 718 1301 regulam
742 1255 894 1299 proposui
920 1254 1117 1299 quandoque
1137 1254 1195 1289 sub

312 1309 378 1344 hac
389 1307 563 1342 verborum
573 1305 714 1341 formula
727 1319 738 1339 :
761 1303 944 1347 Subjeetum
959 1303 1195 1348 praedicationis

311 1358 471 1402 accipitur
482 1368 542 1401 pro
549 1367 664 1399 eo,pro
675 1367 742 1400 quo
754 1355 939 1389 verificatur
945 1353 1194 1398 propositio.Scd

307 1408 346 1442 in
364 1419 397 1441 re
421 1407 466 1442 est
479 1405 682 1450 plane'idem
696 1429 704 1437 .
732 1404 868 1452 Regulae
886 1404 978 1440 enim
1003 1405 1052 1439 hae
1076 1406 1110 1439 in
1123 1416 1187 1439 ver-

307 1458 362 1494 bis
383 1458 418 1492 &
440 1456 544 1491 modo
566 1454 773 1500 significandi
805 1454 979 1497 differunt;
1007 1455 1041 1489 in
1065 1467 1099 1490 re
1120 1453 1196 1490 vero

310 1508 493 1554 significata
515 1506 612 1553 plane
637 1504 846 1550 quadrant&
860 1505 1075 1540 coincidunt.
1102 1509 1194 1539 Ratio

956 254 1159 289 materialem
1184 278 1197 296 ,

310 1558 351 1596 eff
376 1572 387 1592 .·

312 1607 537 1652 significatum
553 1603 697 1639 *formale
709 1603 870 1648 pra-,dicati
886 1604 1021 1646 quadrat
1035 1605 1195 1651 fignifica-

310 1665 358 1692 ιο·
373 1658 460 1690 resto
486 1653 642 1696 subjecti:
667 1665 748 1700 ergo
775 1654 904 1695 dicere,
931 1663 992 1698 pro
1012 1666 1054 1689 eo
1077 1657 1192 1698 suppo-

310 1703 641 1747 nitur'subjesturff,
669 1716 729 1748 pro
749 1715 821 1748 quo
846 1704 1032 1738 verificatur
1055 1705 1195 1748 proposi·

315 1757 393 1798 εἷος
418 1755 452 1790 &
471 1754 600 1796 dicere,
626 1755 786 1799 accipitur
813 1765 872 1797 pro
895 1765 955 1796 eo,
982 1755 1036 1789 cui
1060 1755 1195 1799 quadrat

313 1804 537 1852 significatum
558 1803 696 1839 formale
721 1804 881 1848 praedicati
897 1828 908 1845 ,
935 1805 969 1838 in
992 1815 1025 1839 re
1048 1805 1092 1838 est
1107 1805 1194 1839 idem

313 1855 425 1891 dicere
437 1880 448 1896 ,
477 1853 646 1896 solumque
664 1854 709 1888 est
730 1854 910 1889 differentia
923 1854 958 1889 in
972 1855 1074 1889 modo
1086 1855 1194 1889 dicen«

312 1906 349 1942 di
373 1903 646 1950 &fignificandi.
675 1902 829 1946 Soletque
853 1903 1047 1947 hsce-regula
1071 1905 1113 1938 ab
1125 1904 1196 1938 aliis

309 1953 422 1991 adhuc
449 1954 541 1989 aliter
565 1953 722 1997 proponi:
752 1951 898 1995 Subjena
925 1953 1157 1986 modificantur
1179 1953 1198 1986 a

309 2005 517 2051 praedicatis,
538 2002 796 2038 determinantur
809 2000 1017 2046 apraedicatis
1042 2026 1052 2042 ,
1079 2001 1184 2046 signifi

310 2066 389 2092 cant
414 2056 507 2099 juxta
526 2053 802 2099 significationem
825 2051 985 2094 praedicati
1010 2067 1020 2091 ³
1050 2053 1112 2085 ἃς.
1134 2051 1194 2086 Sed

310 2106 352 2141 in
376 2117 408 2140 re
430 2103 543 2139 omnia
567 2104 641 2135 sunt
664 2101 751 2133 idem
773 2112 781 2131 ε
829 2099 912 2131 nihil
944 2100 1059 2132 dicunt
1080 2101 1193 2140 aliud,

314 2166 415 2200 quam
437 2152 526 2198 quod
547 2150 683 2193 subjeeta
707 2147 908 2190 accipiantur
930 2158 989 2190 pro
1013 2158 1053 2181 eo
1075 2148 1131 2181 suo
1154 2150 1192 2181 si-

409 1555 498 1603 Qa
520 1554 807 1590 tuuovverificatur
826 1555 1003 1598 propositio
1023 1579 1035 1595 ,
1061 1554 1195 1599 quando

313 2206 479 2251 gnificato
507 2226 518 2243 ‚

314 2253 501 2301 praedicati.

371 2310 425 2350 ις’.
453 2305 560 2336 Peees:
588 2298 645 2333 An
668 2297 734 2333 haee
751 2298 863 2343 regula
891 2299 926 2333 sit
939 2299 1060 2341 semper
1080 2297 1194 2332 &ubi-

551 2199 606 2236 cui
638 2198 774 2244 quadrat
798 2197 1015 2244 significatum
1054 2197 1193 2232 formale

311 2365 377 2398 que
403 2363 474 2386 vera
487 2374 498 2390 ,
527 2350 570 2384 ita
590 2359 626 2383 ut
644 2354 814 2391 'nunquam
826 2348 941 2383 fallat?
970 2347 1190 2391 Resp.pr1m?›:

313 2405 399 2438 Haec
419 2400 529 2447 regula
544 2400 584 2433 de
595 2399 682 2432 farto
697 2398 800 2443 potest
814 2399 951 2439 fallere,
972 2410 1010 2432 ac
1030 2399 1109 2442 saepe
1129 2399 1191 2433 fal-

310 2455 353 2488 lit
369 2478 377 2486 .
407 2451 567 2486 Probatur:
608 2448 696 2496 Quia
721 2450 814 2483 vocis
837 2449 1016 2492 suppositio
1036 2449 1081 2483 est
1104 2448 1193 2483 vocis

307 2503 455 2550 prolatio
475 2511 550 2536 cum
573 2499 763 2533 intentione
785 2498 985 2543 significandi
1007 2511 1023 2540 ;
1064 2509 1100 2532 ut
1122 2499 1190 2532 dixi

307 2556 404 2598 supra
418 2566 430 2585 .·
457 2552 605 2594 adeoque
618 2560 684 2583 vox
699 2560 756 2592 pro
769 2560 810 2583 eo
824 2549 1017 2592 supponitur
1028 2572 1040 2588 ‚
1067 2548 1156 2591 quod
1168 2549 1186 2582 a

306 2599 865 2648 loquenrefignificariintenditur.
896 2598 1000 2642 Atqui
1027 2598 1130 2642 potest
1145 2598 1191 2633 lo-

308 2664 415 2699 quens
437 2663 491 2696 per
511 2650 687 2693 subJectum
712 2649 952 2693 praedicationis
972 2649 1054 2682 velle
1067 2649 1192 2692 aliquid

306 2704 489 2749 significare
502 2724 515 2741 ,
541 2700 596 2735 cui
620 2711 729 2734 revera
744 2711 812 2734 non
827 2699 962 2743 quadrat
977 2698 1191 2743 significatum

308 2753 446 2789 formale
474 2750 658 2796 praedicati:
686 2751 735 2784 uti
751 2757 837 2792 patet
851 2750 886 2782 in
900 2748 1091 2783 hominibus
1104 2760 1192 2783 men-

309 2803 447 2839 dacibus
458 2826 468 2842 ,
495 2811 534 2835 ac
547 2799 736 2835 fallacibus.
759 2799 849 2844 Ergo
865 2799 906 2834 de
918 2800 1005 2833 facto
1019 2797 1191 2842 subjectum

305 2865 377 2889 non
401 2854 524 2894 semper
544 2849 737 2893 supponitur
760 2860 818 2892 pro
842 2861 903 2891 eo,
936 2849 1135 2892 cuiquadrat
1158 2850 1191 2882 si·

306 2899 668 2949 gnificatum‘formale
694 2900 858 2944 praedicati
883 2923 890 2931 .
917 2896 1004 2942 Resp.
1024 2897 1155 2941 secundo

305 2956 361 2989 De
386 2954 460 2998 Jure
483 2960 591 2986 tamen
613 2950 725 2994 regula
747 2949 792 2984 est
807 2948 975 2983 ordinarie
987 2959 1082 2987 vera,
1107 2948 1190 2982 ordi—

308 3004 467 3047 narieque
490 3012 557 3035 non
580 2999 689 3034 fallit.
717 3003 806 3034 Ratio
824 2998 880 3043 est:
907 2998 997 3046 Qia
1021 2999 1065 3032 ita
1086 2999 1188 3039 loqui·

310 3065 384 3089 mur
403 3078 414 3095 ,
442 3051 566 3095 talique
587 3050 690 3085 modo
716 3050 839 3085 nostras
854 3048 1117 3082 ‘enunciationes
1127 3049 1189 3082 for·

312 3114 462 3144 mamus,
488 3102 521 3136 id
543 3101 587 3134 est
607 3101 751 3135 formare
772 3098 950 3139 debemus,
977 3107 1015 3132 ut
1034 3098 1095 3131 lint
1111 3109 1189 3132 verae

311 3153 346 3186 &
373 3163 519 3191 veraces:
545 3151 636 3194 atqui
661 3162 728 3185 non
745 3150 876 3194 possunt
888 3147 1053 3183 ordinarie
1067 3148 1129 3181 effe
1141 3159 1188 3181 ve-

313 3214 354 3236 rae
366 3227 377 3243 ,
407 3203 463 3237 nisi
479 3200 654 3244 subjectum
670 3202 870 3244 supponatur
884 3209 942 3243 pro
955 3210 997 3232 eo
1010 3222 1020 3238 ‚
1047 3199 1100 3232 cui
1115 3209 1192 3242 qua-

315 3250 384 3286 drat
408 3252 625 3298 significatum
648 3251 785 3285 formale
808 3250 967 3293 praedicati
991 3262 1002 3284 .-
1023 3259 1104 3293 ergo
1124 3247 1191 3282 haec

318 3311 391 3334 mea
402 3303 514 3347 regula
527 3300 693 3336 ordinarie
712 3300 753 3335 de
766 3301 840 3344 Ju're
861 3299 906 3333 est
921 3310 994 3334 vera
1005 3322 1017 3339 ,
1043 3296 1077 3332 ὄξ
1090 3298 1130 3333 de
1143 3310 1192 3332 or-

319 3347 446 3384 dinario
465 3352 539 3393 Jure
562 3361 631 3386 non
656 3350 761 3385 fallit.
789 3351 878 3384 Dico
899 3347 1088 3383 ordinarie.-
1116 3349 1189 3393 quia

319 3399 507 3442 excogitare
528 3402 649 3441 possem
671 3403 781 3439 casus,
810 3400 843 3433 in
870 3399 986 3443 quibus
1010 3399 1116 3440 fallit,
1132 3400 1192 3433 ·as·-

319 3447 520 3495 fignaboque
544 3459 648 3484 unum
669 3472 679 3489 ,
704 3452 790 3486 infra
816 3461 916 3496 agens
937 3449 979 3485 de
1000 3449 1191 3494 acceptione

320 3497 528 3544 particulari.
580 3537 583 3546 ‚

828 162 1145 216 DIsPuTAT.
1185 161 1313 217 XIV.
1349 173 1492 218 Dus.
1542 156 1603 218 Π.4

1308 258 1363 295 16.
1392 262 1468 292 Dico
1484 256 1631 301 secundo:
1658 253 1843 298 Suppofitio
1867 254 2003 299 simplex
2017 254 2129 289 locum

1257 302 1354 343 habet
1378 319 1446 343 non
1473 308 1508 342 in
1531 307 1608 342 solis
1632 305 1766 340 vocibus
1789 304 2016 339 communibus
2035 317 2044 348 ;
2074 303 2128 338 sed

1255 358 1354 391 etiam
1378 359 1412 392 in
1432 356 1647 403 singularibus
1664 380 1672 388 .
1697 354 1865 389 Prolatur:
1893 354 1985 401 Quia
2006 357 2040 389 in
2066 354 2128 389 hac

1256 406 1484 450 praedicatione
1495 432 1506 448 ,
1534 410 1642 442 Petrus
1652 406 1690 446 est
1713 405 1928 444 individuum,
1943 414 2006 437 vox
2018 407 2127 438 Petrus

1257 457 1415 499 accipitur
1427 457 1612 501 simpliciter
1625 471 1637 492 .·
1648 457 1805 499 accipitur
1815 454 1905 488 enim
1918 463 1975 498 pro
1988 453 2059 487 solo
2069 455 2129 489 suo

1257 505 1440 551 significato
1466 508 1638 551 primario.
1666 506 1773 548 Atqui
1798 508 1907 539 Petrus
1929 503 1974 537 est
1990 513 2057 536 vox
2070 503 2131 537 sin—

1256 557 1399 601 gularis:
1425 567 1505 602 ergo
1525 556 1670 599 acceptio
1691 556 1824 600 simplex
1852 553 1951 588 habet
1972 553 2072 587 etiarn
2091 551 2130 586 in

1259 606 1392 641 vocibus
1426 606 1641 651 singularibus
1666 605 1775 639 locum
1799 630 1807 637 .
1838 604 1987 638 Probatur
2010 603 2130 643 maJ'or:

1256 657 1346 704 Quia
1363 656 1474 691 omnis
1496 656 1553 691 illa
1567 667 1630 689 vox
1642 655 1799 697 accipitur
1809 664 1868 697 pro
1881 653 1951 688 solo
1964 654 2024 687 suo
2037 651 2132 697 signi-

1257 708 1356 741 ficato
1380 705 1554 750 primario,
1582 706 1623 739 de
1633 715 1698 748 qua
1711 704 1898 747 praedicatur
1910 701 2044 747 aliquod
2055 713 2133 745 prae-

1257 756 1422 797 dicatum,
1449 755 1541 798 cujus
1556 755 1692 790 formale
1701 754 1917 798 fignificatum
1933 753 2070 798 quadrat
2080 753 2132 785 so·

1257 807 1281 841 li
1307 807 1395 841 illius
1407 806 1592 851 significato
1605 803 1781 850 primario:
1810 813 1847 838 ut
1859 802 1946 837 enim
1957 803 2022 846 jam
2033 801 2102 834 dixi
2118 824 2132 841 ,

1259 857 1433 900 subjeetum
1448 857 1606 900 accipitur
1619 867 1677 900 pro
1702 855 1765 889 isto
1777 855 1834 888 suo
1845 852 2026 897 significato
2038 876 2049 892 ,
2075 852 2134 886 cui

1257 908 1392 949 quadrat
1415 905 1633 952 significatum
1653 904 1792 940 formale
1819 902 1997 947 praedicati.
2027 899 2133 945 Atqui

1259 958 1292 992 in
1318 957 1375 991 ista
1396 956 1625 1000 praedicatione
1646 955 1687 990 de
1709 965 1790 989 voce
1814 956 1921 988 Petrus
1942 951 2133 997 predicatur

1258 1006 1323 1042 tale
1337 1007 1565 1051 praedicatum:
1587 1017 1667 1051 ergo
1692 1015 1760 1039 vox
1784 1006 1895 1038 Petrus
1907 1003 2064 1046 accipitur
2084 999 2133 1035 ibi

1259 1057 1317 1101 pro'
1344 1058 1416 1091 solo
1437 1059 1496 1091 suo
1518 1056 1704 1101 significato
1714 1054 1886 1099 primario.
1914 1053 2064 1087 Probatur
2076 1057 2134 1084 mi-

1258 1119 1331 1140 nor:
1395 1108 1449 1141 uia
1468 1107 1675 1150 praedicatum
1694 1129 1705 1145 ,
1730 1102 1820 1148 quod
1834 1102 1881 1138 ibi
1893 1103 2079 1147 praedicatur
2091 1100 2133 1135 de

1259 1166 1339 1191 voce
1363 1158 1474 1190 Petrus
1487 1181 1499 1197 ,
1525 1156 1571 1190 est
1596 1154 1828 1194 individuum,
1848 1152 1939 1196 cujus
1951 1152 2087 1187 formale
2099 1151 2136 1183 si-

1258 1206 1453 1250 gnificatum
1473 1206 1519 1240 est
1536 1205 1788 1241 individualitas
1803 1216 1814 1236 .·
1841 1207 1932 1247 atqui
1954 1201 2137 1236 individua-

1259 1256 1332 1291 litas
1353 1256 1489 1300 quadrat
1501 1258 1561 1291 soli
1586 1257 1768 1301 significato
1781 1253 1935 1298 primario
1946 1277 1958 1294 ,
1984 1253 2018 1287 δε
2030 1250 2135 1286 nulla-

1259 1317 1354 1341 tenus
1367 1306 1558 1351 significatis
1582 1304 1780 1340 secundariis
1793 1303 1882 1338 vocis
1896 1305 2025 1336 Petrus:
2052 1311 2134 1346 ergo

1257 1356 1304 1391 ibi
1328 1355 1370 1390 de
1391 1367 1471 1390 voce
1491 1359 1601 1391 Petrus
1626 1352 1816 1400 praedicatur
1827 1351 1961 1396 aliquod
1975 1351 2135 1396 praedica-

1257 1417 1328 1441 tum
1344 1431 1355 1446 ,
1382 1407 1476 1451 cujus
1487 1406 1625 1441 formale
1636 1404 1855 1450 significatum
1872 1401 2007 1446 quadrat
2020 1400 2082 1434 soli
2092 1397 2137 1432 fin

1259 1457 1522 1502 gnificatoillius
1538 1458 1712 1500 primario.
1742 1454 1895 1487 Probatur
1905 1456 2018 1484 minor:
2045 1449 2137 1496 Qia

1258 1506 1475 1552 significatum
1499 1507 1687 1549 primarium
1709 1505 1799 1538 vocis
1820 1504 1927 1535 Petrus
1940 1501 1985 1534 est
1999 1499 2064 1534 hoc
2075 1500 2140 1533 sm-

1259 1558 1371 1602 gulare
1387 1556 1587 1600 suppositum
1601 1554 1707 1599 -hujus
1718 1552 1886 1598 singularis
1899 1549 2134 1591 humanitatis;

1259 1606 1438 1652 significata
1449 1604 1636 1639 secundaria
1658 1605 1726 1648 ejus
1738 1606 1811 1638 sunt
1822 1602 1935 1635 omnia
1949 1599 2109 1644 superiora
2121 1621 2136 1639 ,

1258 1655 1412 1690 videlicet
1436 1654 1560 1696 homo,
1584 1656 1729 1695 animal,
1755 1654 1896 1691 vivens,
1920 1652 1979 1684 &c-
1999 1651 2033 1684 in
2047 1658 2138 1683 com-

1261 1706 1375 1740 muni:
1404 1707 1494 1747 atqui
1519 1704 1767 1739 individualitas
1788 1711 1854 1734 non
1866 1699 2080 1743 quadratistis
2090 1710 2136 1733 re·

1258 1756 1326 1791 bus*
1339 1754 1573 1789 communibus
1588 1767 1603 1801 ¹;
1633 1754 1684 1787 sed
1706 1754 1765 1787 soli
1789 1751 1940 1795 fingulari
1967 1749 2136 1794 singularis

1258 1805 1474 1840 humanitatis
1494 1804 1675 1847 supposito:
1706 1799 2046 1846 ergoindividualitas
2057 1809 2136 1841 qua-

1257 1856 1328 1891 drat
1350 1855 1410 1889 soli
1422 1854 1618 1901 »significato
1633 1853 1810 1896 primari03
1836 1860 1906 1885 non
1917 1849 1995 1885 vero
2009 1847 2137 1895 fignifi-

1257 1905 1339 1941 catis
1356 1904 1553 1941 secundariis
1577 1903 1668 1942 vocis
1678 1904 1786 1937 Petrus
1797 1927 1806 1937 .

1470 2055 1507 2089 D
1534 2053 1576 2090 U
1601 2055 1629 2089 B
1655 2054 1670 2089 1
1698 2053 1739 2091 U
1766 2052 1808 2087 M
1867 2053 1928 2088 111.

1382 2204 1429 2234 De
1452 2198 1594 2242 divisione
1609 2198 1813 2243 suppositionis
1828 2198 1995 2244 perfhnalss
2010 2223 2019 2232 .

1262 2310 1313 2348 17.
1342 2298 1438 2384 R
1455 2297 1531 2341 Esp.
1549 2299 1781 2341 edicoprrmo:
1810 2298 1976 2343 Acceptio
1988 2296 2138 2342 persona·

1469 2349 1508 2382 lis
1531 2348 1690 2383 dividitur
1704 2347 1738 2382 in
1750 2349 1974 2394 acceptionem
1985 2349 2139 2392 persona-

1259 2400 1323 2433 lem
1345 2411 1458 2443 puram
1484 2422 1497 2439 ‚
1522 2398 1555 2432 &
1585 2398 1723 2433 mixtam
1738 2423 1745 2430 .
1772 2393 1934 2444 Acceptio
1957 2397 2135 2443 personalis

1258 2450 1359 2484 mixta
1371 2449 1417 2483 est
1429 2447 1486 2483 illa
1497 2472 1508 2489 ,
1534 2459 1598 2492 qua
1610 2459 1677 2482 vox
1690 2449 1847 2491 accipitur
1862 2460 1923 2493 pro
1945 2449 2004 2483 suo
2017 2446 2137 2492 fignifi-

1257 2507 1331 2535 cato
1345 2498 1500 2543 primario
1512 2498 1544 2532 &
1558 2498 1750 2533 secundario
1762 2499 1875 2541 fimul;
1903 2497 2043 2541 verb.gr.
2056 2506 2135 2531 cum

1257 2549 1335 2584 dico
1350 2573 1360 2590 ,
1387 2547 1516 2588 homoefi
1526 2549 1662 2587 ammal,
1691 2558 1755 2580 vox
1772 2547 1852 2581 bomo
1866 2547 1962 2582 habet
1974 2547 2136 2589 acceptio·

1259 2609 1333 2634 nem
1357 2597 1559 2642 personalem
1583 2599 1720 2631 mixtam
1742 2609 1749 2628 :
1793 2598 1995 2642 supponitur·
2013 2596 2134 2640 quippe

1256 2660 1324 2684 tam
1336 2658 1395 2692 pro
1410 2646 1548 2682 homine
1560 2646 1751 2687 communi,
1778 2646 1834 2690 qui
1845 2648 1891 2680 est
1914 2643 2133 2690 significatum

1255 2698 1322 2743 ejus
1340 2698 1554 2742 primarium,
1580 2706 1679 2741 quam
1700 2707 1758 2739 pro
1779 2695 1973 2730 hominibus
1997 2694 2136 2740 singula-

1255 2749 1366 2788 ribus,
1392 2748 1448 2792 qui
1474 2748 1547 2780 sunt
1570 2747 1747 2791 significata
1770 2746 1839 2789 ejus
1853 2745 2053 2780 secundaria:
2085 2745 2133 2779 fa-

1256 2799 1367 2842 citque
1378 2797 1555 2842 propofitio
1567 2795 1656 2831 hunc
1675 2797 1801 2831 sensum
1816 2809 1825 2833 ;
1855 2795 1959 2831 homo
1970 2796 2033 2830 five
2043 2806 2135 2830 com·

1258 2849 1392 2889 munis,
1417 2848 1482 2882 five
1502 2846 1669 2891 singularis
1692 2846 1738 2880 est
1752 2847 1893 2880 animal.
1923 2847 2004 2880 Haec
2015 2846 2134 2890 suppo·

1254 2900 1329 2934 fitio
1357 2908 1494 2933 vocatur
1518 2897 1638 2932 mixtat
1664 2895 1741 2940 quia
1767 2897 1801 2929 in
1823 2896 1877 2930 illa
1901 2897 2137 2940 permiscentur

1255 2949 1431 2994 qualitates
1454 2947 1656 2991 acceptionis
1678 2946 1853 2988 simplicis,
1881 2947 2135 2989 fimul&perso·

1255 3000 1357 3039 nafis,
1382 2998 1492 3043 estque
1516 2997 1633 3042 partim
1654 2996 1811 3040 simplex,
1838 2997 1955 3040 partim
1982 2997 2134 3038 persona-

1255 3050 1294 3085 lis
1308 3074 1315 3081 .
1341 3047 1530 3093 Suppositio
1543 3047 1720 3091 personalis
1743 3057 1821 3089 pura
1832 3046 1877 3081 est
1892 3044 2069 3088 suppositio
2082 3055 2137 3078 vo-

1254 3100 1302 3135 cis
1314 3111 1372 3143 pro
1385 3099 1458 3133 solo
1466 3099 1525 3133 suo
1547 3098 1732 3143 significato
1743 3095 1938 3130 secundario
1949 3119 1957 3127 .
1985 3089 2136 3128 Vocatur

1256 3150 1368 3192 iraque
1391 3160 1494 3193 pura,
1519 3148 1596 3192 quia
1610 3147 1652 3182 ab
1676 3145 1768 3181 omni
1780 3144 1985 3180 admixtione
1995 3144 2136 3188 suppost-

1254 3199 1356 3234 tionis
1378 3197 1532 3242 simplicis
1543 3198 1641 3232 libera
1656 3221 1668 3238 ,
1694 3197 1727 3230 dc
1741 3206 1843 3230 vacua
1855 3195 1901 3230 est
1914 3219 1921 3227 .

1306 3247 1360 3285 18.
1388 3250 1450 3283 Sed
1464 3247 1562 3293 surgit
1585 3247 1632 3282 bic
1653 3247 1813 3288 dffcultas
1839 3258 1847 3278 :
1875 3244 1931 3279 An
1955 3244 2070 3284 detur,
2095 3254 2134 3278 ac

1256 3298 1323 3333 dari
1342 3299 1437 3342 poffit
1459 3298 1640 3343 suppositio
1661 3296 1839 3340 personalis
1853 3306 1949 3339 pura,
1978 3304 2039 3339 qua
2065 3303 2131 3327 vox

1256 3348 1363 3393 aliqua
1381 3348 1558 3392 accipiatur
1582 3358 1640 3392 pro
1661 3346 1732 3380 solo
1754 3348 1814 3381 suo
1825 3346 2008 3391 significato
2020 3344 2133 3376 secun-

1255 3398 1373 3433 dario?
1399 3400 1480 3433 Hoc
1501 3397 1591 3432 enim
1616 3396 1796 3441 aliquando
1822 3395 1964 3440 negavi3
1988 3393 2023 3426 ἀ
2046 3391 2134 3426 certe

1255 3460 1324 3483 non
1336 3449 1402 3483 sine
1416 3446 1632 3483 fimdamento
1642 3472 1650 3479 .
1675 3446 1764 3481 Nam
1777 3445 1923 3490 exempla
1937 3468 1948 3485 ,
1970 3454 2041 3487 quae
2065 3442 2132 3485 pas-

1255 3499 1311 3535 sim
1335 3498 1526 3536 adferuntur
1544 3521 1557 3541 ‚
1582 3496 1669 3534 nihil
1694 3497 1834 3544 probant
1853 3519 1863 3530 .
1891 3492 2134 3577 Modohtatnen

2023 3553 2084 3578 anc
