2384 3770
546 174 611 218 ΙΝ
650 173 784 238 Qo
820 169 997 216 Pane.
1036 165 1143 211 ΞΠ.

445 302 783 341 DUBtUM
843 297 913 335 vl.

322 412 360 442 In
383 418 439 451 quo
462 406 592 451 praecise
611 402 670 446 fita
690 401 736 485 firi
750 398 895 474 2ΕῙῙσιιιὶιι
915 396 991 442 figni
1016 399 1052 431 ὶη

591 464 725 488 ⁴sv'ornmun
746 476 756 485 .-

251 569 310 607 53.
435 554 508 598 Esp.
521 554 627 588 &dico
638 555 755 595 prima:
784 549 824 583 de
835 547 973 583 essentia
989 547 1067 591 signi
1090 546 1126 583 in

326 556 419 642 R
448 616 564 649 genere
586 615 654 638 non
679 603 725 636 est
748 598 947 645 significatio
967 596 1099 631 actualis
1117 619 1128 630 ,.

253 658 425 696 Probum,-
444 647 527 698 'quia
547 654 569 687 si
593 653 792 698 significatio
815 649 949 684 actualis
973 649 1057 682 foret
1087 645 1129 680 de

252 709 388 743 essentia
403 699 488 749 figni
514 705 548 738 in
566 714 686 748 genere
699 727 710 743 ,
734 701 835 736 etiarn
855 700 922 733 esse
944 694 1129 754 deberetde

251 757 389 792 essentia
412 755 616 799 ,singulorum
642 754 808 797 signorum
833 750 870 785 in
890 750 1027 792 ,spec1e5
1054 756 1129 781 con·

253 809 389 850 sequens
417 805 592 842 absurdum
619 804 663 837 est
683 826 694 842 ,
730 799 810 847 erg&
845 799 878 832 &
915 796 1126 832 antecedens:

251 864 339 900 patet
353 854 472 899 sequela
494 857 570 896 maj.
591 865 632 888 ex
650 857 754 894 prima
778 850 881 891 regula
913 847 1130 904 antepraedica-

253 906 395 940 mentalt':
420 902 585 948 quidquid
609 903 700 936 enim
725 900 770 934 est
797 899 839 931 de
865 896 1004 931 essentia
1031 906 1129 940 gene-

252 957 296 991 sis
317 980 328 996 ,
354 954 451 990 debet
476 956 577 989 etiam
603 953 670 986 esse
694 950 738 986 de
763 947 900 984 essentia
927 945 1129 990 singularum

252 1006 431 1074 specisrum
457 1004 515 1040 sub
541 1002 601 1037 illo
611 1012 728 1046 genere
752 1007 981 1034 contentarum
995 1007 1011 1051 .’‘
1037 999 1131 1028 minor

252 1058 326 1090 vero
347 1056 519 1097 probatur:
541 1052 622 1097 quia
648 1052 738 1096 signa
765 1046 1024 1084 instrumentalis
1049 1054 1076 1078 v.
1095 1054 1127 1088 g.

253 1115 370 1140 omnes
405 1116 500 1140 voces
535 1102 757 1148 significativae
783 1124 795 1140 ‚
829 1099 940 1132 fumus
965 1120 976 1137 ‚
1016 1094 1127 1138 pulsus

254 1165 420 1199 campana:
438 1180 448 1196 ‚
475 1153 592 1188 hedera
613 1151 752 1196 appensa
778 1147 902 1183 foribus
930 1169 942 1186 ,
968 1146 1030 1179 &c.
1057 1144 1131 1200 sunt

254 1204 330 1240 vere
355 1205 470 1249 signa,
493 1203 585 1246 atqui
611 1202 652 1236 de
679 1201 798 1237 horum
816 1199 984 1242 signorum
995 1195 1130 1228 essentia

254 1266 327 1289 non
352 1254 398 1288 est
424 1251 622 1297 significatio
647 1250 776 1285 naualis
796 1272 807 1288 ,
852 1244 933 1290 ergo
958 1244 1131 1279 absurdum

255 1303 304 1338 est
329 1302 438 1338 dicere
463 1301 739 1346 significationem
763 1296 922 1335 annualem
949 1295 1015 1335 esse
1040 1294 1131 1328 dees-

256 1352 362 1387 sentia
386 1351 621 1395 cujuscumque
646 1350 729 1395 signi
755 1347 790 1382 in
814 1344 1021 1390 particulari:
1044 1352 1133 1400 pater

258 1408 381 1436 minor:
410 1401 487 1444 quia
514 1401 536 1434 fi
565 1401 607 1435 de
634 1400 772 1434 istorum
798 1397 966 1441 signorum
993 1394 1133 1429 essentia

258 1453 345 1487 soret
370 1450 567 1497 significatio
593 1450 726 1484 actualis
745 1470 760 1495 ,
786 1447 844 1480 ista
870 1445 962 1489 signa
989 1454 1058 1478 non
1084 1442 1130 1479 fo·

259 1513 331 1537 rent
355 1503 465 1546 signa,
493 1499 550 1535 nisi
568 1499 651 1535 dum
662 1501 734 1533 astu
761 1494 968 1551 significant,
997 1493 1032 1527 δε
1054 1492 1132 1527 dum

220 1559 223 1561 “
258 1552 333 1596 quis
343 1550 400 1585 illa
427 1550 539 1586 videns
549 1559 605 1587 aut
628 1549 766 1587 audiens
793 1544 918 1589 aliquid
944 1553 1056 1577 eorum
1082 1554 1133 1599 oc-

259 1600 565 1646 ealioneconcipit3
591 1600 682 1645 atqui
708 1598 773 1633 hoc
799 1597 833 1630 in
860 1594 959 1629 omni
972 1593 1133 1653 sanaxphi.

260 1649 412 1695 Iosophia
438 1650 612 1685 absurdum
638 1649 683 1684 est
707 1674 719 1691 ,
751 1645 831 1691 erg&
856 1646 890 1679 ὅ(
917 1645 951 1678 id
978 1643 1064 1677 unde
1091 1644 1133 1676 se—

261 1700 373 1746 quitur
392 1713 414 1745 ςΔ
439 1702 472 1734 (τ
493 1705 570 1735 ratio
590 1701 710 1735 ulterior
727 1699 767 1736 eff
795 1709 802 1729 ε
830 1696 907 1739 quia
927 1692 1041 1749 fignum
1066 1704 1133 1727 non

260 1751 309 1786 est
336 1751 442 1790 idem,
468 1750 557 1795 quod
576 1749 766 1794 fignificans,
795 1747 847 1780 sed
874 1744 1033 1800 est-rdem
1046 1742 1134 1786 quod

257 1799 508 1845 fignificat-evum,
532 1801 622 1842 atqui
649 1801 729 1835 sicut
754 1798 796 1832 de
822 1796 960 1830 essentia
985 1793 1135 1834 calefaffl-

261 1858 299 1885 vt
319 1875 331 1892 ,
357 1853 391 1886 ὁ*
412 1850 595 1884 ambulativl
622 1862 691 1884 non
718 1850 763 1883 est
791 1846 921 1881 astualis
947 1843 1136 1881 calefactio,

261 1911 320 1935 aut
345 1901 548 1941 ambulatio,
575 1901 623 1934 ita·
644 1899 684 1934 de
709 1898 844 1940 essentia
868 1893 1057 1938 fignificativt'
1083 1905 1134 1927 ne-

262 1960 328 1992 que
354 1951 422 1983 esse
447 1951 577 1986 actualis
602 1948 799 1994 significatio
821 1957 828 1976 z
873 1955 948 1977 nam
975 1953 1012 1977 ut
1038 1942 1135 1976 habet

264 1999 418 2042 adagium
442 1998 675 2031 canonizatum
702 2008 756 2040 per
782 2003 932 2036 cap-nam
944 1989 1136 2033 concupiscen-

263 2053 340 2080 tiam
363 2049 402 2080 de
418 2047 527 2087 constit.
544 2048 652 2090 junsta
675 2045 893 2080 summatione
907 2042 1040 2085 glossae,
1069 2051 1135 2074 ver-

263 2098 306 2130 ba
326 2102 361 2129 in
381 2097 603 2138 definitionibus
622 2119 633 2135 ,
671 2097 706 2128 ό·
720 2090 963 2135 propofitiontbus
986 2090 1134 2125 domina-

261 2146 339 2180 Μαι
365 2143 550 2188 non-sonant
572 2145 692 2185 adum,
714 2143 772 2187 sed
781 2145 947 2184 potentiam
968 2141 1003 2172 (5
1025 2144 1133 2179 aptitu-

261 2197 381 2235 dinem,
409 2206 487 2239 ergo
500 2204 604 2238 neque
630 2193 828 2239 significatio
848 2188 978 2224 actualis
1002 2189 1069 2223 esse
1079 2200 1131 2233 po-

261 2245 322 2280 test
349 2245 390 2279 de
415 2246 552 2278 essentia
577 2245 659 2290 signi
686 2245 720 2277 in
746 2251 880 2288 genere·

316 2305 370 2340 54.
396 2297 468 2326 Dico
483 2292 629 2336 secunda:
658 2293 699 2326 de
723 2291 859 2325 essentia
871 2290 954 2333 signi
975 2289 1021 2323 est
1040 2290 1133 2333 signi·

263 2345 376 2379 ficatio
386 2342 630 2386 aptitudinalis.
657 2341 824 2375 Probatur.-
851 2338 978 2382 quiade
998 2339 1134 2373 essentia

263 2394 408 2429 concreti
424 2391 469 2426 est
488 2392 683 2426 abstractum
705 2415 716 2431 ‚
742 2392 808 2424 sive
829 2388 1048 2433 significatum
1071 2385 1134 2422 for·

244 2466 246 2468 -
263 2443 367 2485 male;
395 2452 431 2477 ut
451 2442 493 2476 de
514 2442 646 2476 essentia
666 2441 733 2475 albi
755 2440 803 2474 est
823 2438 956 2478 albedo,
984 2438 1025 2472 de
1037 2438 1133 2472 effen-

262 2494 310 2528 tia
324 2492 469 2526 hominis
482 2492 526 2526 est
540 2491 727 2526 humanitas
737 2489 897 2533 &cacqui
915 2489 1133 2532 significatum

263 2543 400 2578 formale
420 2540 514 2584 hujus
533 2543 700 2582 concreti,
723 2539 853 2584 signum,
879 2538 925 2573 est
938 2538 1133 2582 significatio

262 2592 486 2635 aptitudinalis
514 2615 525 2632 ,
560 2591 640 2636 ergo
664 2592 719 2625 illa
741 2590 785 2623 est
805 2588 846 2623 de
866 2590 1000 2623 essentia
1027 2589 1127 2632 figni-

263 2643 414 2676 Probarur
434 2646 527 2673 minor
549 2663 559 2679 ‚
585 2642 661 2683 quia
679 2642 807 2684 signum
829 2638 916 2672 idem
939 2638 984 2672 est
1007 2662 1018 2678 ,
1044 2637 1132 2682 quod

263 2691 515 2736 significativum
539 2690 600 2723 five
621 2700 734 2732 potens
757 2689 958 2733 significare,
982 2689 1076 2732 atqui
1098 2689 1132 2721 fi-

263 2741 508 2786 gnificativum,
534 2739 600 2773 five
617 2749 733 2782 potens
758 2738 938 2783 significare
950 2737 991 2771 de
1001 2737 1132 2773 formali

263 2792 417 2834 importat
446 2789 627 2833 potentiam
649 2790 786 2822 astivam
817 2787 1042 2831 significandi,
1068 2788 1133 2823 sive

263 2839 534 2886 significationem
556 2837 803 2882 aptitudinalem
825 2837 985 2877 activam,
1007 2837 1055 2871 uti
1069 2850 1132 2873 rna-

264 2890 419 2925 nifestum
445 2890 512 2932 est;
530 2890 610 2933 ergo
629 2889 685 2922 illa
703 2888 749 2922 est
760 2887 977 2932 significatum
997 2887 1132 2923 formale

264 2940 360 2984 hujus
376 2940 524 2975 concreti
537 2938 671 2983 fignum3
699 2938 778 2982 ergo
791 2937 845 2971 illa
870 2935 915 2970 est
935 2935 976 2969 de
999 2937 1131 2972 essentia

263 2991 368 3035 signi,
395 2989 482 3024 unde
493 2989 644 3023 definitio
656 2988 760 3033 ligni:
781 2987 894 3032 fignum
917 2984 954 3026 cst
975 2987 1029 3026 id,
1055 2989 1135 3030 quod

263 3042 379 3083 aliquid
390 3042 410 3073 ἃ
417 3038 451 3082 se
460 3038 628 3079 distinc‘lum
646 3044 788 3080 potentiae
804 3034 1006 3081 cognoscitlvae
1023 3046 1130 3079 repre-

260 3089 380 3133 sentem
407 3088 512 3124 reddit
523 3088 609 3123 hunc
620 3090 766 3123 sensum:
791 3088 837 3122 est
850 3087 884 3121 id
898 3084 1007 3129 ,quod
1019 3097 1130 3131 aptum

263 3141 308 3174 est
328 3140 546 3182 repraesentare
567 3138 692 3182 aliquid
714 3139 732 3173 a
755 3139 786 3173 se
811 3137 1000 3172 distinctum
1022 3159 1034 3175 ‚
1054 3139 1130 3181 quia

264 3189 313 3224 uti
334 3189 405 3223 dixi
428 3213 440 3229 ‚
475 3189 571 3223 verba
591 3188 825 3223 definitionum
856 3197 924 3221 non
947 3186 1130 3230 significant

263 3242 369 3275 astum
381 3263 393 3280 ,
420 3238 475 3273 sed
494 3237 712 3282 aptitudinem
729 3239 769 3273 ad
791 3239 896 3272 astum
908 3261 918 3270 .

314 3301 371 3336 55.
398 3289 526 3322 obilcies
543 3291 660 3330 primB:
687 3289 710 3322 fi
723 3287 915 3333 significatio
934 3288 1130 3332 aptitudina·

264 3340 306 3375 lis
318 3342 401 3374 soret
414 3339 455 3375 de
467 3339 600 3373 essentia
621 3338 703 3383 signi
718 3340 750 3372 in
763 3348 900 3383 genere,
924 3339 1023 3373 etiam
1044 3340 1129 3373 foret

191 3414 194 3418 ›
263 3391 305 3424 de
326 3390 458 3424 essentia
479 3399 758 3432 quorumcumque
774 3389 939 3434 signorum
963 3389 1130 3432 particula-

262 3441 369 3480 rium,
401 3439 494 3482 atqui
511 3438 576 3473 hoc
596 3438 711 3473 falsum
739 3438 784 3474 est
807 3465 817 3480 ‚
845 3448 924 3482 ergo
945 3438 1062 3473 falsum
1083 3440 1128 3473 est

261 3490 297 3527 δε
309 3489 365 3531 id,
389 3499 430 3524 ex
440 3500 507 3534 quo
521 3487 586 3525 hoc
599 3489 743 3535 sequitur
759 3513 767 3521 .
789 3488 938 3523 Probatur
958 3493 1030 3524 min.
1052 3489 1129 3534 quia

1816 128 1830 152 θ’,

1183 165 1284 210 Ess.
1324 164 1442 209 διε.
1478 165 1544 210 ΓΝ
1579 167 1725 214 Com.
1813 178 1820 191 ‘
1889 183 1970 217 101

1181 244 1375 291 significatio
1382 244 1611 289 aptitudinalis
1621 259 1689 282 non
1700 248 1747 282 est
1757 249 1797 286 de
1806 253 1938 289 essentia
1958 251 2042 299 signi

1183 295 1351 336 formalis,
1374 295 1503 330 cum-de
1514 294 1610 331 huius
1620 297 1845 340 signieffentia
1866 305 1905 338 fit
1924 303 2044 349 signifi·

1183 346 1272 381 catio
1289 346 1426 380 actualia
1448 369 1456 378 .
1491 345 1581 389 Resp.
1605 357 1676 391 nego
1695 352 1769 379 min.
1792 354 1824 384 δ’
1841 354 2061 394 ρνοόαιὶοηεηι·

1184 398 1249 437 ejus
1270 408 1277 427 ε
1315 395 1350 429 δε
1381 396 1459 430 dico
1481 396 1524 430 de
1551 396 1683 431 essentia
1702 396 1784 440 signi
1818 402 1962 439 formalis
1982 404 2046 438 esse

1184 454 1353 489 utramque
1362 446 1652 491 significationem,
1673 456 1742 480 tam
1753 449 1930 494 actualem,
1950 444 2053 498 quani

1185 495 1433 540 aptitudinalem
1446 518 1456 534 ,
1479 498 1562 538 cujus
1582 503 1662 530 ratio
1677 496 1718 536 ,est
1730 510 1741 530 .-
1765 499 1843 539 quia
1862 499 1897 534 in
1916 504 2049 537 eflentia.

1186 545 1303 589 speciei
1322 557 1392 581 non
1411 544 1510 582 debet
1531 547 1658 581 includi
1680 546 1746 580 sola
1765 548 1896 583 essentia
1915 555 2052 594 generis,

1187 596 1239 630 sed
1261 596 1393 630 essentia
1410 597 1539 642 generis
1556 597 1650 632 simul
1665 607 1742 631 cum
1763 598 1898 633 essentia
1908 600 2056 644 differen-

1187 647 1237 680 tiae
1260 658 1269 688 3
1297 646 1416 690 species
1436 647 1526 681 enim
1542 647 1589 681 est
1611 647 1780 689 quoddam
1803 651 2022 696 compositum
2044 674 2058 692 ,

1187 705 1242 730 aut
1273 696 1358 730 certe
1383 696 1550 739 quoddam
1573 697 1787 732 constitutum
1808 708 1850 733 ex
1879 711 1998 746 genere
2021 699 2058 733 δε

1186 747 1370 780 differentia
1391 758 1494 791 genus
1514 747 1599 780 istud
1620 746 1834 783 contrahente
1854 763 1868 787 ;
1896 751 1936 784 sic
1956 750 1992 784 in
2010 751 2056 784 es-

1189 797 1290 830 sentia
1310 796 1457 831 hominis
1478 796 1661 831 involvitur
1679 809 1748 832 non
1771 800 1839 833 sola
1856 799 2059 840 animalitas,

1190 846 1243 880 sed
1262 847 1447 881 animalitas
1466 847 1560 881 simul
1580 847 1616 883 ἀ
1646 849 1850 883 rationalitas
1870 863 1880 885 ,ε
1913 851 2007 894 ,atqui
2026 850 2062 883 sr-

1190 907 1294 941 gnum
1308 898 1444 931 formale
1454 897 1499 930 est
1522 897 1667 942 quaedam
1688 899 1808 941 species
1827 900 1956 945 figniin
1970 910 2064 934 com·

1193 947 1306 985 muni,
1328 947 1409 990 ergo
1427 948 1460 980 in
1480 947 1568 981 illius
1593 949 1727 984 essentia
1745 949 1980 985 includidebet
1991 961 2062 984 non

1192 995 1260 1032 sola
1282 995 1479 1039 fignificatio
1497 998 1743 1040 aptitudinalis‚
1763 1010 1834 1043 quat
1854 1000 1902 1034 est
1927 1000 2063 1035 eflentia

1190 1045 1339 1090 generis3
1364 1046 1484 1080 scilicet
1502 1043 1587 1090 'signi
1611 1049 1644 1081 in
1661 1050 1831 1084 communi
1852 1063 1866 1085 ,.·
1889 1049 1940 1084 sed
1959 1049 2063 1085 etiam

1191 1094 1390 1140 significatio
1410 1096 1564 1138 astualis3
1587 1094 1653 1131 haec
1675 1099 1794 1142 quippe
1813 1099 1857 1132 est
1881 1098 2065 1134 differentia

1192 1146 1319 1189 signum
1342 1146 1376 1179 in
1399 1156 1517 1189 genere
1536 1146 1753 1187 contrahens,
1772 1149 1804 1183 ἀ
1829 1150 1963 1192 speciem
1982 1148 2067 1194 signi

1193 1195 1339 1230 formalis
1361 1195 1585 1232 constituens,-
1605 1207 1684 1242 ergo
1700 1197 1741 1231 de
1763 1198 1897 1232 essentia
1912 1199 2070 1244 fignifot-

1192 1244 1287 1281 malis
1309 1245 1406 1280 debet
1426 1247 1488 1280 esse
1510 1241 1647 1290 utraque
1666 1247 1865 1295 significatio
1877 1273 1888 1290 ,
1905 1258 1972 1283 tam
1984 1248 2069 1284 actu·

1190 1296 1272 1336 alis,
1292 1305 1394 1338 quam
1417 1296 1663 1339 aptitudinalis.

1244 1345 1300 1392 56.
1328 1345 1474 1385 rnstabts:
1499 1346 1695 1391 significatio
1717 1346 1945 1391 aptitudinalis
1966 1350 2069 1384 &ac-

1193 1397 1292 1431 malis
1314 1407 1383 1430 non
1408 1397 1538 1440 possunr
1559 1396 1618 1432 fibi
1642 1398 1760 1432 mutuo
1779 1398 1906 1434 realiter
1928 1398 2070 1434 identifiss

1195 1446 1260 1480 cari
1273 1446 1382 1491 ,ergo
1400 1459 1469 1481 non
1492 1448 1620 1490 possunt
1640 1457 1808 1491 tamquam
1831 1460 1934 1494 genus
1949 1451 1983 1484 δε
2005 1449 2071 1483 dis-

1196 1496 1330 1532 serentia
1340 1497 1536 1532 constituere
1548 1498 1675 1541 signum
1687 1499 1826 1534 formale
1837 1511 1847 1541 ;
1855 1507 1943 1541 patet
1953 1498 2067 1542 conseq.

1197 1545 1272 1589 quia
1294 1547 1377 1580 ratio
1398 1546 1524 1590 generis
1541 1547 1774 1586 &differentiae
1795 1548 2070 1583 constituentium

1196 1596 1334 1632 eandem
1347 1597 1485 1638 speciem
1498 1596 1620 1630 debent
1640 1596 1698 1631 fibi
1711 1597 1828 1631 mutuo
1836 1599 1965 1633 realiter
1978 1598 2069 1632 idem
2121 1616 2127 1623 ·

1197 1646 1314 1683 tificari
1324 1670 1334 1680 ,.
1360 1645 1508 1682 Probatur
1519 1649 1591 1680 vero
1602 1648 1779 1681 antecedens
1791 1660 1798 1680 :
1821 1649 1899 1692 quia
1909 1648 2070 1694 fignifica-

1198 1696 1247 1730 tio
1266 1696 1494 1738 aptitudinalis
1511 1697 1548 1731 ⁴&
1571 1698 1705 1731 actualis
1725 1697 1847 1732 habent
1870 1699 1901 1733 se
1920 1698 2000 1734 ficut
2011 1708 2069 1742 po·

1198 1747 1300 1780 tentia
1318 1745 1354 1779 δε
1375 1747 1480 1780 astus:
1503 1747 1582 1781 ficut
1602 1747 1815 1782 calefactio&
1829 1750 1975 1792 potentia
1985 1747 2068 1785 cale·

1197 1795 1339 1831 faciendi
1354 1820 1366 1836 ‚
1388 1796 1466 1831 ficut
1491 1797 1674 1832 intellestus
1696 1799 1731 1832 ὅ(
1753 1798 1955 1840 ὶητεΠοᾶἰο;
1974 1798 2068 1843 atqui

1197 1847 1285 1880 actus
1304 1846 1443 1889 quilibet
1463 1846 1481 1880 a
1506 1847 1559 1881 sua
1582 1848 1728 1891 porentia
1750 1848 1878 1882 realiter
1896 1848 2069 1893 distingui·

1199 1907 1272 1934 tur,
1290 1894 1370 1939 ergo
1389 1896 1585 1940 significatio
1606 1897 1737 1931 actualis
1754 1897 1787 1931 δε
1809 1898 2067 1942 aptitudinalisa.

1199 1945 1261 1977 sese
1283 1944 1399 1977 mutuo
1420 1945 1544 1978 realiter
1562 1946 1683 1979 debent
1700 1945 1880 1992 distingui,
1907 1947 1996 1993 περ.
2017 1960 2066 1983 ne-

1194 1994 1294 2037 gando
1322 2002 1416 2027 antec.
1439 1995 1473 2028 θ
1492 1994 1698 2039 distinguendo
1707 1999 1852 2038 majorem
1858 1995 2065 2041 probatio‘uts:

1199 2043 1394 2088 significatio
1424 2044 1698 2087 aptitudinalis&
1719 2048 1848 2082 actualis
1879 2048 2000 2086 debent
2034 2049 2067 2085 se

1198 2093 1276 2126 sicut
1297 2093 1444 2135 potentia
1469 2093 1502 2127 &
1523 2095 1627 2135 actio,
1650 2096 1701 2129 vel
1720 2098 1828 2139 potius
1850 2099 1932 2134 sicut
1954 2111 2069 2144 poten·

1197 2142 1242 2175 tia
1266 2142 1298 2175 δε
1319 2142 1448 2176 effectus
1481 2144 1516 2177 in
1548 2144 1647 2189 signis
1668 2145 1967 2183 instrumentalibus
1989 2163 2004 2192 ,·
2027 2149 2067 2191 sic

1197 2194 1336 2235 concedo;
1360 2191 1488 2227 ‘habent
1512 2195 1543 2228 se
1564 2194 1670 2229 taliter
1689 2196 1722 2229 in
1747 2197 1902 2232 omnibus
1924 2199 2067 2233 omnin&

1197 2242 1294 2287 signis
1307 2255 1317 2285 3
1326 2241 1367 2284 fic
1387 2254 1476 2286 nego,
1504 2255 1579 2278 nam
1602 2246 1651 2279 uti
1673 2246 1745 2279 dixi
1766 2248 2066 2291 dubtopraecedenti,

1197 2292 1392 2336 significario
1409 2294 1540 2326 aetuans
1560 2293 1601 2327 ab
1623 2296 1779 2335 entitate,
1802 2298 1837 2330 δε
1859 2299 2069 2342 significatio-

1198 2352 1239 2374 ne
1259 2340 1467 2384 aptitudinali
1489 2342 1572 2386 signi
1594 2344 1740 2379 formalis
1761 2357 1829 2380 non
1844 2347 1953 2383 differt
1974 2351 2068 2391 reali-

1195 2401 1260 2431 ter,
1283 2391 1430 2435 adeoque
1447 2392 1480 2425 in
1503 2393 1564 2427 illo
1581 2393 1675 2438 signo
1689 2394 1776 2428 idem
1799 2397 1873 2430 sunt
1894 2397 2069 2443 signum&

1196 2439 1389 2485 significatio
1408 2462 1419 2478 ‚
1456 2442 1641 2487 significans
1669 2444 1703 2478 t&
1727 2456 1843 2488 potens
1864 2447 2067 2493 significare,

1195 2491 1391 2536 significatio
1411 2491 1544 2527 actualis
1563 2493 1598 2528 δε
1614 2494 1842 2538 aptitudinalis
1863 2509 1871 2529 :
1906 2499 1993 2533 unde
2017 2498 2067 2535 hae

1195 2540 1263 2574 duae
1286 2540 1542 2585 significationes
1559 2543 1594 2577 in
1616 2542 1681 2577 hoc
1700 2545 1792 2590 siguo
1813 2558 1880 2582 non
1893 2551 2023 2592 possunt
2034 2551 2066 2584 se

1197 2589 1314 2624 habere
1337 2591 1415 2626 sicut
1435 2594 1523 2626 astus
1540 2593 1574 2627 ὃς
1598 2595 1766 2636 potentia,
1789 2597 1864 2638 quia
1886 2609 1997 2633 verum
2016 2600 2064 2634 est

1196 2641 1280 2673 inter
1303 2639 1370 2675 haec
1391 2643 1514 2684 semper
1531 2653 1614 2686 opus
1632 2646 1695 2678 esse
1716 2644 1929 2683 distinfflone
1961 2650 2063 2689 reali:

1195 2690 1245 2723 sed
1269 2688 1388 2724 habent
1407 2693 1438 2725 se
1458 2691 1538 2726 ficut
1548 2694 1679 2727 astus&
1701 2705 1770 2729 non
1796 2701 2010 2742 repugnantia
2020 2700 2063 2734 ad

1195 2741 1301 2774 aetum
1322 2752 1391 2785 quae
1410 2741 1479 2776 duo
1495 2743 1623 2777 realiter
1644 2754 1711 2777 nou
1733 2744 1888 2781 differunt
1901 2772 1912 2788 ‚
1932 2749 1979 2782 uti
2001 2749 2067 2783 evi·

1195 2790 1276 2823 dens
1297 2791 1342 2825 est
1355 2815 1362 2823 .
1384 2791 1438 2830 Est
1455 2791 1548 2833 fimile
1565 2804 1770 2837 argumentum
1782 2820 1792 2835 ,
1820 2808 1855 2830 ac
1871 2795 1897 2838 si
1909 2809 2065 2842 argumen-

1195 2845 1321 2874 tareris:
1348 2841 1530 2876 intellectus
1551 2843 1584 2877 ὃ(
1603 2844 1779 2878 intellectio
1802 2844 1922 2881 habent
1942 2849 1973 2882 se
1984 2849 2064 2884 sicut

1197 2891 1341 2932 potentia
1359 2892 1394 2926 δε
1412 2894 1500 2926 astus
1522 2917 1534 2933 ‚
1557 2892 1635 2938 ergo
1657 2895 1837 2929 intellectus
1869 2896 2000 2933 divinus
2030 2899 2064 2934 δε

1196 2940 1374 2975 intellectio
1393 2942 1508 2976 divina
1523 2942 1643 2977 debent
1668 2944 1792 2978 realiter
1809 2945 1993 2993 distingui;
2016 2960 2065 2984 ne-

1188 2989 1315 3033 gabitur
1331 2991 1389 3024 tib}
1408 2993 1583 3026 antecedens
1594 2994 1808 3036 universaliter
1825 2995 2002 3040 sumptum.-
2027 2998 2066 3033 li-

1194 3050 1246 3073 cet
1265 3042 1355 3074 enim
1378 3052 1414 3076 ut
1434 3043 1611 3085 plurimum
1634 3044 1679 3077 ita
1702 3044 1767 3078 sese
1789 3044 1932 3081 habeant
1955 3072 1966 3087 ,
1995 3059 2064 3083 non

1194 3099 1302 3124 tamen
1324 3092 1448 3135 semper
1470 3115 1482 3131 ,
1502 3104 1576 3126 nam
1597 3094 1630 3126 in
1653 3094 1730 3128 Deo
1756 3095 1820 3129 sese
1840 3096 1962 3132 habent
1983 3099 2064 3134 ficut

1191 3140 1277 3174 actus
1295 3141 1329 3174 <Sc
1348 3152 1415 3175 non
1435 3143 1653 3186 repugnantia
1677 3141 1717 3176 ad
1738 3146 1842 3180 saum
1865 3171 1876 3186 ‚
1901 3159 1970 3191 quae
1994 3148 2065 3184 duo

1191 3189 1317 3224 realiter
1343 3203 1409 3225 non
1423 3191 1578 3226 differunt
1589 3216 1599 3225 .
1629 3192 1719 3228 Vide
1731 3205 1803 3239 quae
1812 3196 1919 3231 dicam
1931 3198 2015 3233 infra
2028 3210 2067 3235 ι-

1190 3250 1273 3284 gens
1294 3240 1335 3274 de
1359 3241 1451 3284 signo
1471 3242 1620 3277 formali.

1242 3300 1296 3336 57,
1324 3289 1413 3323 obuc.
1430 3289 1555 3333 leuando
1575 3316 1585 3324 .
1612 3294 1756 3330 Effentia
1778 3296 1860 3340 signi
1881 3297 1939 3332 sita
1960 3297 2007 3333 est
2029 3297 2066 3335 in

1191 3339 1348 3373 relatione
1356 3364 1368 3380 ,
1378 3351 1459 3385 ergo
1469 3353 1538 3376 non
1551 3342 1585 3376 in
1598 3344 1804 3386 aptitudinali
1817 3347 2065 3391 significatione.

1193 3388 1342 3422 Probatur
1358 3392 1556 3425 antecedens:
1583 3393 1658 3436 quia
1686 3395 1761 3430 sunt
1781 3397 1916 3432 diversae
1939 3398 2067 3433 relatio·

1193 3450 1271 3479 nes,
1295 3440 1363 3474 fine
1380 3441 1499 3483 quibus
1520 3441 1645 3486 signum
1667 3456 1729 3479 nec
1750 3448 1835 3489 effe,
1858 3458 1916 3481 nec
1934 3447 2067 3491 concipi

1193 3490 1296 3534 potest
1309 3503 1321 3524 .-
1333 3499 1369 3526 ut
1382 3492 1456 3526 suut
1471 3492 1586 3528 relatio
1597 3493 1679 3539 figui
1699 3494 1741 3531 ad
1760 3497 2001 3543 significatum3
2027 3493 2068 3532 ad

1970 3557 2026 3590 ΡΟ·
