2384 3770
124 581 185 627 Ep.
199 589 274 629 239.

719 54 1051 99 SANc'rt

296 136 527 174 monasterium
551 143 647 181 atque
666 135 840 171 Ecclefiam
862 146 902 168 ex
921 145 1014 176 aequo
1035 131 1136 166 dividi
1160 144 1169 175 3

297 189 505 233 Augustinus
536 197 644 222 autem
679 187 809 221 volebat
845 184 926 218 illud
948 193 1056 218 totum
1084 184 1168 225 sequi

284 239 390 272 ‘suum
418 237 584 272 hominem
612 262 622 277 ,
648 232 807 279 adeoque
824 245 933 268 totum
968 232 1101 267 devolvi
1128 233 1168 266 ad

298 288 476 322 Ecclesiam
501 288 593 322 istam
612 311 624 327 ,
650 287 747 329 idque
777 285 853 319 ideo
874 306 884 322 ,
910 285 986 326 quia
1018 283 1170 333 Ionnora-

297 348 350 371 tus
370 337 427 371 iste
446 337 487 372 ed
511 339 610 380 afilae
633 336 771 369 necdum
812 336 903 368 suurn
939 334 1170 377 patrimonium

297 389 470 421 alienarat:
500 388 595 421 Istius
605 387 726 429 quippe
745 386 901 427 temporis
922 381 1076 417 monachi
1099 384 1171 416 reti-

299 449 374 471 nere
395 441 540 480 poterant
562 435 724 469 bonorum
753 436 884 468 suorum
906 435 1135 477 proprietatem
1161 456 1171 472 ,

298 488 365 521 sola
387 497 496 521 eorum
521 484 804 519 administratione
826 485 978 518 translata
1010 486 1044 517 in
1066 482 1169 515 Praela-

298 548 387 571 tum.
413 535 613 578 Sequebatur
630 545 771 576 namque
796 535 1004 578 Augustinus
1022 533 1108 566 hanc
1129 543 1169 564 re·

297 587 408 631 gulam
431 584 726 618 fundamentalem.
756 585 879 616 Videtur
901 589 1001 625 itaque
1025 583 1098 615 mihi
1109 582 1172 614 baec

296 636 395 679 regula
424 634 475 677 effe
502 640 535 666 in
562 635 648 668 rebus
677 633 873 677 huiuscemodi
903 636 1064 667 retinenda
1090 657 1101 673 ‚
1140 640 1172 663 ut

295 686 443 727 quidquid
468 685 504 717 dr
526 695 557 717 eo
571 687 641 726 jure
659 711 669 726 ‚
695 697 751 726 quo
773 686 849 717 talia
873 685 1049 725 possidentur
1071 707 1081 722 ‚
1106 683 1171 722 ejus

287 735 409 777 fuerit,
434 742 485 776 qui
505 735 610 766 alicubi
626 736 745 767 clericus
755 736 912 767 ordinatur
923 757 933 773 ‚
962 736 1005 767 ad
1023 745 1089 766 eam
1107 741 1172 773 per-

296 792 389 819 tineat
413 784 567 825 Ecclefiam
589 809 599 825 ,
625 790 657 816 in
685 796 744 827 qua
764 785 921 817 ordinatur
944 809 950 815 .
978 782 1073 826 Usque
1099 784 1172 814 adeo

294 844 395 868 autem
414 836 511 867 eodem
522 836 592 874 jure
612 836 779 873 Presbyteri
801 839 941 866 Honorati
965 834 1003 873 est
1020 834 1097 865 illud
1121 843 1172 864 un·

295 886 332 918 de
352 891 448 928 agitur
471 910 479 923 ,
504 894 537 916 ut
557 895 614 917 non
630 883 724 926 solum
749 884 822 916 alibi
839 885 1019 923 ordinatus,
1047 881 1103 924 sed
1122 882 1170 913 ad-

295 934 351 968 buc
368 943 399 967 in
418 933 582 978 Tagastensi
598 935 768 974 monasterio
793 933 962 971 constitutus
980 957 990 972 ‚
1013 932 1044 974 fi
1063 945 1095 966 re
1116 929 1172 974 sua

296 998 354 1018 non
385 988 512 1018 vendita
537 995 586 1018 nec
619 993 676 1026 per
708 984 895 1025 manifestam
927 985 1115 1016 donationem
1141 988 1173 1013 in

294 1042 461 1079 quempiam
482 1035 638 1068 translata
661 1045 818 1068 moreretur
837 1058 848 1074 ,
875 1045 932 1066 non
959 1033 1016 1075 nist
1041 1033 1174 1065 baeredes

292 1088 358 1126 ejus
378 1094 413 1118 in
431 1096 497 1118 eam
512 1083 695 1126 succederent
719 1111 728 1124 ,
750 1084 820 1124 ficut
845 1090 960 1117 Frater
982 1084 1174 1116 AEmilianus

294 1142 329 1169 in
350 1137 414 1169 illos
434 1141 564 1179 triginta
592 1133 697 1177 solidos
722 1140 844 1168 Fratris
867 1138 988 1167 Privati
1017 1132 1141 1176 succefflt
1167 1156 1174 1163 .

294 1186 441 1233 Qidam
463 1185 573 1227 itaque
596 1184 826 1218 monachatum
838 1186 1026 1226 profitentes
1047 1194 1095 1216 res
1109 1193 1175 1215 om-

294 1246 353 1268 nes
375 1236 444 1267 suas
464 1233 481 1265 ὲ
503 1236 533 1266 se
554 1233 703 1266 alienaba
754 1258 764 1274 ,
786 1246 840 1267 eas
861 1245 915 1267 aut
937 1234 991 1277 ipfi
1018 1233 1175 1266 monaste·

294 1285 345 1317 rio
372 1294 428 1316 aut
463 1282 658 1325 pauperibus
679 1292 735 1316 aut
766 1283 839 1316 aliis
870 1283 931 1325 piis
965 1283 1077 1315 cauffis
1100 1284 1178 1316 elar-

294 1335 422 1378 gientes
447 1356 457 1372 ‚
484 1333 541 1365 alii
572 1342 684 1366 autem
716 1343 827 1366 earum
857 1332 1090 1375 proprietatem
1116 1331 1174 1365 sibi

294 1383 500 1417 retinebant.
531 1381 663 1422 Primi,
690 1382 770 1416 dum
794 1381 835 1415 ad
855 1382 995 1424 alicujus
1024 1382 1174 1416 Ecclefiae

295 1434 482 1467 clericatum
513 1432 764 1471 evocabantur,
797 1432 882 1465 nihil
914 1434 1023 1467 secum
1052 1432 1178 1466 defere-

295 1484 395 1524 bant,
416 1482 500 1516 nihil
519 1493 660 1526 namque
681 1482 843 1516 habebant
862 1495 871 1524 3
904 1482 1097 1526 posteriores
1124 1493 1176 1516 au-

293 1542 361 1568 tem
383 1530 597 1572 conferebant
621 1533 734 1566 omnia
759 1556 770 1572 ,
800 1534 1011 1566 conferebant
1035 1542 1177 1576 namque

294 1584 387 1617 suum
409 1607 420 1624 ‚
454 1583 487 1616 in
510 1582 599 1626 quod
633 1582 832 1616 monasterio
856 1582 940 1617 nihil
970 1592 1038 1616 erat
1062 1582 1138 1624 iuris
1167 1608 1178 1624 ,

295 1634 379 1667 adeo
401 1645 435 1667 ut
459 1632 625 1666 monacho
645 1633 701 1667 tali
734 1632 887 1667 morienti
922 1645 989 1666 non
1020 1633 1178 1667 monaste-

294 1686 379 1717 rium
399 1707 409 1723 ‚
432 1684 483 1716 sed
508 1683 650 1727 legitimi
675 1683 879 1717 succederent
899 1682 1052 1717 haeredes.
1075 1684 1175 1724 Haec,

293 1735 453 1777 inquam,
474 1733 508 1766 in
534 1734 709 1777 Augustini
734 1733 937 1767 monasteriis
956 1744 1023 1767 erat
1037 1744 1102 1767 una
1125 1735 1176 1767 lex

292 1783 550 1818 fundamentalis
573 1808 581 1815 .
610 1784 679 1826 Jam
710 1784 806 1825 porro
836 1784 1023 1818 audivimus
1046 1809 1056 1824 ,
1087 1785 1176 1827 quod

293 1834 499 1878 Augustinus
530 1833 570 1867 ad
599 1833 743 1867 Ecclefiae
765 1834 987 1878 Hipponenlis
1009 1834 1176 1876 Presbyte-

291 1895 398 1917 ratum
427 1892 580 1917 evocatus
604 1883 686 1916 nihil
710 1895 819 1927 praeter
857 1886 994 1918 unicum
1023 1887 1175 1918 amictum

290 1934 398 1967 secum
421 1935 472 1967 isti
497 1934 643 1967 Ecclesiae
668 1935 848 1967 contulerit
871 1958 881 1974 ,
908 1933 1097 1967 sed'omnia
1133 1946 1176 1967 re-

105 3189 183 3235 Cap.
196 3201 229 3239 3.

292 1983 423 2024 liquerit
448 1984 481 2012 in
508 1983 647 2012 Ecclesia
660 1982 870 2023 Tagastenfi.
898 1984 980 2026 Q¹0
999 1982 1087 2022 jure,
1113 1993 1176 2025 qua

291 2030 332 2062 de
353 2030 457 2062 cauffa
479 2030 495 2060 ?
522 2029 614 2071 Quia
636 2030 750 2061 omnia
781 2031 799 2061 ἡ
835 2031 867 2060 se
895 2030 961 2068 jam
983 2031 1139 2061 alienarat
1164 2055 1175 2069 ‚

289 2076 486 2118 dederatque
505 2075 698 2119 Tagastensi
724 2074 922 2108 monasterio
946 2099 956 2115 ‚
990 2075 1079 2118 quod
1112 2077 1173 2109 uti-

289 2139 376 2171 que,
403 2127 589 2164 Pennone,
616 2125 694 2165 quia
720 2124 923 2168 Augustinus
945 2122 985 2158 εό
1007 2126 1171 2169 usquelai·

287 2189 345 2211 cus
372 2176 434 2211 fuit
450 2201 460 2217 ‚
489 2177 551 2210 effe
585 2186 654 2208 non
679 2175 787 2218 potuit
811 2175 1045 2208 monasterium
1071 2176 1170 2210 Cleri·

288 2239 403 2261 corum
427 2251 434 2258 .
463 2226 581 2269 Neque
599 2225 800 2258 contrarium
824 2223 922 2259 habet
946 2226 1081 2259 sanstus
1093 2225 1170 2259 Pos-

289 2278 387 2310 fidius
411 2300 418 2307 .
445 2275 558 2308 Verba
593 2275 714 2318 quippe
745 2275 802 2308 ista
830 2299 842 2314 ‚
870 2277 920 2307 Ad
941 2277 1095 2317 propriam
1122 2278 1159 2309 do

290 2339 372 2359 mum
393 2321 555 2370 agrosque,
581 2325 766 2369 significant
785 2335 902 2369 agros,
925 2337 993 2359 non
1016 2326 1168 2360 dominio

275 2379 327 2410 ‘ac
363 2375 552 2418 poffeffioue
585 2375 731 2417 proprios
754 2398 765 2413 ,
786 2373 840 2408 sed
867 2376 1012 2417 proprios
1039 2376 1169 2421 origine

287 2437 326 2459 ac
349 2425 520 2458 nativitate
541 2448 549 2456 .
576 2423 653 2457 Hoc
674 2435 813 2465 namque
845 2424 1026 2459 locutionis
1049 2438 1167 2471 genere

286 2476 471 2509 etiamnum
503 2471 683 2508 monachus
714 2474 847 2516 lprenfis
867 2485 925 2508 aut
950 2475 1131 2510 Duacensis
1156 2501 1167 2516 ,

287 2527 366 2560 dum
388 2525 474 2568 lpras
497 2535 552 2558 aut
574 2525 728 2558 Duacum
747 2524 854 2559 tendit
875 2550 885 2565 ‚
912 2524 1043 2559 tendere
1064 2527 1096 2560 se
1118 2527 1166 2561 di-

285 2576 331 2610 cit
354 2575 394 2609 ad
416 2574 553 2608 domum
581 2575 743 2617 propriam
765 2600 775 2614 ,
804 2575 1014 2619 propriosque
1035 2587 1129 2621 agros
1157 2603 1164 2611 .

285 2626 382 2673 Qin
402 2625 507 2658 immo
529 2624 691 2658 Poffidius
709 2624 790 2658 dicit
810 2624 950 2667 idipsum
986 2626 1028 2660 de
1051 2628 1164 2671 Augu·

284 2675 372 2709 stino
394 2699 405 2715 ,
425 2673 515 2718 quod
548 2673 751 2716 Augustinus
784 2674 826 2708 de
857 2676 987 2716 seipso:
1018 2678 1068 2709 Ad
1091 2689 1163 2719 quos

284 2731 437 2764 veniens,
463 2725 496 2757 ό*
519 2724 667 2766 inquibus
695 2724 862 2764 constitutus
884 2725 985 2767 ferme
1011 2733 1163 2768 triennio,

284 2777 320 2809 ό·
342 2774 375 2818 se
392 2777 464 2816 jam
489 2775 629 2807 alienatis
656 2779 731 2806 curis
755 2771 970 2816 saecularibus,
999 2778 1053 2809 &a
1083 2778 1163 2825 Qi-

283 2824 345 2858 bus
366 2826 452 2858 curis
476 2823 679 2858 saecularibus
700 2825 712 2857 ?
738 2822 821 2857 Sane
844 2835 909 2857 non
934 2827 1006 2859 aliis
1029 2850 1038 2864 ‚
1064 2838 1160 2870 quam

283 2875 513 2917 temporalium
541 2874 705 2908 bonorum
725 2896 730 2904 .
760 2874 876 2907 Sensus
896 2875 1003 2919 itaque
1025 2877 1159 2911 Poffidii

282 2923 327 2957 est
350 2923 427 2958 hic:
458 2924 592 2957 veniens
613 2923 653 2956 ad
674 2923 802 2958 nativos
820 2922 934 2958 Patriae
958 2937 1052 2970 agros
1078 2951 1089 2967 ,
1113 2939 1158 2962 at—

281 2986 345 3018 que
367 2975 400 3007 in
423 2974 488 3007 illis
520 2975 586 3016 jam
609 2974 677 3007 fixo
701 2973 880 3007 Eremitico
908 2987 945 3008 ac
966 2977 1074 3011 sociali
1102 2978 1161 3011 do-

280 3024 408 3058 micilio
424 3025 622 3058 constitutus
641 3033 688 3056 res
706 3033 819 3058 omnes
843 3026 912 3058 suas
937 3027 1158 3068 temporales&

279 3075 313 3108 se
335 3074 511 3115 alienavit,
533 3085 712 3116 verumque
735 3074 816 3107 vixit
837 3074 1036 3111 monachum
1059 3088 1157 3121 atque

280 3123 462 3158 Eremitam
476 3150 484 3156 .

327 3174 439 3218 Pergit
459 3173 639 3208 Poffidius.
666 3178 800 3217 Contigit
819 3174 905 3214 forte
930 3176 1025 3209 eodem
1049 3186 1155 3219 tempo·

274 3236 307 3258 re
320 3250 330 3265 ,
356 3234 392 3257 ut
413 3226 536 3265 quidam
558 3236 595 3258 ex
617 3229 656 3257 iis
669 3249 679 3265 ,
706 3236 777 3267 quos
791 3225 892 3258 dicunt
912 3229 1035 3268 Agentes·
1059 3234 1091 3260 in
1112 3240 1155 3261 re·

274 3277 328 3308 bu:
350 3298 361 3314 ,
387 3275 472 3316 apud
492 3279 654 3316 Hipponem
672 3279 796 3318 Regium
830 3275 1002 3314 constitutur
1036 3301 1047 3316 ‚
1086 3278 1155 3311 bene

275 3324 461 3364 Christianur
485 3349 495 3365 ,
524 3329 674 3366 Deumque
693 3332 825 3363 timens,
851 3334 997 3367 comperta
1018 3329 1083 3367 ejus
1108 3328 1154 3360 bo·

275 3386 315 3409 na
334 3375 426 3417 fama
446 3384 536 3415 atque
557 3373 692 3407 doc‘lrina
719 3399 729 3415 ,
757 3374 931 3415 defideraret
956 3386 1046 3420 atque
1070 3386 1156 3422 opta—

353 3423 459 3465 Cbrist.
475 3428 554 3468 Lupi
564 3429 662 3468 Opera
672 3427 753 3458 Tom.
766 3428 798 3458 X
802 3428 841 3459 11.

1120 55 1669 97 AuousrtNt.
2062 67 2081 108 5

1234 141 1280 166 ret
1307 142 1371 165 eum
1397 134 1499 166 videre
1519 156 1530 172 ‚
1554 138 1730 173 promittens
1748 130 1781 175 se
1799 131 1872 175 posse
1906 133 2009 164 mundi
2027 132 2115 173 buJ'us

1232 193 1331 215 omnes
1355 190 1532 215 contemnere
1554 184 1732 221 cupiditates
1765 192 1853 224 atque
1876 182 2029 215 illecebras
2051 207 2062 222 ‚
2089 181 2120 223 fi

1233 232 1398 273 aliquando
1416 243 1453 265 ex
1486 234 1551 272 ejus
1571 243 1618 263 ore
1641 233 1696 263 Dei
1721 232 1846 265 verbum
1857 234 1959 265 audire
1996 230 2117 274 meruis-

1227 281 1272 324 set
1294 306 1300 313 .
1328 283 1422 324 ,Quod
1441 293 1505 314 cum
1524 283 1569 313 ad
1591 279 1622 323 se
1638 279 1722 321 fideli
1745 280 1845 322 fuiffet
1868 284 2010 315 relatione
2033 283 2117 315 dela-

1233 343 1295 364 tum
1315 354 1324 369 ‚
1351 331 1479 365 liberare
1500 337 1635 364 animam
1659 337 1777 371 cupiens
1799 331 1837 362 ab
1860 331 1949 370 hujus
1972 338 2045 365 vitae
2064 340 2113 373 pe-

1232 382 1334 414 riculis
1355 406 1366 422 ,
1399 391 1548 424 morteque
1568 391 1681 413 aeterna
1699 391 1714 419 ',
1741 380 1785 417 ad
1815 391 2005 413 memoratam
2039 383 2114 417 ultro

1232 441 1322 473 atque
1344 431 1491 473 confestim
1514 438 1600 465 venit
1629 435 1784 463 civitatem
1802 454 1812 469 ,
1839 431 1874 462 (9
1902 430 2047 464 hominem
2067 437 2116 465 vi-

1231 479 1297 523 sum
1320 482 1462 514 allocutus
1488 480 1686 524 frequentius
1721 489 1809 521 atque
1845 478 2018 514 exhortatus
2045 480 2081 520 est
2100 505 2113 521 ‚

1233 540 1378 572 quantum
1392 535 1470 565 Deus
1493 531 1623 564 donabat
1634 557 1643 571 ‚
1665 540 1698 562 ut
1710 531 1789 571 quod
1802 531 1859 560 Deo
1871 539 1999 562 voverat
2010 531 2117 563 redde-

1233 590 1276 613 ret
1298 607 1304 614 .
1348 585 1387 614 Ac
1405 580 1437 624 se
1456 582 1504 614 ille
1534 581 1692 622 fadlurum
1716 581 1752 612 de
1773 581 1821 611 die
1845 586 1878 610 in
1900 578 1980 610 diem
2003 581 2117 619 pollice-

1232 632 1318 663 batur
1339 656 1349 672 ‚
1371 643 1422 664 nec
1441 640 1541 664 tamen
1564 638 1596 663 in
1619 634 1685 672 ejus
1711 639 1781 662 tunc
1803 627 1857 660 boc
1874 628 2013 669 implevit
2035 638 2115 669 prae-

1228 681 1328 723 sentia
1350 706 1357 714 .
1386 683 1444 714 Sed
1467 693 1595 715 vacuum
1617 688 1718 723 utique
1738 682 1769 712 (τ
1792 684 1881 712 inane
1916 679 1966 721 esse
1986 690 2044 710 non
2070 689 2119 721 po-

1235 738 1293 764 tuit
1307 756 1317 771 ‚
1345 733 1422 773 quod
1438 740 1494 773 per
1517 732 1579 763 tale
1604 743 1662 765 vas
1686 730 1829 770 mundum
1851 753 1862 768 ,
1886 732 1918 761 in
1938 728 2042 762 bonore
2062 734 2121 762 uti·

1232 786 1258 815 le
1284 786 1407 814 Domino
1432 806 1441 820 ,
1471 783 1514 813 ad
1535 793 1616 814 omne
1639 790 1711 822 opus
1745 779 1851 812 bonum
1878 786 2025 819 paratum
2054 803 2064 818 ‚
2090 785 2123 811 in

1233 838 1311 863 omni
1332 833 1389 864 loco
1414 835 1531 864 Divina
1548 830 1677 875 gerebat
1706 830 1902 871 providentia
1925 853 1932 861 .
1961 829 2013 861 Ex
2042 839 2123 863 tunc

1235 893 1314 925 ergo
1339 881 1551 925 Tagastenfis
1583 880 1850 924 ista'Augustini
1889 879 2053 916 Eremus,
2090 879 2128 910 li-

1235 943 1285 964 cet
1311 932 1452 964 necdum
1479 929 1755 966 conventualibus
1790 930 1891 963 muris
1914 929 2018 962 cinsta
2041 952 2052 968 ‚
2080 929 2129 961 in-

1219 981 1220 984 ’
1239 989 1390 1015 noruerat
1412 981 1513 1022 usque
1535 982 1733 1024 Hipponem
1757 1002 1770 1022 ,
1795 988 1892 1023 atque
1914 991 1953 1012 ex
1979 978 2056 1012 inde
2078 988 2130 1019 ty-

1236 1042 1330 1065 rones
1351 1030 1513 1073 quaerebat
1537 1042 1634 1072 atque
1657 1029 1832 1072 recipiebat
1863 1054 1869 1061 .
1908 1030 2000 1062 Dum
2032 1027 2131 1072 porro

1238 1081 1288 1115 isti
1312 1081 1393 1113 boni
1416 1080 1508 1123 operi
1534 1080 1744 1124 Augustinus
1764 1079 1879 1112 infinit
1899 1103 1909 1118 ‚
1935 1079 1964 1111 ei
1985 1079 2002 1110 a
2027 1089 2128 1121 popu-

1238 1134 1271 1165 lo
1295 1141 1411 1164 manus
1442 1129 1636 1164 iniiciuntur
1657 1154 1668 1169 ,
1707 1129 1744 1162 fit
1776 1127 2001 1171 Hipponenfis
2029 1128 2125 1161 Pres-

1238 1181 1332 1224 byter
1351 1206 1362 1221 ,
1386 1179 1535 1224 dicitque
1558 1180 1598 1214 de
1623 1181 1691 1223 ipso
1713 1177 1874 1212 Poffidius
1906 1202 1913 1209 .
1941 1177 2055 1209 Fuc‘ius
2086 1188 2128 1210 er·
2144 1185 2272 1234 0295:

1221 1249 1223 1276 g
1234 1245 1272 1276 go
1297 1231 1452 1269 Presbyter
1477 1230 1679 1269 monasterium
1699 1236 1783 1262 intra
1806 1227 1962 1268 Ecclesiam
1986 1239 2054 1259 mox
2080 1233 2128 1259 in·
2259 1230 2261 1232 ’

1221 1278 1348 1322 lstimir,
1378 1283 1411 1314 ὁ*
1431 1292 1495 1313 cum
1523 1283 1580 1313 Dei
1595 1277 1698 1323 servir
1723 1285 1831 1312 vivere
1852 1283 1939 1318 caepit
1960 1276 2126 1320 secundum

1238 1334 1357 1364 modum
1380 1333 1414 1364 (⁰5
1435 1333 1568 1374 regulam
1591 1329 1648 1372 fieb
1676 1329 1792 1372 sant‘lis
1820 1328 1959 1369 apostolis
1996 1328 2129 1366 constitu-

1238 1391 1302 1413 tam
1322 1406 1328 1412 .
1356 1384 1490 1414 Maxime
1512 1391 1545 1412 ut
1563 1391 1649 1414 nemo
1673 1382 1837 1422 quidquam
1856 1384 2015 1420 proprium
2037 1384 2070 1410 in
2092 1378 2127 1410 il-

1239 1433 1269 1465 la
1290 1430 1426 1474 societate
1444 1431 1564 1464 baberet
1589 1457 1599 1472 ,
1619 1429 1680 1474 sed
1696 1436 1738 1463 eis
1763 1430 1850 1472 essent
1872 1434 1971 1461 omnia
2003 1438 2129 1460 commu-

1240 1489 1292 1514 nia
1313 1507 1322 1519 ‚
1350 1483 1383 1515 (ν
1405 1482 1626 1520 distribueretur
1645 1486 1799 1522 unicuique
1826 1478 1897 1520 ficut
1915 1488 1988 1520 opus
2015 1488 2082 1510 erat
2110 1501 2122 1517 ‚

1239 1533 1319 1574 quod
1335 1534 1406 1572 jam
1430 1530 1489 1574 ipse
1507 1539 1590 1572 prior
1608 1531 1730 1573 fecerat
1749 1554 1760 1570 ,
1788 1531 1861 1562 dum
1883 1531 1920 1562 de
1947 1527 2125 1571 tranfinari-

1240 1589 1289 1614 nis
1313 1583 1356 1614 ad
1372 1582 1430 1625 sua
1452 1582 1620 1625 remeaffee.
1650 1581 1837 1615 Audiamus
1852 1578 1919 1612 haec
1943 1590 2058 1612 omnia
2081 1578 2129 1611 di-

1239 1633 1386 1666 stinstius
1409 1642 1510 1675 atque
1531 1632 1711 1666 accuratius
1745 1642 1785 1664 ex
1812 1631 1883 1672 ipso
1911 1628 2101 1672 Augustino
2127 1614 2253 1659 .Se¹'¹¹¹·

1220 1685 1303 1732 lego
1325 1706 1337 1722 ,
1364 1694 1451 1725 quem
1474 1686 1533 1716 Deo
1552 1688 1683 1725 propitio
1698 1706 1707 1721 ,
1734 1683 1853 1714 videtis
1882 1679 2064 1722 Episcopum
2077 1690 2126 1711 ve·
2155 1674 2210 1708 49·
2238 1665 2282 1698 de

1231 1732 1327 1772 strum
1350 1755 1363 1772 ,ι
1378 1734 1509 1772 ‚iuvenis
1534 1740 1606 1766 veni
1627 1734 1671 1766 ad
1691 1732 1774 1771 istam
1792 1736 1946 1768 civitatem
1962 1754 1971 1769 ,
1992 1740 2027 1762 ut
2050 1731 2114 1761 mul
2151 1715 2184 1746 D
2189 1715 2283 1748 '¹¹²¹ss

1238 1789 1263 1815 ti
1286 1783 1416 1822 vestrum
1436 1792 1585 1816 noverunt
1613 1810 1619 1816 .
1647 1782 1831 1826 Quaerebam
1856 1806 1865 1820 ‚
1893 1781 1943 1812 ubi
1979 1779 2125 1826 constitue·
2142 1776 2210 1809 ²²¹?-
2229 1775 2258 1799 1.

1237 1845 1298 1866 rem
1322 1834 1525 1873 monasterium
1541 1858 1550 1872 ‚
1576 1836 1610 1867 Θ·
1622 1841 1758 1866 viverem
1780 1843 1845 1864 cum
1858 1830 2019 1869 fratribus
2032 1836 2104 1862 meis
2123 1855 2130 1862 .

1237 1886 1324 1924 Spem
1343 1890 1452 1926 quippe
1480 1895 1594 1915 omnem
1613 1883 1716 1925 saeculi
1739 1881 1918 1922 reliqueram
1941 1903 1952 1918 ‚
1981 1881 2015 1912 (9·
2039 1882 2131 1923 ,ᾳιιοιί

1237 1933 1286 1971 effe
1303 1939 1391 1971 potui
1406 1954 1415 1968 ‚
1436 1932 1488 1971 esse
1506 1933 1584 1962 nolui
1599 1954 1610 1969 ‚
1634 1941 1686 1962 nec
1706 1939 1808 1962 tamen
1829 1928 1952 1972 quaeſs'vl
1975 1930 2026 1971 effe
2050 1933 2131 1972 quod

1235 1978 1300 2021 sum
1325 2005 1332 2011 .
1366 1980 1452 2021 Elegi
1473 1985 1505 2011 in
1528 1981 1612 2011 domo
1634 1983 1690 2012 Dei
1710 1987 1767 2012 mei
1799 1979 1932 2019 abjec‘ius
1955 1983 2005 2021 else
2033 2006 2043 2020 ,
2066 1994 2135 2014 ma-

1229 2034 1280 2067 gis
1301 2026 1394 2067 qua'r‘fi
1417 2026 1556 2057 habitare
1577 2031 1609 2057 in
1628 2029 1829 2060 tabernaculis
1849 2037 2050 2067 peccatorum.
2078 2031 2122 2063 Ab

1235 2080 1273 2107 iis
1310 2099 1321 2114 ,
1366 2080 1418 2116 qui
1452 2075 1583 2118 diligunt
1621 2074 1761 2116 saeculum
1792 2101 1803 2116 ‚
1841 2076 1999 2120 segregavi
2031 2093 2076 2114 me
2120 2105 2132 2121 ,

1231 2124 1286 2168 sed
1315 2131 1358 2157 eis
1394 2148 1405 2165 ,
1449 2131 1499 2166 qui
1526 2123 1663 2167 praesunt
1690 2128 1812 2167 populis
1850 2150 1860 2166 ‚
1893 2140 1950 2160 non
1982 2141 2028 2161 me
2061 2143 2131 2163 coae-

1234 2182 1330 2216 quavi
1353 2200 1360 2207 .
1392 2179 1458 2208 Nec
1475 2180 1507 2205 in
1535 2178 1676 2208 convivio
1703 2180 1823 2208 Domini
1860 2184 1915 2208 mei
1942 2177 2126 2220 superiorem

1232 2227 1324 2258 locum
1346 2226 1420 2269 elegi
1443 2250 1453 2265 ,
1466 2223 1525 2268 sed
1545 2225 1712 2266 inferiorem
1734 2228 1767 2259 δ’
1791 2227 1942 2266 abjectum
1965 2241 1971 2260 :
1999 2232 2042 2260 Et
2060 2233 2129 2271 pla.

1232 2282 1292 2308 cuit
1316 2277 1361 2308 illi
1383 2277 1477 2309 dicere
1499 2301 1504 2307 .
1539 2274 1690 2318 Adscendo
1711 2275 1846 2318 sursum.
1877 2282 1970 2320 Usque
1990 2281 2062 2313 adeo
2077 2294 2130 2314 au-

1221 1559 1223 1574 1

1231 2336 1291 2359 tem
1319 2328 1459 2358 timebam
1497 2324 1709 2368 Epiftopatum
1731 2351 1741 2367 ,
1770 2337 1805 2359 ut
1834 2335 1972 2369 quoniam
1997 2340 2129 2371 caeperat

1230 2376 1280 2419 effe
1303 2377 1430 2416 alicujus
1459 2377 1529 2415 jam
1553 2384 1690 2408 momenti
1712 2382 1789 2409 inter
1816 2380 1871 2410 Dei
1899 2377 2003 2419 servor
2028 2381 2123 2420 fama

1230 2438 1296 2458 mea
1319 2450 1328 2464 ,
1355 2432 1387 2458 in
1409 2436 1463 2467 quo
1485 2427 1541 2458 loco
1558 2424 1688 2468 sciebam
1709 2439 1766 2458 non
1789 2427 1838 2469 effe
1861 2428 2061 2470 Episcopum,
2088 2442 2124 2465 ne

1230 2478 1279 2509 illo
1304 2477 1470 2509 accederem
1493 2500 1504 2515 ‚
1529 2477 1674 2510 cavebam
1698 2501 1705 2509 .
1735 2480 1778 2508 Et
1814 2478 1863 2510 boc
1887 2479 2011 2522 agebam
2032 2493 2126 2523 quan-

1229 2536 1294 2559 tum
1317 2536 1453 2567 poteram
1478 2551 1488 2566 ,
1513 2536 1545 2559 ut
1565 2533 1596 2558 in
1618 2528 1676 2559 loco
1700 2526 1805 2559 humili
1831 2527 1967 2573 salvarer
1993 2554 2003 2569 ,
2030 2543 2065 2563 ne
2092 2539 2124 2565 in

1228 2578 1288 2609 alto
1312 2579 1499 2618 periclitarer
1526 2601 1533 2609 .
1562 2579 1620 2609 Sed
1643 2601 1654 2617 ‚
1681 2586 1713 2609 ut
1738 2579 1805 2609 dixi
1827 2603 1836 2618 ,
1864 2583 1990 2613 Domino
2009 2579 2120 2622 servus

1226 2628 1423 2660 contradicere
1455 2637 1511 2659 non
1541 2627 1657 2670 debet3
1686 2633 1758 2660 veni
1779 2629 1821 2660 ad
1853 2629 1937 2668 istam
1970 2635 2122 2666 civitatem

1223 2685 1346 2719 propter
1370 2677 1536 2710 videndum
1557 2683 1705 2716 amicum,
1732 2689 1817 2719 quem
1836 2680 1986 2720 putabam
2010 2693 2056 2714 me
2077 2683 2118 2715 lu-

1225 2734 1301 2760 crari
1324 2728 1398 2770 posse
1426 2731 1486 2759 Deo
1510 2751 1519 2766 ,
1547 2736 1580 2759 ut
1600 2726 1746 2770 nobiscum
1775 2728 1840 2770 effet
1864 2735 1895 2761 in
1915 2731 2082 2769 monasterio
2108 2758 2117 2765 .

1225 2775 1321 2821 ‚Quafi
1340 2776 1461 2820 securus
1486 2784 1613 2818 perveni
1641 2802 1650 2817 ‚
1677 2783 1746 2820 quia
1768 2780 1846 2811 locus
1871 2779 1998 2813 babebat
2018 2780 2116 2824 Epis-

1223 2837 1348 2868 copum.
1383 2826 1612 2869 Apprebensus,
1642 2829 1798 2866 Presbyter
1827 2829 1935 2870 sallus
1957 2829 2021 2873 sum
2043 2857 2053 2872 ‚
2081 2833 2116 2865 (θ’

1220 2886 1273 2919 per
1293 2877 1370 2910 bunc
1386 2879 1519 2921 gradum
1541 2884 1670 2918 perveni
1700 2881 1744 2911 ad
1763 2879 1976 2920 Episcopatum
2003 2906 2010 2913 .
2042 2886 2115 2915 Non

1222 2929 1313 2960 attuli
1340 2929 1458 2970 aliquid
1478 2951 1488 2967 ‚
1516 2939 1573 2960 non
1596 2935 1667 2965 veni
1689 2930 1732 2960 ad
1754 2927 1829 2960 banc
1856 2930 2011 2969 Etclesiam
2033 2957 2043 2972 ‚
2071 2937 2117 2964 ni-

1215 2978 1320 3019 ficum
1342 2984 1379 3010 iis
1409 2979 1591 3011 indumentis
1619 3002 1629 3018 ,
1657 2979 1761 3020 quibus
1783 2980 1831 3013 illo
1858 2989 1985 3021 tempore
2012 2981 2114 3020 vestie-

1221 3028 1275 3060 bar
1299 3052 1306 3060 .
1335 3031 1379 3061 Et
1412 3035 1484 3070 quia
1517 3027 1563 3060 hic
1589 3027 1779 3069 disponebam
1812 3030 1862 3071 effe
1892 3036 1923 3061 in
1949 3031 2116 3068 monasterio

1219 3090 1284 3110 cum
1304 3078 1459 3118 fratribus
1484 3101 1493 3116 ‚
1519 3085 1631 3122 cognito
1653 3078 1783 3117 instituto
1804 3081 1837 3115 cb·
1858 3080 2008 3112 voluntate
2023 3092 2110 3122 mea,

1219 3129 1314 3161 beata
1349 3134 1495 3161 memoriae
1519 3126 1612 3169 senex
1639 3130 1776 3161 Valerius
1799 3154 1809 3169 ‚
1837 3131 1919 3161 dedit
1947 3130 2019 3162 mihi
2047 3130 2117 3165 bor-

1217 3189 1281 3211 tum
1300 3179 1383 3211 illum
1404 3202 1414 3216 ‚
1442 3184 1473 3209 in
1500 3189 1556 3219 quo
1580 3190 1658 3210 nunc
1686 3179 1724 3218 est
1759 3179 1962 3216 monasterium
1989 3204 1995 3212 .
2023 3184 2111 3224 Caepi

1218 3229 1287 3261 bont
1304 3227 1440 3270 propositi
1460 3227 1579 3268 fratres
1592 3229 1721 3271 colligere
1735 3254 1744 3267 ‚
1771 3240 1920 3270 compares
1947 3241 2023 3263 meos
2037 3256 2047 3271 ,
2068 3238 2114 3264 ni-

1199 3278 1262 3322 khil
1298 3278 1444 3310 babentes
1476 3275 1547 3317 ficut
1585 3278 1666 3311 nihil
1685 3279 1828 3310 habebam
1851 3304 1861 3319 ,
1889 3280 1922 3312 6*
1954 3286 2114 3315 imitantes

1197 3330 1202 3380 ᾗ
1220 3340 1266 3361 me
1290 3342 1300 3361 .·
1326 3337 1360 3360 ut
1386 3329 1522 3370 quomodo
1543 3339 1592 3370 ego
1615 3337 1730 3361 tenuem
1747 3331 1993 3370 paupertatulam
2015 3343 2114 3364 meam

1223 3379 1352 3412 vendidi
1375 3402 1386 3419 ‚
1410 3379 1444 3413 (9·
1466 3378 1648 3421 pauperibus
1673 3383 1793 3422 erogavi
1815 3403 1827 3420 ,
1846 3378 1886 3421 fic
1905 3378 2045 3421 facerent
2073 3384 2108 3417 (w

1723 3428 1755 3462 A
1810 3439 1830 3478 3
1992 3431 2059 3472 illi,
