<?xml version="1.0" encoding="UTF-8"?>
<!DOCTYPE html PUBLIC "-//W3C//DTD XHTML 1.0 Transitional//EN"
    "http://www.w3.org/TR/xhtml1/DTD/xhtml1-transitional.dtd">
<html xmlns="http://www.w3.org/1999/xhtml" xml:lang="en" lang="en">
 <head>
  <title>
</title>
<meta http-equiv="Content-Type" content="text/html;charset=utf-8" />
  <meta name='ocr-system' content='tesseract 3.04.00' />
  <meta name='ocr-capabilities' content='ocr_page ocr_carea ocr_par ocr_line ocrx_word'/>
</head>
<body>
  <div class='ocr_page' id='page_1' title='image "./operaomniastudio12lupuuoft_0192.png"; bbox 0 0 2384 3770; ppageno 0'>
   <div class='ocr_carea' id='block_1_1' title="bbox 351 3287 1627 3386">
    <p class='ocr_par' dir='ltr' id='par_1_1' title="bbox 351 3287 1627 3386">
     <span class='ocr_line' id='line_1_1' title="bbox 351 3287 1627 3337; baseline -0.002 -11"><span class='ocrx_word' id='word_1_1' title='bbox 351 3332 353 3337; x_wconf 69' lang='lat'>,</span> <span class='ocrx_word' id='word_1_2' title='bbox 412 3295 536 3329; x_wconf 84' lang='lat' dir='ltr'>inducit</span> <span class='ocrx_word' id='word_1_3' title='bbox 559 3295 727 3328; x_wconf 87' lang='lat' dir='ltr'>diversum</span> <span class='ocrx_word' id='word_1_4' title='bbox 751 3292 887 3327; x_wconf 89' lang='lat' dir='ltr'>modum</span> <span class='ocrx_word' id='word_1_5' title='bbox 911 3292 1069 3326; x_wconf 88' lang='lat' dir='ltr'>sonandi:</span> <span class='ocrx_word' id='word_1_6' title='bbox 1097 3301 1175 3336; x_wconf 84' lang='lat' dir='ltr'>ergo</span> <span class='ocrx_word' id='word_1_7' title='bbox 1186 3290 1285 3324; x_wconf 90' lang='lat' dir='ltr'>etiam</span> <span class='ocrx_word' id='word_1_8' title='bbox 1345 3288 1462 3323; x_wconf 87' lang='lat' dir='ltr'>eodem</span> <span class='ocrx_word' id='word_1_9' title='bbox 1490 3287 1627 3324; x_wconf 68' lang='lat' dir='ltr'>modo:</span> 
     </span>
     <span class='ocr_line' id='line_1_2' title="bbox 414 3340 1286 3386; baseline -0.006 -6"><span class='ocrx_word' id='word_1_10' title='bbox 414 3353 480 3375; x_wconf 87' lang='lat' dir='ltr'>non</span> <span class='ocrx_word' id='word_1_11' title='bbox 504 3344 631 3380; x_wconf 72' lang='lat' dir='ltr'>inducit</span> <span class='ocrx_word' id='word_1_12' title='bbox 657 3344 895 3384; x_wconf 72' lang='lat' dir='ltr'>diversitatem,</span> <span class='ocrx_word' id='word_1_13' title='bbox 926 3353 1035 3385; x_wconf 86' lang='lat' dir='ltr'>neque</span> <span class='ocrx_word' id='word_1_14' title='bbox 1060 3340 1286 3386; x_wconf 77' lang='lat' dir='ltr'>multiplicita-</span> 
     </span>
    </p>
   </div>
   <div class='ocr_carea' id='block_1_2' title="bbox 446 114 535 171">
    <p class='ocr_par' dir='ltr' id='par_1_2' title="bbox 446 114 535 171">
     <span class='ocr_line' id='line_1_3' title="bbox 446 114 535 171; baseline -0.034 -12"><span class='ocrx_word' id='word_1_15' title='bbox 446 114 535 171; x_wconf 85' lang='lat'>178</span> 
     </span>
    </p>
   </div>
   <div class='ocr_carea' id='block_1_3' title="bbox 394 193 1277 2434">
    <p class='ocr_par' dir='ltr' id='par_1_3' title="bbox 403 193 1277 591">
     <span class='ocr_line' id='line_1_4' title="bbox 404 193 1273 240; baseline 0 -10"><span class='ocrx_word' id='word_1_16' title='bbox 404 196 545 240; x_wconf 79' lang='lat' dir='ltr'>praefatae</span> <span class='ocrx_word' id='word_1_17' title='bbox 557 200 652 231; x_wconf 77' lang='lat' dir='ltr'>voces</span> <span class='ocrx_word' id='word_1_18' title='bbox 665 193 784 231; x_wconf 76' lang='lat' dir='ltr'>habent</span> <span class='ocrx_word' id='word_1_19' title='bbox 793 196 955 233; x_wconf 87' lang='lat' dir='ltr'>diversum</span> <span class='ocrx_word' id='word_1_20' title='bbox 968 198 1104 233; x_wconf 90' lang='lat' dir='ltr'>modum</span> <span class='ocrx_word' id='word_1_21' title='bbox 1127 194 1273 231; x_wconf 84' lang='lat' dir='ltr'>sonandi:</span> 
     </span>
     <span class='ocr_line' id='line_1_5' title="bbox 405 246 1275 290; baseline 0 -9"><span class='ocrx_word' id='word_1_22' title='bbox 405 257 484 290; x_wconf 90' lang='lat' dir='ltr'>ergo</span> <span class='ocrx_word' id='word_1_23' title='bbox 505 247 583 281; x_wconf 89' lang='lat' dir='ltr'>sunt</span> <span class='ocrx_word' id='word_1_24' title='bbox 602 246 731 281; x_wconf 64' lang='lat' dir='ltr'>diverse</span> <span class='ocrx_word' id='word_1_25' title='bbox 754 258 863 283; x_wconf 88' lang='lat' dir='ltr'>voces.</span> <span class='ocrx_word' id='word_1_26' title='bbox 895 248 1043 283; x_wconf 80' lang='lat' dir='ltr'>Probatur</span> <span class='ocrx_word' id='word_1_27' title='bbox 1065 254 1176 281; x_wconf 78' lang='lat' dir='ltr'>minor:</span> <span class='ocrx_word' id='word_1_28' title='bbox 1200 247 1275 289; x_wconf 77' lang='lat' dir='ltr'>quia</span> 
     </span>
     <span class='ocr_line' id='line_1_6' title="bbox 404 296 1276 340; baseline 0 -8"><span class='ocrx_word' id='word_1_29' title='bbox 404 307 502 332; x_wconf 81' lang='lat' dir='ltr'>voces</span> <span class='ocrx_word' id='word_1_30' title='bbox 525 308 595 340; x_wconf 80' lang='lat' dir='ltr'>quae</span> <span class='ocrx_word' id='word_1_31' title='bbox 616 296 827 333; x_wconf 76' lang='lat' dir='ltr'>diverfimode</span> <span class='ocrx_word' id='word_1_32' title='bbox 849 300 989 333; x_wconf 68' lang='lat' dir='ltr'>sonant.-</span> <span class='ocrx_word' id='word_1_33' title='bbox 1017 299 1088 332; x_wconf 86' lang='lat' dir='ltr'>talis</span> <span class='ocrx_word' id='word_1_34' title='bbox 1110 298 1199 332; x_wconf 86' lang='lat' dir='ltr'>enim</span> <span class='ocrx_word' id='word_1_35' title='bbox 1223 307 1276 332; x_wconf 87' lang='lat' dir='ltr'>ne-</span> 
     </span>
     <span class='ocr_line' id='line_1_7' title="bbox 403 346 1277 390; baseline 0 -9"><span class='ocrx_word' id='word_1_36' title='bbox 403 346 540 381; x_wconf 74' lang='lat' dir='ltr'>cessario</span> <span class='ocrx_word' id='word_1_37' title='bbox 565 347 662 381; x_wconf 89' lang='lat' dir='ltr'>debet</span> <span class='ocrx_word' id='word_1_38' title='bbox 686 349 748 382; x_wconf 78' lang='lat' dir='ltr'>effe</span> <span class='ocrx_word' id='word_1_39' title='bbox 774 348 904 383; x_wconf 86' lang='lat' dir='ltr'>auditus</span> <span class='ocrx_word' id='word_1_40' title='bbox 931 349 1118 383; x_wconf 84' lang='lat' dir='ltr'>immutatio</span> <span class='ocrx_word' id='word_1_41' title='bbox 1138 372 1148 388; x_wconf 92' lang='lat'>,</span> <span class='ocrx_word' id='word_1_42' title='bbox 1175 346 1277 390; x_wconf 88' lang='lat' dir='ltr'>qualis</span> 
     </span>
     <span class='ocr_line' id='line_1_8' title="bbox 405 396 1275 443; baseline -0.001 -11"><span class='ocrx_word' id='word_1_43' title='bbox 405 397 451 432; x_wconf 90' lang='lat' dir='ltr'>est</span> <span class='ocrx_word' id='word_1_44' title='bbox 476 408 596 432; x_wconf 88' lang='lat' dir='ltr'>vocum</span> <span class='ocrx_word' id='word_1_45' title='bbox 618 399 764 432; x_wconf 90' lang='lat' dir='ltr'>sonatio.</span> <span class='ocrx_word' id='word_1_46' title='bbox 794 400 898 443; x_wconf 81' lang='lat' dir='ltr'>Atqui</span> <span class='ocrx_word' id='word_1_47' title='bbox 919 410 1035 432; x_wconf 88' lang='lat' dir='ltr'>omnes</span> <span class='ocrx_word' id='word_1_48' title='bbox 1056 399 1120 432; x_wconf 85' lang='lat' dir='ltr'>istae</span> <span class='ocrx_word' id='word_1_49' title='bbox 1143 396 1275 441; x_wconf 81' lang='lat' dir='ltr'>praefatae</span> 
     </span>
     <span class='ocr_line' id='line_1_9' title="bbox 405 447 1275 488; baseline -0.005 -6"><span class='ocrx_word' id='word_1_50' title='bbox 405 458 502 482; x_wconf 85' lang='lat' dir='ltr'>voces</span> <span class='ocrx_word' id='word_1_51' title='bbox 527 447 741 482; x_wconf 73' lang='lat' dir='ltr'>diverfimode</span> <span class='ocrx_word' id='word_1_52' title='bbox 764 448 939 482; x_wconf 87' lang='lat' dir='ltr'>immutant</span> <span class='ocrx_word' id='word_1_53' title='bbox 966 449 1139 483; x_wconf 83' lang='lat' dir='ltr'>auditum:</span> <span class='ocrx_word' id='word_1_54' title='bbox 1159 453 1202 480; x_wconf 77' lang='lat' dir='ltr'>uti</span> <span class='ocrx_word' id='word_1_55' title='bbox 1221 456 1275 488; x_wconf 80' lang='lat' dir='ltr'>per</span> 
     </span>
     <span class='ocr_line' id='line_1_10' title="bbox 408 497 1276 543; baseline 0 -11"><span class='ocrx_word' id='word_1_56' title='bbox 408 501 627 541; x_wconf 73' lang='lat' dir='ltr'>experienttam</span> <span class='ocrx_word' id='word_1_57' title='bbox 646 507 734 540; x_wconf 85' lang='lat' dir='ltr'>patet</span> <span class='ocrx_word' id='word_1_58' title='bbox 753 522 760 530; x_wconf 94' lang='lat'><strong><em>.</em></strong></span> <span class='ocrx_word' id='word_1_59' title='bbox 802 499 891 543; x_wconf 88' lang='lat' dir='ltr'>Ergo</span> <span class='ocrx_word' id='word_1_60' title='bbox 908 498 1006 532; x_wconf 89' lang='lat' dir='ltr'>etiam</span> <span class='ocrx_word' id='word_1_61' title='bbox 1025 499 1150 533; x_wconf 90' lang='lat' dir='ltr'>diverso</span> <span class='ocrx_word' id='word_1_62' title='bbox 1174 497 1276 532; x_wconf 88' lang='lat' dir='ltr'>modo</span> 
     </span>
     <span class='ocr_line' id='line_1_11' title="bbox 406 548 1222 591; baseline -0.004 -9"><span class='ocrx_word' id='word_1_63' title='bbox 406 550 523 582; x_wconf 84' lang='lat' dir='ltr'>sonant</span> <span class='ocrx_word' id='word_1_64' title='bbox 541 572 548 580; x_wconf 93' lang='lat'>.</span> <span class='ocrx_word' id='word_1_65' title='bbox 571 551 616 582; x_wconf 79' lang='lat' dir='ltr'>De</span> <span class='ocrx_word' id='word_1_66' title='bbox 636 548 740 591; x_wconf 75' lang='lat' dir='ltr'>quibus</span> <span class='ocrx_word' id='word_1_67' title='bbox 761 554 857 591; x_wconf 64' lang='lat' dir='ltr'>agitur</span> <span class='ocrx_word' id='word_1_68' title='bbox 881 553 913 581; x_wconf 78' lang='lat' dir='ltr'>in</span> <span class='ocrx_word' id='word_1_69' title='bbox 934 549 1022 581; x_wconf 85' lang='lat' dir='ltr'>Ithris</span> <span class='ocrx_word' id='word_1_70' title='bbox 1045 550 1083 581; x_wconf 85' lang='lat' dir='ltr'>de</span> <span class='ocrx_word' id='word_1_71' title='bbox 1103 554 1222 581; x_wconf 78' lang='lat' dir='ltr'>anima.</span> 
     </span>
    </p>

    <p class='ocr_par' dir='ltr' id='par_1_4' title="bbox 395 596 1274 1640">
     <span class='ocr_line' id='line_1_12' title="bbox 454 596 1274 645; baseline 0 -16"><span class='ocrx_word' id='word_1_72' title='bbox 454 610 483 645; x_wconf 91' lang='lat'>7.</span> <span class='ocrx_word' id='word_1_73' title='bbox 512 598 616 637; x_wconf 78' lang='lat' dir='ltr'>Dixi,</span> <span class='ocrx_word' id='word_1_74' title='bbox 641 600 692 630; x_wconf 84' lang='lat' dir='ltr'>vel</span> <span class='ocrx_word' id='word_1_75' title='bbox 712 610 777 639; x_wconf 82' lang='lat' dir='ltr'>quae</span> <span class='ocrx_word' id='word_1_76' title='bbox 800 604 832 630; x_wconf 81' lang='lat' dir='ltr'>in</span> <span class='ocrx_word' id='word_1_77' title='bbox 851 597 909 641; x_wconf 86' lang='lat' dir='ltr'>sua</span> <span class='ocrx_word' id='word_1_78' title='bbox 929 598 1095 639; x_wconf 78' lang='lat' dir='ltr'>penultima</span> <span class='ocrx_word' id='word_1_79' title='bbox 1123 596 1274 640; x_wconf 77' lang='lat' dir='ltr'>diversam</span> 
     </span>
     <span class='ocr_line' id='line_1_13' title="bbox 406 647 1274 692; baseline -0.002 -10"><span class='ocrx_word' id='word_1_80' title='bbox 406 653 607 690; x_wconf 79' lang='lat' dir='ltr'><em>quantitatem</em></span> <span class='ocrx_word' id='word_1_81' title='bbox 634 647 765 680; x_wconf 84' lang='lat' dir='ltr'>habent:</span> <span class='ocrx_word' id='word_1_82' title='bbox 789 648 864 689; x_wconf 81' lang='lat' dir='ltr'>quia</span> <span class='ocrx_word' id='word_1_83' title='bbox 892 659 997 692; x_wconf 89' lang='lat' dir='ltr'>neque</span> <span class='ocrx_word' id='word_1_84' title='bbox 1026 649 1151 681; x_wconf 86' lang='lat' dir='ltr'>diversa</span> <span class='ocrx_word' id='word_1_85' title='bbox 1173 658 1274 691; x_wconf 85' lang='lat' dir='ltr'>quan-</span> 
     </span>
     <span class='ocr_line' id='line_1_14' title="bbox 402 697 1270 742; baseline -0.001 -10"><span class='ocrx_word' id='word_1_86' title='bbox 402 699 479 733; x_wconf 84' lang='lat' dir='ltr'>titas</span> <span class='ocrx_word' id='word_1_87' title='bbox 500 698 655 737; x_wconf 67' lang='lat' dir='ltr'>ultimae,</span> <span class='ocrx_word' id='word_1_88' title='bbox 675 708 780 740; x_wconf 86' lang='lat' dir='ltr'>neque</span> <span class='ocrx_word' id='word_1_89' title='bbox 801 709 878 732; x_wconf 85' lang='lat' dir='ltr'>ante</span> <span class='ocrx_word' id='word_1_90' title='bbox 891 697 1099 742; x_wconf 85' lang='lat' dir='ltr'>penultimae,</span> <span class='ocrx_word' id='word_1_91' title='bbox 1125 697 1270 732; x_wconf 83' lang='lat' dir='ltr'>aliarum·</span> 
     </span>
     <span class='ocr_line' id='line_1_15' title="bbox 400 747 1273 799; baseline -0.002 -17"><span class='ocrx_word' id='word_1_92' title='bbox 400 759 494 799; x_wconf 89' lang='lat' dir='ltr'>que</span> <span class='ocrx_word' id='word_1_93' title='bbox 528 748 684 782; x_wconf 85' lang='lat' dir='ltr'>llabarum</span> <span class='ocrx_word' id='word_1_94' title='bbox 701 749 926 782; x_wconf 84' lang='lat' dir='ltr'>anteriorum</span> <span class='ocrx_word' id='word_1_95' title='bbox 920 774 929 790; x_wconf 95' lang='lat'>,</span> <span class='ocrx_word' id='word_1_96' title='bbox 967 747 1070 783; x_wconf 77' lang='lat' dir='ltr'>immo</span> <span class='ocrx_word' id='word_1_97' title='bbox 1097 758 1201 789; x_wconf 87' lang='lat' dir='ltr'>neque</span> <span class='ocrx_word' id='word_1_98' title='bbox 1227 747 1273 781; x_wconf 88' lang='lat' dir='ltr'>di-</span> 
     </span>
     <span class='ocr_line' id='line_1_16' title="bbox 403 786 1272 841; baseline -0.003 -9"><span class='ocrx_word' id='word_1_99' title='bbox 403 786 507 832; x_wconf 81' lang='lat' dir='ltr'>versa</span> <span class='ocrx_word' id='word_1_100' title='bbox 509 797 682 841; x_wconf 80' lang='lat' dir='ltr'>quantitas</span> <span class='ocrx_word' id='word_1_101' title='bbox 711 799 897 839; x_wconf 66' lang='lat' dir='ltr'>penultimae</span> <span class='ocrx_word' id='word_1_102' title='bbox 930 800 962 831; x_wconf 92' lang='lat' dir='ltr'>in</span> <span class='ocrx_word' id='word_1_103' title='bbox 990 796 1185 831; x_wconf 69' lang='lat' dir='ltr'>dictionibus</span> <span class='ocrx_word' id='word_1_104' title='bbox 1213 797 1272 831; x_wconf 88' lang='lat' dir='ltr'>dis-</span> 
     </span>
     <span class='ocr_line' id='line_1_17' title="bbox 399 845 1273 891; baseline -0.003 -8"><span class='ocrx_word' id='word_1_105' title='bbox 399 847 554 891; x_wconf 81' lang='lat' dir='ltr'>syllabis,</span> <span class='ocrx_word' id='word_1_106' title='bbox 582 848 615 879; x_wconf 91' lang='lat' dir='ltr'>in</span> <span class='ocrx_word' id='word_1_107' title='bbox 643 845 762 889; x_wconf 86' lang='lat' dir='ltr'>quibus</span> <span class='ocrx_word' id='word_1_108' title='bbox 789 848 971 891; x_wconf 88' lang='lat' dir='ltr'>penultima</span> <span class='ocrx_word' id='word_1_109' title='bbox 996 849 1041 881; x_wconf 87' lang='lat' dir='ltr'>est</span> <span class='ocrx_word' id='word_1_110' title='bbox 1070 847 1191 890; x_wconf 77' lang='lat' dir='ltr'>syllaba</span> <span class='ocrx_word' id='word_1_111' title='bbox 1212 848 1273 890; x_wconf 86' lang='lat' dir='ltr'>pri-</span> 
     </span>
     <span class='ocr_line' id='line_1_18' title="bbox 399 895 1271 941; baseline -0.002 -9"><span class='ocrx_word' id='word_1_112' title='bbox 399 910 475 938; x_wconf 88' lang='lat' dir='ltr'>ma,</span> <span class='ocrx_word' id='word_1_113' title='bbox 501 907 537 930; x_wconf 87' lang='lat' dir='ltr'>ac</span> <span class='ocrx_word' id='word_1_114' title='bbox 564 895 739 931; x_wconf 73' lang='lat' dir='ltr'>dictionem</span> <span class='ocrx_word' id='word_1_115' title='bbox 767 897 930 933; x_wconf 83' lang='lat' dir='ltr'>inchoans</span> <span class='ocrx_word' id='word_1_116' title='bbox 951 923 961 938; x_wconf 95' lang='lat'>,</span> <span class='ocrx_word' id='word_1_117' title='bbox 989 898 1090 941; x_wconf 84' lang='lat' dir='ltr'>potest</span> <span class='ocrx_word' id='word_1_118' title='bbox 1117 897 1271 941; x_wconf 85' lang='lat' dir='ltr'>multipli-</span> 
     </span>
     <span class='ocr_line' id='line_1_19' title="bbox 399 946 1270 987; baseline -0.002 -5"><span class='ocrx_word' id='word_1_119' title='bbox 399 958 472 982; x_wconf 84' lang='lat' dir='ltr'>care</span> <span class='ocrx_word' id='word_1_120' title='bbox 487 958 524 980; x_wconf 86' lang='lat' dir='ltr'>ac</span> <span class='ocrx_word' id='word_1_121' title='bbox 548 946 755 980; x_wconf 82' lang='lat' dir='ltr'>diverfificare</span> <span class='ocrx_word' id='word_1_122' title='bbox 767 958 884 982; x_wconf 89' lang='lat' dir='ltr'>voces.</span> <span class='ocrx_word' id='word_1_123' title='bbox 913 947 1039 987; x_wconf 91' lang='lat' dir='ltr'>Unde,</span> <span class='ocrx_word' id='word_1_124' title='bbox 1063 958 1137 982; x_wconf 86' lang='lat' dir='ltr'>meo</span> <span class='ocrx_word' id='word_1_125' title='bbox 1161 948 1270 981; x_wconf 86' lang='lat' dir='ltr'>saltem</span> 
     </span>
     <span class='ocr_line' id='line_1_20' title="bbox 400 996 1270 1043; baseline 0.001 -13"><span class='ocrx_word' id='word_1_126' title='bbox 400 996 544 1041; x_wconf 75' lang='lat' dir='ltr'>judicio,</span> <span class='ocrx_word' id='word_1_127' title='bbox 569 998 696 1038; x_wconf 61' lang='lat' dir='ltr'>populus</span> <span class='ocrx_word' id='word_1_128' title='bbox 722 1008 781 1039; x_wconf 87' lang='lat' dir='ltr'>pro</span> <span class='ocrx_word' id='word_1_129' title='bbox 809 999 1067 1043; x_wconf 81' lang='lat' dir='ltr'>congregatione</span> <span class='ocrx_word' id='word_1_130' title='bbox 1084 997 1270 1038; x_wconf 87' lang='lat' dir='ltr'>hominum,</span> 
     </span>
     <span class='ocr_line' id='line_1_21' title="bbox 399 1046 1271 1092; baseline 0.003 -15"><span class='ocrx_word' id='word_1_131' title='bbox 399 1048 433 1081; x_wconf 71' lang='grc' dir='ltr'>ὅ(</span> <span class='ocrx_word' id='word_1_132' title='bbox 449 1046 576 1088; x_wconf 83' lang='lat' dir='ltr'>populus</span> <span class='ocrx_word' id='word_1_133' title='bbox 594 1057 652 1090; x_wconf 88' lang='lat' dir='ltr'>pro</span> <span class='ocrx_word' id='word_1_134' title='bbox 678 1047 814 1088; x_wconf 85' lang='lat' dir='ltr'>arbore,</span> <span class='ocrx_word' id='word_1_135' title='bbox 840 1061 906 1082; x_wconf 89' lang='lat' dir='ltr'>non</span> <span class='ocrx_word' id='word_1_136' title='bbox 933 1049 1061 1092; x_wconf 80' lang='lat' dir='ltr'>poffunt</span> <span class='ocrx_word' id='word_1_137' title='bbox 1082 1049 1143 1083; x_wconf 83' lang='lat' dir='ltr'>effe</span> <span class='ocrx_word' id='word_1_138' title='bbox 1163 1048 1271 1081; x_wconf 89' lang='lat' dir='ltr'>diver·-</span> 
     </span>
     <span class='ocr_line' id='line_1_22' title="bbox 402 1096 1273 1140; baseline 0.001 -11"><span class='ocrx_word' id='word_1_139' title='bbox 402 1098 441 1130; x_wconf 80' lang='lat' dir='ltr'>sae</span> <span class='ocrx_word' id='word_1_140' title='bbox 481 1106 576 1130; x_wconf 89' lang='lat' dir='ltr'>voees</span> <span class='ocrx_word' id='word_1_141' title='bbox 611 1096 656 1131; x_wconf 94' lang='lat' dir='ltr'>ob</span> <span class='ocrx_word' id='word_1_142' title='bbox 682 1098 785 1131; x_wconf 86' lang='lat' dir='ltr'>solam</span> <span class='ocrx_word' id='word_1_143' title='bbox 813 1098 970 1133; x_wconf 88' lang='lat' dir='ltr'>diversam</span> <span class='ocrx_word' id='word_1_144' title='bbox 997 1098 1273 1140; x_wconf 68' lang='lat' dir='ltr'>ante-penultimae</span> 
     </span>
     <span class='ocr_line' id='line_1_23' title="bbox 397 1146 1271 1190; baseline -0.001 -9"><span class='ocrx_word' id='word_1_145' title='bbox 397 1146 613 1190; x_wconf 84' lang='lat' dir='ltr'>quantitatem</span> <span class='ocrx_word' id='word_1_146' title='bbox 635 1173 643 1180; x_wconf 93' lang='lat'>.</span> <span class='ocrx_word' id='word_1_147' title='bbox 683 1147 736 1182; x_wconf 89' lang='lat' dir='ltr'>Sic</span> <span class='ocrx_word' id='word_1_148' title='bbox 763 1149 863 1183; x_wconf 88' lang='lat' dir='ltr'>etiam</span> <span class='ocrx_word' id='word_1_149' title='bbox 890 1155 973 1182; x_wconf 68' lang='lat' dir='ltr'>canu</span> <span class='ocrx_word' id='word_1_150' title='bbox 1001 1149 1034 1182; x_wconf 93' lang='lat' dir='ltr'>in</span> <span class='ocrx_word' id='word_1_151' title='bbox 1064 1147 1271 1181; x_wconf 88' lang='lat' dir='ltr'>nominativo</span> 
     </span>
     <span class='ocr_line' id='line_1_24' title="bbox 398 1196 1271 1241; baseline -0.002 -10"><span class='ocrx_word' id='word_1_152' title='bbox 398 1209 457 1241; x_wconf 87' lang='lat' dir='ltr'>pro</span> <span class='ocrx_word' id='word_1_153' title='bbox 484 1197 643 1236; x_wconf 85' lang='lat' dir='ltr'>animali,</span> <span class='ocrx_word' id='word_1_154' title='bbox 673 1198 706 1231; x_wconf 89' lang='lat'>&amp;</span> <span class='ocrx_word' id='word_1_155' title='bbox 734 1205 817 1231; x_wconf 79' lang='lat' dir='ltr'>canis</span> <span class='ocrx_word' id='word_1_156' title='bbox 843 1201 877 1233; x_wconf 92' lang='lat' dir='ltr'>in</span> <span class='ocrx_word' id='word_1_157' title='bbox 906 1199 1019 1233; x_wconf 89' lang='lat' dir='ltr'>dativo</span> <span class='ocrx_word' id='word_1_158' title='bbox 1046 1196 1163 1240; x_wconf 82' lang='lat' dir='ltr'>plurali</span> <span class='ocrx_word' id='word_1_159' title='bbox 1187 1197 1271 1230; x_wconf 73' lang='lat' dir='ltr'>ano·</span> 
     </span>
     <span class='ocr_line' id='line_1_25' title="bbox 398 1246 1271 1290; baseline -0.002 -9"><span class='ocrx_word' id='word_1_160' title='bbox 398 1248 560 1281; x_wconf 85' lang='lat' dir='ltr'>minativo</span> <span class='ocrx_word' id='word_1_161' title='bbox 585 1258 677 1280; x_wconf 78' lang='lat' dir='ltr'>canus</span> <span class='ocrx_word' id='word_1_162' title='bbox 701 1248 733 1281; x_wconf 86' lang='lat'>&amp;</span> <span class='ocrx_word' id='word_1_163' title='bbox 756 1254 838 1282; x_wconf 83' lang='lat' dir='ltr'>canis</span> <span class='ocrx_word' id='word_1_164' title='bbox 863 1250 898 1282; x_wconf 91' lang='lat' dir='ltr'>in</span> <span class='ocrx_word' id='word_1_165' title='bbox 926 1248 1064 1281; x_wconf 82' lang='lat' dir='ltr'>secunda</span> <span class='ocrx_word' id='word_1_166' title='bbox 1092 1248 1227 1290; x_wconf 86' lang='lat' dir='ltr'>persona</span> <span class='ocrx_word' id='word_1_167' title='bbox 1254 1246 1271 1278; x_wconf 69' lang='lat' dir='ltr'>a</span> 
     </span>
     <span class='ocr_line' id='line_1_26' title="bbox 397 1297 1272 1336; baseline -0.002 -6"><span class='ocrx_word' id='word_1_168' title='bbox 397 1297 500 1332; x_wconf 87' lang='lat' dir='ltr'>verbo</span> <span class='ocrx_word' id='word_1_169' title='bbox 525 1307 599 1330; x_wconf 82' lang='lat' dir='ltr'>cano</span> <span class='ocrx_word' id='word_1_170' title='bbox 622 1322 632 1336; x_wconf 87' lang='lat'>‚</span> <span class='ocrx_word' id='word_1_171' title='bbox 673 1309 741 1331; x_wconf 91' lang='lat' dir='ltr'>non</span> <span class='ocrx_word' id='word_1_172' title='bbox 769 1298 870 1333; x_wconf 90' lang='lat' dir='ltr'>credo</span> <span class='ocrx_word' id='word_1_173' title='bbox 897 1301 958 1332; x_wconf 80' lang='lat' dir='ltr'>esse</span> <span class='ocrx_word' id='word_1_174' title='bbox 984 1298 1124 1332; x_wconf 82' lang='lat' dir='ltr'>diversas</span> <span class='ocrx_word' id='word_1_175' title='bbox 1154 1307 1272 1331; x_wconf 90' lang='lat' dir='ltr'>voces.</span> 
     </span>
     <span class='ocr_line' id='line_1_27' title="bbox 396 1347 1272 1392; baseline -0.002 -11"><span class='ocrx_word' id='word_1_176' title='bbox 396 1350 488 1381; x_wconf 76' lang='lat' dir='ltr'>Ratio</span> <span class='ocrx_word' id='word_1_177' title='bbox 510 1359 556 1380; x_wconf 85' lang='lat' dir='ltr'>me</span> <span class='ocrx_word' id='word_1_178' title='bbox 580 1359 704 1380; x_wconf 83' lang='lat' dir='ltr'>movens</span> <span class='ocrx_word' id='word_1_179' title='bbox 725 1348 763 1386; x_wconf 85' lang='lat' dir='ltr'>est</span> <span class='ocrx_word' id='word_1_180' title='bbox 789 1348 851 1382; x_wconf 81' lang='lat' dir='ltr'>haec</span> <span class='ocrx_word' id='word_1_181' title='bbox 874 1360 882 1380; x_wconf 73' lang='grc' dir='ltr'><em>τ</em></span> <span class='ocrx_word' id='word_1_182' title='bbox 922 1349 998 1392; x_wconf 88' lang='lat' dir='ltr'>quia</span> <span class='ocrx_word' id='word_1_183' title='bbox 1024 1347 1186 1382; x_wconf 78' lang='lat' dir='ltr'>diversitas</span> <span class='ocrx_word' id='word_1_184' title='bbox 1215 1358 1272 1379; x_wconf 91' lang='lat' dir='ltr'>vo·</span> 
     </span>
     <span class='ocr_line' id='line_1_28' title="bbox 395 1397 1267 1440; baseline -0.002 -8"><span class='ocrx_word' id='word_1_185' title='bbox 395 1408 474 1432; x_wconf 87' lang='lat' dir='ltr'>cum</span> <span class='ocrx_word' id='word_1_186' title='bbox 499 1398 580 1431; x_wconf 87' lang='lat' dir='ltr'>stare</span> <span class='ocrx_word' id='word_1_187' title='bbox 607 1407 673 1430; x_wconf 90' lang='lat' dir='ltr'>non</span> <span class='ocrx_word' id='word_1_188' title='bbox 705 1399 807 1440; x_wconf 87' lang='lat' dir='ltr'>potest</span> <span class='ocrx_word' id='word_1_189' title='bbox 835 1400 900 1432; x_wconf 86' lang='lat' dir='ltr'>sine</span> <span class='ocrx_word' id='word_1_190' title='bbox 925 1398 1108 1432; x_wconf 81' lang='lat' dir='ltr'>diverfitate</span> <span class='ocrx_word' id='word_1_191' title='bbox 1119 1397 1267 1439; x_wconf 70' lang='lat' dir='ltr'>sonandi,</span> 
     </span>
     <span class='ocr_line' id='line_1_29' title="bbox 396 1446 1271 1491; baseline -0.002 -10"><span class='ocrx_word' id='word_1_192' title='bbox 396 1447 476 1481; x_wconf 85' lang='lat' dir='ltr'>ficut</span> <span class='ocrx_word' id='word_1_193' title='bbox 502 1446 668 1480; x_wconf 86' lang='lat' dir='ltr'>diverfitas</span> <span class='ocrx_word' id='word_1_194' title='bbox 687 1449 880 1481; x_wconf 83' lang='lat' dir='ltr'>animalium</span> <span class='ocrx_word' id='word_1_195' title='bbox 904 1448 984 1482; x_wconf 79' lang='lat' dir='ltr'>stare</span> <span class='ocrx_word' id='word_1_196' title='bbox 1007 1459 1074 1482; x_wconf 89' lang='lat' dir='ltr'>non</span> <span class='ocrx_word' id='word_1_197' title='bbox 1090 1447 1192 1491; x_wconf 85' lang='lat' dir='ltr'>potest</span> <span class='ocrx_word' id='word_1_198' title='bbox 1207 1447 1271 1480; x_wconf 84' lang='lat' dir='ltr'>fine</span> 
     </span>
     <span class='ocr_line' id='line_1_30' title="bbox 395 1497 1271 1543; baseline -0.003 -11"><span class='ocrx_word' id='word_1_199' title='bbox 395 1497 578 1532; x_wconf 78' lang='lat' dir='ltr'>diverfitate</span> <span class='ocrx_word' id='word_1_200' title='bbox 602 1498 763 1531; x_wconf 85' lang='lat' dir='ltr'>sentiendi</span> <span class='ocrx_word' id='word_1_201' title='bbox 784 1510 791 1530; x_wconf 71' lang='grc' dir='ltr'><strong><em>ι</em></strong></span> <span class='ocrx_word' id='word_1_202' title='bbox 822 1499 911 1543; x_wconf 86' lang='lat' dir='ltr'>atqui</span> <span class='ocrx_word' id='word_1_203' title='bbox 932 1499 994 1532; x_wconf 80' lang='lat' dir='ltr'>istae</span> <span class='ocrx_word' id='word_1_204' title='bbox 1017 1499 1151 1541; x_wconf 83' lang='lat' dir='ltr'>praefatae</span> <span class='ocrx_word' id='word_1_205' title='bbox 1177 1507 1271 1531; x_wconf 82' lang='lat' dir='ltr'>voces</span> 
     </span>
     <span class='ocr_line' id='line_1_31' title="bbox 397 1546 1270 1591; baseline -0.002 -10"><span class='ocrx_word' id='word_1_206' title='bbox 397 1558 466 1581; x_wconf 87' lang='lat' dir='ltr'>non</span> <span class='ocrx_word' id='word_1_207' title='bbox 479 1546 625 1585; x_wconf 85' lang='lat' dir='ltr'>habent,</span> <span class='ocrx_word' id='word_1_208' title='bbox 641 1547 721 1581; x_wconf 70' lang='lat' dir='ltr'>teste</span> <span class='ocrx_word' id='word_1_209' title='bbox 732 1549 946 1591; x_wconf 85' lang='lat' dir='ltr'>experientia</span> <span class='ocrx_word' id='word_1_210' title='bbox 958 1548 1120 1582; x_wconf 88' lang='lat' dir='ltr'>diversum</span> <span class='ocrx_word' id='word_1_211' title='bbox 1136 1546 1270 1581; x_wconf 86' lang='lat' dir='ltr'>modum</span> 
     </span>
     <span class='ocr_line' id='line_1_32' title="bbox 399 1595 1195 1640; baseline 0 -9"><span class='ocrx_word' id='word_1_212' title='bbox 399 1595 559 1631; x_wconf 84' lang='lat' dir='ltr'>sonandi:</span> <span class='ocrx_word' id='word_1_213' title='bbox 583 1606 662 1640; x_wconf 85' lang='lat' dir='ltr'>ergo</span> <span class='ocrx_word' id='word_1_214' title='bbox 689 1607 795 1640; x_wconf 89' lang='lat' dir='ltr'>neque</span> <span class='ocrx_word' id='word_1_215' title='bbox 820 1599 894 1632; x_wconf 91' lang='lat' dir='ltr'>sunt</span> <span class='ocrx_word' id='word_1_216' title='bbox 918 1599 1051 1632; x_wconf 84' lang='lat' dir='ltr'>diversae</span> <span class='ocrx_word' id='word_1_217' title='bbox 1079 1608 1195 1632; x_wconf 87' lang='lat' dir='ltr'>voces.</span> 
     </span>
    </p>

    <p class='ocr_par' dir='ltr' id='par_1_5' title="bbox 394 1643 1274 2434">
     <span class='ocr_line' id='line_1_33' title="bbox 448 1643 1272 1689; baseline -0.002 -6"><span class='ocrx_word' id='word_1_218' title='bbox 448 1643 480 1683; x_wconf 83' lang='lat'>8.</span> <span class='ocrx_word' id='word_1_219' title='bbox 510 1646 554 1681; x_wconf 83' lang='lat' dir='ltr'>Et</span> <span class='ocrx_word' id='word_1_220' title='bbox 574 1644 653 1681; x_wconf 66' lang='lat' dir='ltr'>hnc</span> <span class='ocrx_word' id='word_1_221' title='bbox 682 1646 817 1689; x_wconf 85' lang='lat' dir='ltr'>quidem</span> <span class='ocrx_word' id='word_1_222' title='bbox 837 1649 878 1682; x_wconf 93' lang='lat' dir='ltr'>de</span> <span class='ocrx_word' id='word_1_223' title='bbox 902 1648 1039 1682; x_wconf 87' lang='lat' dir='ltr'>vocibus</span> <span class='ocrx_word' id='word_1_224' title='bbox 1072 1647 1205 1682; x_wconf 83' lang='lat' dir='ltr'>latinis.-</span> <span class='ocrx_word' id='word_1_225' title='bbox 1231 1646 1272 1681; x_wconf 90' lang='lat' dir='ltr'>de</span> 
     </span>
     <span class='ocr_line' id='line_1_34' title="bbox 394 1688 1272 1741; baseline -0.001 -10"><span class='ocrx_word' id='word_1_226' title='bbox 394 1696 534 1731; x_wconf 89' lang='lat' dir='ltr'>vocibus</span> <span class='ocrx_word' id='word_1_227' title='bbox 559 1688 648 1730; x_wconf 85' lang='lat' dir='ltr'>enim</span> <span class='ocrx_word' id='word_1_228' title='bbox 673 1697 786 1741; x_wconf 82' lang='lat' dir='ltr'>graecis</span> <span class='ocrx_word' id='word_1_229' title='bbox 807 1697 1010 1741; x_wconf 89' lang='lat' dir='ltr'>loquendum</span> <span class='ocrx_word' id='word_1_230' title='bbox 1044 1697 1089 1731; x_wconf 85' lang='lat' dir='ltr'>est</span> <span class='ocrx_word' id='word_1_231' title='bbox 1117 1697 1184 1731; x_wconf 90' lang='lat' dir='ltr'>alio</span> <span class='ocrx_word' id='word_1_232' title='bbox 1203 1707 1272 1730; x_wconf 87' lang='lat' dir='ltr'>mo-</span> 
     </span>
     <span class='ocr_line' id='line_1_35' title="bbox 395 1744 1271 1792; baseline -0.001 -11"><span class='ocrx_word' id='word_1_233' title='bbox 395 1747 459 1781; x_wconf 84' lang='lat' dir='ltr'>do.</span> <span class='ocrx_word' id='word_1_234' title='bbox 489 1747 528 1781; x_wconf 85' lang='lat' dir='ltr'>ln</span> <span class='ocrx_word' id='word_1_235' title='bbox 556 1744 608 1780; x_wconf 86' lang='lat' dir='ltr'>his</span> <span class='ocrx_word' id='word_1_236' title='bbox 632 1747 721 1781; x_wconf 82' lang='lat' dir='ltr'>enirn</span> <span class='ocrx_word' id='word_1_237' title='bbox 748 1758 817 1781; x_wconf 87' lang='lat' dir='ltr'>non</span> <span class='ocrx_word' id='word_1_238' title='bbox 843 1748 968 1783; x_wconf 86' lang='lat' dir='ltr'>diversa</span> <span class='ocrx_word' id='word_1_239' title='bbox 995 1748 1188 1792; x_wconf 87' lang='lat' dir='ltr'>quantitas;</span> <span class='ocrx_word' id='word_1_240' title='bbox 1214 1746 1271 1780; x_wconf 89' lang='lat' dir='ltr'>sed</span> 
     </span>
     <span class='ocr_line' id='line_1_36' title="bbox 395 1796 1271 1842; baseline -0.002 -11"><span class='ocrx_word' id='word_1_241' title='bbox 395 1796 540 1831; x_wconf 84' lang='lat' dir='ltr'>diversus</span> <span class='ocrx_word' id='word_1_242' title='bbox 566 1806 721 1831; x_wconf 83' lang='lat' dir='ltr'>accentus</span> <span class='ocrx_word' id='word_1_243' title='bbox 746 1798 956 1842; x_wconf 66' lang='lat' dir='ltr'>penultimae,</span> <span class='ocrx_word' id='word_1_244' title='bbox 982 1797 1033 1831; x_wconf 90' lang='lat' dir='ltr'>vel</span> <span class='ocrx_word' id='word_1_245' title='bbox 1060 1797 1183 1831; x_wconf 83' lang='lat' dir='ltr'>ultimae</span> <span class='ocrx_word' id='word_1_246' title='bbox 1207 1798 1219 1838; x_wconf 95' lang='lat'><strong>(</strong></span> <span class='ocrx_word' id='word_1_247' title='bbox 1240 1796 1271 1829; x_wconf 71' lang='grc' dir='ltr'>ἀ</span> 
     </span>
     <span class='ocr_line' id='line_1_37' title="bbox 395 1845 1272 1886; baseline -0.001 -6"><span class='ocrx_word' id='word_1_248' title='bbox 395 1845 460 1880; x_wconf 90' lang='lat' dir='ltr'>hoc</span> <span class='ocrx_word' id='word_1_249' title='bbox 486 1845 639 1880; x_wconf 86' lang='lat' dir='ltr'>ultimum</span> <span class='ocrx_word' id='word_1_250' title='bbox 666 1849 768 1880; x_wconf 82' lang='lat' dir='ltr'>etiam</span> <span class='ocrx_word' id='word_1_251' title='bbox 807 1849 843 1882; x_wconf 87' lang='lat' dir='ltr'>in</span> <span class='ocrx_word' id='word_1_252' title='bbox 882 1847 1019 1881; x_wconf 88' lang='lat' dir='ltr'>vocibus</span> <span class='ocrx_word' id='word_1_253' title='bbox 1045 1845 1166 1880; x_wconf 79' lang='lat' dir='ltr'>Italicis</span> <span class='ocrx_word' id='word_1_254' title='bbox 1190 1869 1201 1886; x_wconf 92' lang='lat'>,</span> <span class='ocrx_word' id='word_1_255' title='bbox 1239 1846 1272 1879; x_wconf 77' lang='grc' dir='ltr'>δε</span> 
     </span>
     <span class='ocr_line' id='line_1_38' title="bbox 396 1892 1273 1937; baseline -0.002 -7"><span class='ocrx_word' id='word_1_256' title='bbox 396 1896 537 1931; x_wconf 84' lang='lat' dir='ltr'>Gallicis</span> <span class='ocrx_word' id='word_1_257' title='bbox 562 1893 672 1927; x_wconf 86' lang='lat' dir='ltr'>locum</span> <span class='ocrx_word' id='word_1_258' title='bbox 699 1893 797 1929; x_wconf 85' lang='lat' dir='ltr'>habet</span> <span class='ocrx_word' id='word_1_259' title='bbox 822 1897 849 1937; x_wconf 71' lang='grc' dir='ltr'>)ι</span> <span class='ocrx_word' id='word_1_260' title='bbox 873 1892 1070 1932; x_wconf 73' lang='lat' dir='ltr'>diversificat</span> <span class='ocrx_word' id='word_1_261' title='bbox 1096 1908 1133 1930; x_wconf 85' lang='lat' dir='ltr'>ac</span> <span class='ocrx_word' id='word_1_262' title='bbox 1161 1895 1273 1929; x_wconf 88' lang='lat' dir='ltr'>multi·</span> 
     </span>
     <span class='ocr_line' id='line_1_39' title="bbox 396 1943 1273 1993; baseline 0 -15"><span class='ocrx_word' id='word_1_263' title='bbox 396 1945 496 1990; x_wconf 83' lang='lat' dir='ltr'>plicat</span> <span class='ocrx_word' id='word_1_264' title='bbox 522 1954 638 1993; x_wconf 78' lang='lat' dir='ltr'>voces:</span> <span class='ocrx_word' id='word_1_265' title='bbox 665 1943 727 1976; x_wconf 83' lang='lat' dir='ltr'>five</span> <span class='ocrx_word' id='word_1_266' title='bbox 753 1945 885 1978; x_wconf 86' lang='lat' dir='ltr'>interim</span> <span class='ocrx_word' id='word_1_267' title='bbox 915 1947 950 1979; x_wconf 90' lang='lat' dir='ltr'>in</span> <span class='ocrx_word' id='word_1_268' title='bbox 978 1945 1164 1988; x_wconf 84' lang='lat' dir='ltr'>quantitate</span> <span class='ocrx_word' id='word_1_269' title='bbox 1193 1956 1273 1978; x_wconf 91' lang='lat' dir='ltr'>con-</span> 
     </span>
     <span class='ocr_line' id='line_1_40' title="bbox 395 1993 1274 2037; baseline -0.003 -8"><span class='ocrx_word' id='word_1_270' title='bbox 395 1995 551 2034; x_wconf 85' lang='lat' dir='ltr'>veniant,</span> <span class='ocrx_word' id='word_1_271' title='bbox 567 1993 631 2027; x_wconf 86' lang='lat' dir='ltr'>five</span> <span class='ocrx_word' id='word_1_272' title='bbox 652 1993 835 2037; x_wconf 76' lang='lat' dir='ltr'>discrepent</span> <span class='ocrx_word' id='word_1_273' title='bbox 848 2020 856 2028; x_wconf 91' lang='lat'>.</span> <span class='ocrx_word' id='word_1_274' title='bbox 885 1997 931 2027; x_wconf 84' lang='lat' dir='ltr'>Et</span> <span class='ocrx_word' id='word_1_275' title='bbox 952 1999 1032 2028; x_wconf 77' lang='lat' dir='ltr'>rano</span> <span class='ocrx_word' id='word_1_276' title='bbox 1050 1993 1111 2035; x_wconf 78' lang='lat' dir='ltr'>est.-</span> <span class='ocrx_word' id='word_1_277' title='bbox 1136 1993 1213 2036; x_wconf 85' lang='lat' dir='ltr'>qnia</span> <span class='ocrx_word' id='word_1_278' title='bbox 1236 1993 1274 2026; x_wconf 79' lang='lat' dir='ltr'>fi·</span> 
     </span>
     <span class='ocr_line' id='line_1_41' title="bbox 395 2042 1270 2080; baseline -0.006 0"><span class='ocrx_word' id='word_1_279' title='bbox 395 2056 452 2080; x_wconf 86' lang='lat' dir='ltr'>cut</span> <span class='ocrx_word' id='word_1_280' title='bbox 479 2055 575 2078; x_wconf 85' lang='lat' dir='ltr'>voces</span> <span class='ocrx_word' id='word_1_281' title='bbox 604 2043 708 2078; x_wconf 78' lang='lat' dir='ltr'>latinz</span> <span class='ocrx_word' id='word_1_282' title='bbox 733 2046 914 2078; x_wconf 85' lang='lat' dir='ltr'>sortiuntur</span> <span class='ocrx_word' id='word_1_283' title='bbox 940 2044 1104 2078; x_wconf 87' lang='lat' dir='ltr'>diversum</span> <span class='ocrx_word' id='word_1_284' title='bbox 1131 2042 1270 2077; x_wconf 87' lang='lat' dir='ltr'>sonandi</span> 
     </span>
     <span class='ocr_line' id='line_1_42' title="bbox 396 2092 1270 2135; baseline -0.008 -5"><span class='ocrx_word' id='word_1_285' title='bbox 396 2095 535 2131; x_wconf 88' lang='lat' dir='ltr'>modum</span> <span class='ocrx_word' id='word_1_286' title='bbox 561 2105 603 2127; x_wconf 84' lang='lat' dir='ltr'>ex</span> <span class='ocrx_word' id='word_1_287' title='bbox 629 2094 756 2126; x_wconf 88' lang='lat' dir='ltr'>diversa</span> <span class='ocrx_word' id='word_1_288' title='bbox 786 2094 979 2135; x_wconf 83' lang='lat' dir='ltr'>quantitate·</span> <span class='ocrx_word' id='word_1_289' title='bbox 993 2093 1198 2135; x_wconf 85' lang='lat' dir='ltr'>penultimae;</span> <span class='ocrx_word' id='word_1_290' title='bbox 1226 2092 1270 2124; x_wconf 86' lang='lat' dir='ltr'>ita</span> 
     </span>
     <span class='ocr_line' id='line_1_43' title="bbox 396 2141 1268 2186; baseline -0.008 -7"><span class='ocrx_word' id='word_1_291' title='bbox 396 2156 494 2179; x_wconf 84' lang='lat' dir='ltr'>voces</span> <span class='ocrx_word' id='word_1_292' title='bbox 522 2144 645 2177; x_wconf 71' lang='lat' dir='ltr'>Graecar</span> <span class='ocrx_word' id='word_1_293' title='bbox 675 2148 699 2184; x_wconf 86' lang='lat'><em>(</em></span> <span class='ocrx_word' id='word_1_294' title='bbox 720 2142 868 2186; x_wconf 87' lang='lat' dir='ltr'>intellige</span> <span class='ocrx_word' id='word_1_295' title='bbox 893 2142 930 2174; x_wconf 79' lang='lat' dir='ltr'>in</span> <span class='ocrx_word' id='word_1_296' title='bbox 959 2142 1111 2175; x_wconf 83' lang='lat' dir='ltr'>oratione</span> <span class='ocrx_word' id='word_1_297' title='bbox 1137 2141 1265 2174; x_wconf 71' lang='lat' dir='ltr'>soluta·</span> <span class='ocrx_word' id='word_1_298' title='bbox 1259 2164 1268 2180; x_wconf 95' lang='lat'>,</span> 
     </span>
     <span class='ocr_line' id='line_1_44' title="bbox 398 2191 1271 2235; baseline -0.007 -7"><span class='ocrx_word' id='word_1_299' title='bbox 398 2206 476 2230; x_wconf 88' lang='lat' dir='ltr'>nam</span> <span class='ocrx_word' id='word_1_300' title='bbox 503 2193 551 2226; x_wconf 89' lang='lat' dir='ltr'>in</span> <span class='ocrx_word' id='word_1_301' title='bbox 561 2201 688 2232; x_wconf 86' lang='lat' dir='ltr'>metro,</span> <span class='ocrx_word' id='word_1_302' title='bbox 714 2192 777 2225; x_wconf 86' lang='lat' dir='ltr'>five</span> <span class='ocrx_word' id='word_1_303' title='bbox 805 2202 957 2225; x_wconf 79' lang='lat' dir='ltr'>oratione</span> <span class='ocrx_word' id='word_1_304' title='bbox 970 2191 1069 2235; x_wconf 79' lang='lat' dir='ltr'>ligata</span> <span class='ocrx_word' id='word_1_305' title='bbox 1095 2191 1271 2234; x_wconf 86' lang='lat' dir='ltr'>sequuntur</span> 
     </span>
     <span class='ocr_line' id='line_1_45' title="bbox 398 2241 1271 2281; baseline -0.01 -1"><span class='ocrx_word' id='word_1_306' title='bbox 398 2254 548 2280; x_wconf 85' lang='lat' dir='ltr'>normam</span> <span class='ocrx_word' id='word_1_307' title='bbox 580 2241 712 2275; x_wconf 84' lang='lat' dir='ltr'>latinam</span> <span class='ocrx_word' id='word_1_308' title='bbox 740 2246 752 2281; x_wconf 92' lang='lat'>)</span> <span class='ocrx_word' id='word_1_309' title='bbox 779 2242 957 2275; x_wconf 83' lang='lat' dir='ltr'>sortiuntur</span> <span class='ocrx_word' id='word_1_310' title='bbox 980 2241 1143 2274; x_wconf 89' lang='lat' dir='ltr'>diversum</span> <span class='ocrx_word' id='word_1_311' title='bbox 1156 2241 1271 2273; x_wconf 86' lang='lat' dir='ltr'>sonan—</span> 
     </span>
     <span class='ocr_line' id='line_1_46' title="bbox 397 2288 1273 2330; baseline -0.009 0"><span class='ocrx_word' id='word_1_312' title='bbox 397 2295 433 2330; x_wconf 87' lang='lat' dir='ltr'>di</span> <span class='ocrx_word' id='word_1_313' title='bbox 471 2293 606 2328; x_wconf 88' lang='lat' dir='ltr'>modum</span> <span class='ocrx_word' id='word_1_314' title='bbox 643 2301 684 2324; x_wconf 80' lang='lat' dir='ltr'>ex</span> <span class='ocrx_word' id='word_1_315' title='bbox 721 2291 792 2324; x_wconf 88' lang='lat' dir='ltr'>solo</span> <span class='ocrx_word' id='word_1_316' title='bbox 818 2288 947 2324; x_wconf 77' lang='lat' dir='ltr'>diverso</span> <span class='ocrx_word' id='word_1_317' title='bbox 985 2300 1124 2324; x_wconf 88' lang='lat' dir='ltr'>accentu</span> <span class='ocrx_word' id='word_1_318' title='bbox 1151 2290 1273 2322; x_wconf 78' lang='lat' dir='ltr'>ultimae</span> 
     </span>
     <span class='ocr_line' id='line_1_47' title="bbox 397 2338 1274 2386; baseline -0.007 -9"><span class='ocrx_word' id='word_1_319' title='bbox 397 2344 449 2380; x_wconf 80' lang='lat' dir='ltr'>vel</span> <span class='ocrx_word' id='word_1_320' title='bbox 476 2342 661 2386; x_wconf 82' lang='lat' dir='ltr'>penultimae</span> <span class='ocrx_word' id='word_1_321' title='bbox 689 2340 776 2374; x_wconf 86' lang='lat' dir='ltr'>suae:</span> <span class='ocrx_word' id='word_1_322' title='bbox 805 2351 885 2385; x_wconf 89' lang='lat' dir='ltr'>ergo</span> <span class='ocrx_word' id='word_1_323' title='bbox 911 2340 991 2374; x_wconf 84' lang='lat' dir='ltr'>ficut</span> <span class='ocrx_word' id='word_1_324' title='bbox 1018 2350 1120 2374; x_wconf 86' lang='lat' dir='ltr'>voces</span> <span class='ocrx_word' id='word_1_325' title='bbox 1142 2338 1274 2372; x_wconf 80' lang='lat' dir='ltr'>&#39;Latinae</span> 
     </span>
     <span class='ocr_line' id='line_1_48' title="bbox 396 2389 1273 2434; baseline -0.008 -5"><span class='ocrx_word' id='word_1_326' title='bbox 396 2406 439 2430; x_wconf 86' lang='lat' dir='ltr'>ex</span> <span class='ocrx_word' id='word_1_327' title='bbox 470 2391 593 2427; x_wconf 73' lang='lat' dir='ltr'>diversa</span> <span class='ocrx_word' id='word_1_328' title='bbox 613 2390 796 2434; x_wconf 86' lang='lat' dir='ltr'>quantitate</span> <span class='ocrx_word' id='word_1_329' title='bbox 818 2403 832 2432; x_wconf 89' lang='lat'><em>;</em></span> <span class='ocrx_word' id='word_1_330' title='bbox 858 2390 901 2424; x_wconf 86' lang='lat' dir='ltr'>ita</span> <span class='ocrx_word' id='word_1_331' title='bbox 923 2389 1043 2424; x_wconf 82' lang='lat' dir='ltr'>Graecae</span> <span class='ocrx_word' id='word_1_332' title='bbox 1065 2401 1104 2423; x_wconf 86' lang='lat' dir='ltr'>ex</span> <span class='ocrx_word' id='word_1_333' title='bbox 1146 2389 1273 2423; x_wconf 90' lang='lat' dir='ltr'>diverso</span> 
     </span>
    </p>
   </div>
   <div class='ocr_carea' id='block_1_4' title="bbox 397 2438 1285 2484">
    <p class='ocr_par' dir='ltr' id='par_1_6' title="bbox 397 2438 1285 2484">
     <span class='ocr_line' id='line_1_49' title="bbox 397 2438 1285 2484; baseline -0.009 -4"><span class='ocrx_word' id='word_1_334' title='bbox 397 2448 535 2480; x_wconf 76' lang='lat' dir='ltr'>accentu</span> <span class='ocrx_word' id='word_1_335' title='bbox 572 2439 776 2475; x_wconf 74' lang='lat' dir='ltr'>diversificati</span> <span class='ocrx_word' id='word_1_336' title='bbox 809 2452 846 2474; x_wconf 87' lang='lat' dir='ltr'>ac</span> <span class='ocrx_word' id='word_1_337' title='bbox 887 2439 1098 2484; x_wconf 82' lang='lat' dir='ltr'>multiplicari</span> <span class='ocrx_word' id='word_1_338' title='bbox 1129 2438 1285 2473; x_wconf 76' lang='lat' dir='ltr'>debent.&#39;</span> 
     </span>
    </p>
   </div>
   <div class='ocr_carea' id='block_1_5' title="bbox 398 2489 1274 2592">
    <p class='ocr_par' dir='ltr' id='par_1_7' title="bbox 398 2489 1274 2592">
     <span class='ocr_line' id='line_1_50' title="bbox 398 2489 1270 2536; baseline -0.005 -10"><span class='ocrx_word' id='word_1_339' title='bbox 398 2494 465 2536; x_wconf 62' lang='lat'>512</span> <span class='ocrx_word' id='word_1_340' title='bbox 475 2494 518 2526; x_wconf 76' lang='lat' dir='ltr'>de</span> <span class='ocrx_word' id='word_1_341' title='bbox 539 2490 586 2524; x_wconf 79' lang='lat' dir='ltr'>bts</span> <span class='ocrx_word' id='word_1_342' title='bbox 607 2489 740 2523; x_wconf 66' lang='lat' dir='ltr'>omnibus</span> <span class='ocrx_word' id='word_1_343' title='bbox 762 2491 853 2531; x_wconf 81' lang='lat' dir='ltr'>plura</span> <span class='ocrx_word' id='word_1_344' title='bbox 875 2489 998 2531; x_wconf 72' lang='lat' dir='ltr'>inferior</span> <span class='ocrx_word' id='word_1_345' title='bbox 1034 2494 1270 2523; x_wconf 75' lang='lat' dir='ltr'>Grammaticus.</span> 
     </span>
     <span class='ocr_line' id='line_1_51' title="bbox 406 2539 1274 2592; baseline -0.005 -15.781"><span class='ocrx_word' id='word_1_346' title='bbox 406 2546 483 2592; x_wconf 87' lang='lat'>9.</span> <span class='ocrx_word' id='word_1_347' title='bbox 509 2545 640 2575; x_wconf 74' lang='lat' dir='ltr'>Tantum</span> <span class='ocrx_word' id='word_1_348' title='bbox 653 2540 703 2573; x_wconf 88' lang='lat' dir='ltr'>boc</span> <span class='ocrx_word' id='word_1_349' title='bbox 713 2540 809 2580; x_wconf 67' lang='lat' dir='ltr'>adbuc</span> <span class='ocrx_word' id='word_1_350' title='bbox 834 2541 932 2572; x_wconf 84' lang='lat' dir='ltr'>addo:</span> <span class='ocrx_word' id='word_1_351' title='bbox 958 2545 1059 2574; x_wconf 78' lang='lat' dir='ltr'>voces</span> <span class='ocrx_word' id='word_1_352' title='bbox 1074 2551 1139 2573; x_wconf 93' lang='lat' dir='ltr'>non</span> <span class='ocrx_word' id='word_1_353' title='bbox 1164 2539 1274 2573; x_wconf 86' lang='lat' dir='ltr'>diver-</span> 
     </span>
    </p>
   </div>
   <div class='ocr_carea' id='block_1_6' title="bbox 363 2590 1274 2638">
    <p class='ocr_par' dir='ltr' id='par_1_8' title="bbox 363 2590 1274 2638">
     <span class='ocr_line' id='line_1_52' title="bbox 363 2590 1274 2638; baseline -0.008 -9"><span class='ocrx_word' id='word_1_354' title='bbox 363 2594 512 2638; x_wconf 57' lang='lat' dir='ltr'>Jfificari</span> <span class='ocrx_word' id='word_1_355' title='bbox 541 2603 645 2635; x_wconf 90' lang='lat' dir='ltr'>neque</span> <span class='ocrx_word' id='word_1_356' title='bbox 691 2590 902 2634; x_wconf 85' lang='lat' dir='ltr'>multiplicari</span> <span class='ocrx_word' id='word_1_357' title='bbox 932 2601 973 2624; x_wconf 85' lang='lat' dir='ltr'>ex</span> <span class='ocrx_word' id='word_1_358' title='bbox 997 2590 1123 2624; x_wconf 88' lang='lat' dir='ltr'>diverso</span> <span class='ocrx_word' id='word_1_359' title='bbox 1139 2599 1274 2633; x_wconf 87' lang='lat' dir='ltr'>genere,</span> 
     </span>
    </p>
   </div>
   <div class='ocr_carea' id='block_1_7' title="bbox 400 2638 1276 2884">
    <p class='ocr_par' dir='ltr' id='par_1_9' title="bbox 400 2638 1276 2879">
     <span class='ocr_line' id='line_1_53' title="bbox 400 2638 1275 2684; baseline -0.009 -5"><span class='ocrx_word' id='word_1_360' title='bbox 400 2644 525 2680; x_wconf 87' lang='lat' dir='ltr'>diversa</span> <span class='ocrx_word' id='word_1_361' title='bbox 536 2641 786 2680; x_wconf 87' lang='lat' dir='ltr'>declinatione,</span> <span class='ocrx_word' id='word_1_362' title='bbox 801 2641 1059 2684; x_wconf 82' lang='lat' dir='ltr'>conjugatione,</span> <span class='ocrx_word' id='word_1_363' title='bbox 1087 2640 1198 2674; x_wconf 84' lang='lat' dir='ltr'>aliisve</span> <span class='ocrx_word' id='word_1_364' title='bbox 1212 2638 1275 2673; x_wconf 86' lang='lat' dir='ltr'>suis</span> 
     </span>
     <span class='ocr_line' id='line_1_54' title="bbox 400 2690 1275 2736; baseline -0.008 -7"><span class='ocrx_word' id='word_1_365' title='bbox 400 2692 628 2730; x_wconf 72' lang='lat' dir='ltr'>affeffionibus</span> <span class='ocrx_word' id='word_1_366' title='bbox 652 2691 969 2736; x_wconf 85' lang='lat' dir='ltr'>grammaticalibus.</span> <span class='ocrx_word' id='word_1_367' title='bbox 998 2690 1091 2724; x_wconf 87' lang='lat' dir='ltr'>Hinc</span> <span class='ocrx_word' id='word_1_368' title='bbox 1113 2702 1183 2724; x_wconf 85' lang='lat' dir='ltr'>acus</span> <span class='ocrx_word' id='word_1_369' title='bbox 1205 2694 1250 2723; x_wconf 71' lang='lat' dir='ltr'>ac!</span> <span class='ocrx_word' id='word_1_370' title='bbox 1265 2713 1275 2728; x_wconf 93' lang='lat'>,</span> 
     </span>
     <span class='ocr_line' id='line_1_55' title="bbox 400 2740 1276 2784; baseline -0.008 -5"><span class='ocrx_word' id='word_1_371' title='bbox 400 2757 470 2779; x_wconf 80' lang='lat' dir='ltr'>acus</span> <span class='ocrx_word' id='word_1_372' title='bbox 499 2748 612 2781; x_wconf 75' lang='lat' dir='ltr'>aceris,</span> <span class='ocrx_word' id='word_1_373' title='bbox 639 2753 712 2775; x_wconf 82' lang='lat' dir='ltr'>acus</span> <span class='ocrx_word' id='word_1_374' title='bbox 734 2752 827 2781; x_wconf 77' lang='lat' dir='ltr'>acus,</span> <span class='ocrx_word' id='word_1_375' title='bbox 853 2740 965 2775; x_wconf 85' lang='lat' dir='ltr'>eadem</span> <span class='ocrx_word' id='word_1_376' title='bbox 980 2740 1083 2784; x_wconf 84' lang='lat' dir='ltr'>specie</span> <span class='ocrx_word' id='word_1_377' title='bbox 1111 2751 1175 2773; x_wconf 88' lang='lat' dir='ltr'>vox</span> <span class='ocrx_word' id='word_1_378' title='bbox 1190 2741 1276 2782; x_wconf 86' lang='lat' dir='ltr'>sunt;</span> 
     </span>
     <span class='ocr_line' id='line_1_56' title="bbox 400 2790 1276 2839; baseline -0.009 -10"><span class='ocrx_word' id='word_1_379' title='bbox 400 2796 477 2830; x_wconf 87' lang='lat' dir='ltr'>licet</span> <span class='ocrx_word' id='word_1_380' title='bbox 488 2795 521 2829; x_wconf 87' lang='lat'>&amp;</span> <span class='ocrx_word' id='word_1_381' title='bbox 531 2800 643 2839; x_wconf 88' lang='lat' dir='ltr'>genus</span> <span class='ocrx_word' id='word_1_382' title='bbox 648 2793 680 2826; x_wconf 90' lang='lat'>&amp;</span> <span class='ocrx_word' id='word_1_383' title='bbox 695 2790 946 2825; x_wconf 82' lang='lat' dir='ltr'>declinationem</span> <span class='ocrx_word' id='word_1_384' title='bbox 958 2791 1075 2825; x_wconf 74' lang='lat' dir='ltr'>variet.</span> <span class='ocrx_word' id='word_1_385' title='bbox 1094 2791 1177 2824; x_wconf 82' lang='lat' dir='ltr'>Item</span> <span class='ocrx_word' id='word_1_386' title='bbox 1188 2792 1276 2823; x_wconf 73' lang='lat' dir='ltr'>caries</span> 
     </span>
     <span class='ocr_line' id='line_1_57' title="bbox 401 2839 1276 2884; baseline -0.008 -5"><span class='ocrx_word' id='word_1_387' title='bbox 401 2857 419 2879; x_wconf 82' lang='lat' dir='ltr'>a</span> <span class='ocrx_word' id='word_1_388' title='bbox 441 2848 554 2884; x_wconf 62' lang='lat' dir='ltr'>cante,</span> <span class='ocrx_word' id='word_1_389' title='bbox 573 2843 619 2877; x_wconf 74' lang='grc' dir='ltr'>δι</span> <span class='ocrx_word' id='word_1_390' title='bbox 628 2847 718 2876; x_wconf 68' lang='lat' dir='ltr'>canes</span> <span class='ocrx_word' id='word_1_391' title='bbox 744 2851 765 2874; x_wconf 88' lang='lat' dir='ltr'>a</span> <span class='ocrx_word' id='word_1_392' title='bbox 787 2848 875 2875; x_wconf 77' lang='lat' dir='ltr'>cano</span> <span class='ocrx_word' id='word_1_393' title='bbox 876 2839 1000 2876; x_wconf 59' lang='lat' dir='ltr'>fidem</span> <span class='ocrx_word' id='word_1_394' title='bbox 1025 2852 1090 2875; x_wconf 84' lang='lat' dir='ltr'>vox</span> <span class='ocrx_word' id='word_1_395' title='bbox 1118 2841 1192 2873; x_wconf 90' lang='lat' dir='ltr'>sunt</span> <span class='ocrx_word' id='word_1_396' title='bbox 1217 2850 1276 2872; x_wconf 93' lang='lat' dir='ltr'>co·-</span> 
     </span>
    </p>
   </div>
   <div class='ocr_carea' id='block_1_8' title="bbox 402 2888 1290 2940">
    <p class='ocr_par' dir='ltr' id='par_1_10' title="bbox 402 2888 1290 2940">
     <span class='ocr_line' id='line_1_58' title="bbox 402 2888 1290 2940; baseline -0.01 -10"><span class='ocrx_word' id='word_1_397' title='bbox 402 2888 630 2940; x_wconf 68' lang='lat' dir='ltr'>ningationem</span> <span class='ocrx_word' id='word_1_398' title='bbox 653 2891 687 2925; x_wconf 88' lang='lat'>&amp;</span> <span class='ocrx_word' id='word_1_399' title='bbox 713 2891 988 2938; x_wconf 70' lang='lat' dir='ltr'>significationem</span> <span class='ocrx_word' id='word_1_400' title='bbox 1011 2891 1140 2925; x_wconf 86' lang='lat' dir='ltr'>varians</span> <span class='ocrx_word' id='word_1_401' title='bbox 1161 2915 1168 2922; x_wconf 90' lang='lat'><strong>.</strong></span> <span class='ocrx_word' id='word_1_402' title='bbox 1195 2888 1290 2936; x_wconf 50' lang='lat' dir='ltr'>Item¹</span> 
     </span>
    </p>
   </div>
   <div class='ocr_carea' id='block_1_9' title="bbox 403 2940 1281 3134">
    <p class='ocr_par' dir='ltr' id='par_1_11' title="bbox 403 2940 1281 3134">
     <span class='ocr_line' id='line_1_59' title="bbox 405 2940 1281 2988; baseline -0.008 -10"><span class='ocrx_word' id='word_1_403' title='bbox 405 2957 487 2978; x_wconf 76' lang='lat' dir='ltr'>amor</span> <span class='ocrx_word' id='word_1_404' title='bbox 513 2954 636 2978; x_wconf 82' lang='lat' dir='ltr'>nomen</span> <span class='ocrx_word' id='word_1_405' title='bbox 663 2967 674 2983; x_wconf 93' lang='lat'>‚</span> <span class='ocrx_word' id='word_1_406' title='bbox 710 2943 852 2976; x_wconf 60' lang='lat' dir='ltr'>&amp;umor</span> <span class='ocrx_word' id='word_1_407' title='bbox 878 2940 1044 2988; x_wconf 79' lang='lat' dir='ltr'>verbum:</span> <span class='ocrx_word' id='word_1_408' title='bbox 1071 2941 1150 2974; x_wconf 85' lang='lat' dir='ltr'>item</span> <span class='ocrx_word' id='word_1_409' title='bbox 1179 2941 1281 2981; x_wconf 77' lang='lat' dir='ltr'>cupido</span> 
     </span>
     <span class='ocr_line' id='line_1_60' title="bbox 403 2990 1278 3039; baseline -0.009 -9"><span class='ocrx_word' id='word_1_410' title='bbox 403 3007 464 3039; x_wconf 83' lang='lat' dir='ltr'>pro</span> <span class='ocrx_word' id='word_1_411' title='bbox 488 2995 561 3029; x_wconf 84' lang='lat' dir='ltr'>filio</span> <span class='ocrx_word' id='word_1_412' title='bbox 583 2992 770 3027; x_wconf 78' lang='lat' dir='ltr'>Veneris&amp;</span> <span class='ocrx_word' id='word_1_413' title='bbox 785 2993 890 3034; x_wconf 72' lang='lat' dir='ltr'>cupido</span> <span class='ocrx_word' id='word_1_414' title='bbox 912 3002 969 3034; x_wconf 84' lang='lat' dir='ltr'>pro</span> <span class='ocrx_word' id='word_1_415' title='bbox 993 2990 1197 3033; x_wconf 85' lang='lat' dir='ltr'>cupiditate,</span> <span class='ocrx_word' id='word_1_416' title='bbox 1213 3001 1278 3023; x_wconf 91' lang='lat' dir='ltr'>non</span> 
     </span>
     <span class='ocr_line' id='line_1_61' title="bbox 403 3039 1280 3083; baseline -0.008 -3"><span class='ocrx_word' id='word_1_417' title='bbox 403 3047 479 3080; x_wconf 88' lang='lat' dir='ltr'>sunt</span> <span class='ocrx_word' id='word_1_418' title='bbox 503 3043 633 3079; x_wconf 75' lang='lat' dir='ltr'>diversae</span> <span class='ocrx_word' id='word_1_419' title='bbox 644 3054 761 3077; x_wconf 88' lang='lat' dir='ltr'>voces.</span> <span class='ocrx_word' id='word_1_420' title='bbox 792 3045 880 3075; x_wconf 78' lang='lat' dir='ltr'>Rana</span> <span class='ocrx_word' id='word_1_421' title='bbox 902 3039 939 3081; x_wconf 78' lang='lat' dir='ltr'>est</span> <span class='ocrx_word' id='word_1_422' title='bbox 956 3041 1050 3083; x_wconf 66' lang='lat' dir='ltr'>plan?</span> <span class='ocrx_word' id='word_1_423' title='bbox 1074 3039 1280 3083; x_wconf 77' lang='lat' dir='ltr'>eademzquia</span> 
     </span>
     <span class='ocr_line' id='line_1_62' title="bbox 405 3090 1280 3134; baseline -0.009 -4"><span class='ocrx_word' id='word_1_424' title='bbox 405 3097 486 3130; x_wconf 81' lang='lat' dir='ltr'>ficut</span> <span class='ocrx_word' id='word_1_425' title='bbox 507 3093 670 3128; x_wconf 80' lang='lat' dir='ltr'>diversitas</span> <span class='ocrx_word' id='word_1_426' title='bbox 690 3092 884 3127; x_wconf 84' lang='lat' dir='ltr'>animalium</span> <span class='ocrx_word' id='word_1_427' title='bbox 907 3091 989 3125; x_wconf 82' lang='lat' dir='ltr'>stare</span> <span class='ocrx_word' id='word_1_428' title='bbox 1017 3091 1128 3134; x_wconf 87' lang='lat' dir='ltr'>nequit</span> <span class='ocrx_word' id='word_1_429' title='bbox 1151 3091 1217 3123; x_wconf 86' lang='lat' dir='ltr'>fine</span> <span class='ocrx_word' id='word_1_430' title='bbox 1237 3090 1280 3123; x_wconf 92' lang='lat' dir='ltr'>di-</span> 
     </span>
    </p>
   </div>
   <div class='ocr_carea' id='block_1_10' title="bbox 405 3140 1283 3185">
    <p class='ocr_par' dir='ltr' id='par_1_12' title="bbox 405 3140 1283 3185">
     <span class='ocr_line' id='line_1_63' title="bbox 405 3140 1283 3185; baseline -0.008 -5"><span class='ocrx_word' id='word_1_431' title='bbox 405 3145 551 3180; x_wconf 73' lang='lat' dir='ltr'>versitate</span> <span class='ocrx_word' id='word_1_432' title='bbox 575 3143 738 3177; x_wconf 86' lang='lat' dir='ltr'>sentiendi</span> <span class='ocrx_word' id='word_1_433' title='bbox 760 3155 773 3185; x_wconf 90' lang='lat'><em>;</em></span> <span class='ocrx_word' id='word_1_434' title='bbox 798 3143 842 3176; x_wconf 88' lang='lat' dir='ltr'>ita</span> <span class='ocrx_word' id='word_1_435' title='bbox 868 3141 1034 3175; x_wconf 69' lang='lat' dir='ltr'>diversitas</span> <span class='ocrx_word' id='word_1_436' title='bbox 1056 3151 1173 3174; x_wconf 88' lang='lat' dir='ltr'>vocum</span> <span class='ocrx_word' id='word_1_437' title='bbox 1205 3140 1283 3173; x_wconf 83' lang='lat' dir='ltr'>flare</span> 
     </span>
    </p>
   </div>
   <div class='ocr_carea' id='block_1_11' title="bbox 409 3190 1282 3289">
    <p class='ocr_par' dir='ltr' id='par_1_13' title="bbox 409 3190 1282 3289">
     <span class='ocr_line' id='line_1_64' title="bbox 409 3190 1282 3248; baseline -0.008 -19"><span class='ocrx_word' id='word_1_438' title='bbox 409 3197 522 3240; x_wconf 87' lang='lat' dir='ltr'>nequit</span> <span class='ocrx_word' id='word_1_439' title='bbox 537 3196 609 3228; x_wconf 78' lang='lat' dir='ltr'>line</span> <span class='ocrx_word' id='word_1_440' title='bbox 613 3192 802 3227; x_wconf 74' lang='lat' dir='ltr'>diverfitate</span> <span class='ocrx_word' id='word_1_441' title='bbox 818 3191 979 3226; x_wconf 87' lang='lat' dir='ltr'>sonandi:</span> <span class='ocrx_word' id='word_1_442' title='bbox 1007 3190 1096 3248; x_wconf 82' lang='lat' dir='ltr'>atqui</span> <span class='ocrx_word' id='word_1_443' title='bbox 1124 3190 1282 3224; x_wconf 80' lang='lat' dir='ltr'>diversum</span> 
     </span>
     <span class='ocr_line' id='line_1_65' title="bbox 409 3239 1282 3289; baseline -0.007 -10"><span class='ocrx_word' id='word_1_444' title='bbox 409 3256 538 3289; x_wconf 85' lang='lat' dir='ltr'>genus,</span> <span class='ocrx_word' id='word_1_445' title='bbox 555 3243 682 3279; x_wconf 84' lang='lat' dir='ltr'>diversa</span> <span class='ocrx_word' id='word_1_446' title='bbox 696 3243 901 3283; x_wconf 86' lang='lat' dir='ltr'>declinatio,</span> <span class='ocrx_word' id='word_1_447' title='bbox 916 3239 1129 3286; x_wconf 79' lang='lat' dir='ltr'>conjugatio,</span> <span class='ocrx_word' id='word_1_448' title='bbox 1142 3241 1204 3274; x_wconf 69' lang='grc' dir='ltr'>ἀς.</span> <span class='ocrx_word' id='word_1_449' title='bbox 1216 3251 1282 3273; x_wconf 89' lang='lat' dir='ltr'>non</span> 
     </span>
    </p>
   </div>
   <div class='ocr_carea' id='block_1_12' title="bbox 415 3398 644 3428">
    <p class='ocr_par' dir='ltr' id='par_1_14' title="bbox 415 3398 644 3428">
     <span class='ocr_line' id='line_1_66' title="bbox 415 3398 644 3428; baseline 0.004 -3"><span class='ocrx_word' id='word_1_450' title='bbox 415 3398 480 3425; x_wconf 66' lang='lat' dir='ltr'>(em</span> <span class='ocrx_word' id='word_1_451' title='bbox 507 3404 624 3428; x_wconf 76' lang='lat' dir='ltr'>vocum</span> <span class='ocrx_word' id='word_1_452' title='bbox 638 3418 644 3426; x_wconf 89' lang='lat'><strong>.</strong></span> 
     </span>
    </p>
   </div>
   <div class='ocr_carea' id='block_1_13' title="bbox 954 113 1636 160">
    <p class='ocr_par' dir='ltr' id='par_1_15' title="bbox 954 113 1636 160">
     <span class='ocr_line' id='line_1_67' title="bbox 954 113 1636 160; baseline 0.003 -3"><span class='ocrx_word' id='word_1_453' title='bbox 954 113 1361 158; x_wconf 72' lang='lat' dir='ltr'>D1s1›urm.x.</span> <span class='ocrx_word' id='word_1_454' title='bbox 1401 114 1540 158; x_wconf 70' lang='lat' dir='ltr'>Dua.</span> <span class='ocrx_word' id='word_1_455' title='bbox 1580 115 1636 160; x_wconf 86' lang='lat' dir='ltr'>u.</span> 
     </span>
    </p>
   </div>
   <div class='ocr_carea' id='block_1_14' title="bbox 1326 247 2212 3533">
    <p class='ocr_par' dir='ltr' id='par_1_16' title="bbox 1445 247 2098 295">
     <span class='ocr_line' id='line_1_68' title="bbox 1445 247 2098 295; baseline 0.003 -12"><span class='ocrx_word' id='word_1_456' title='bbox 1445 249 1479 283; x_wconf 82' lang='lat' dir='ltr'>D</span> <span class='ocrx_word' id='word_1_457' title='bbox 1531 249 1571 285; x_wconf 92' lang='lat' dir='ltr'>U</span> <span class='ocrx_word' id='word_1_458' title='bbox 1623 248 1650 282; x_wconf 92' lang='lat' dir='ltr'>B</span> <span class='ocrx_word' id='word_1_459' title='bbox 1701 247 1717 282; x_wconf 92' lang='lat'><em>1</em></span> <span class='ocrx_word' id='word_1_460' title='bbox 1768 248 1808 295; x_wconf 95' lang='lat' dir='ltr'>U</span> <span class='ocrx_word' id='word_1_461' title='bbox 1859 251 1900 285; x_wconf 89' lang='lat' dir='ltr'>M</span> <span class='ocrx_word' id='word_1_462' title='bbox 2018 251 2034 285; x_wconf 91' lang='lat'>1</span> <span class='ocrx_word' id='word_1_463' title='bbox 2072 251 2098 285; x_wconf 88' lang='lat'>1.</span> 
     </span>
    </p>

    <p class='ocr_par' dir='ltr' id='par_1_17' title="bbox 1334 350 2205 1495">
     <span class='ocr_line' id='line_1_69' title="bbox 1390 350 2152 396; baseline 0.005 -13"><span class='ocrx_word' id='word_1_464' title='bbox 1390 350 1615 384; x_wconf 81' lang='lat' dir='ltr'>Praeambulum</span> <span class='ocrx_word' id='word_1_465' title='bbox 1634 351 1787 393; x_wconf 77' lang='lat' dir='ltr'>quoddam</span> <span class='ocrx_word' id='word_1_466' title='bbox 1807 351 1853 383; x_wconf 85' lang='lat' dir='ltr'>ad</span> <span class='ocrx_word' id='word_1_467' title='bbox 1871 350 1964 386; x_wconf 66' lang='lat' dir='ltr'>duna</span> <span class='ocrx_word' id='word_1_468' title='bbox 1979 350 2152 396; x_wconf 70' lang='lat' dir='ltr'>stquenua.</span> 
     </span>
     <span class='ocr_line' id='line_1_70' title="bbox 1343 450 2203 498; baseline 0.007 -16"><span class='ocrx_word' id='word_1_469' title='bbox 1343 456 1396 485; x_wconf 85' lang='lat'>10.</span> <span class='ocrx_word' id='word_1_470' title='bbox 1539 452 1650 484; x_wconf 83' lang='lat' dir='ltr'>Dvem</span> <span class='ocrx_word' id='word_1_471' title='bbox 1667 454 1792 494; x_wconf 62' lang='lat' dir='ltr'>prima.-</span> <span class='ocrx_word' id='word_1_472' title='bbox 1814 450 1903 496; x_wconf 85' lang='lat' dir='ltr'>quod</span> <span class='ocrx_word' id='word_1_473' title='bbox 1927 451 2087 493; x_wconf 75' lang='lat' dir='ltr'>univoca,</span> <span class='ocrx_word' id='word_1_474' title='bbox 2110 454 2203 498; x_wconf 84' lang='lat' dir='ltr'>aequi-</span> 
     </span>
     <span class='ocr_line' id='line_1_71' title="bbox 1555 501 2202 547; baseline 0.008 -13"><span class='ocrx_word' id='word_1_475' title='bbox 1555 502 1788 547; x_wconf 84' lang='lat' dir='ltr'>voca,analoga</span> <span class='ocrx_word' id='word_1_476' title='bbox 1802 526 1813 542; x_wconf 96' lang='lat'>,</span> <span class='ocrx_word' id='word_1_477' title='bbox 1840 501 1984 544; x_wconf 71' lang='lat' dir='ltr'>duplicia</span> <span class='ocrx_word' id='word_1_478' title='bbox 2007 502 2068 536; x_wconf 74' lang='lat' dir='ltr'>lint</span> <span class='ocrx_word' id='word_1_479' title='bbox 2082 528 2090 536; x_wconf 91' lang='lat'><strong><em>.</em></strong></span> <span class='ocrx_word' id='word_1_480' title='bbox 2112 504 2202 539; x_wconf 91' lang='lat' dir='ltr'>Uni-</span> 
     </span>
     <span class='ocr_line' id='line_1_72' title="bbox 1339 550 2202 595; baseline 0.009 -15"><span class='ocrx_word' id='word_1_481' title='bbox 1339 558 1418 582; x_wconf 87' lang='lat' dir='ltr'>voca</span> <span class='ocrx_word' id='word_1_482' title='bbox 1443 550 1619 585; x_wconf 85' lang='lat' dir='ltr'>univocata</span> <span class='ocrx_word' id='word_1_483' title='bbox 1641 551 1676 585; x_wconf 74' lang='grc' dir='ltr'>ὃς</span> <span class='ocrx_word' id='word_1_484' title='bbox 1700 553 1839 587; x_wconf 89' lang='lat' dir='ltr'>univoca</span> <span class='ocrx_word' id='word_1_485' title='bbox 1863 552 2202 595; x_wconf 74' lang='lat' dir='ltr'>univoeantia,aequi-</span> 
     </span>
     <span class='ocr_line' id='line_1_73' title="bbox 1338 600 2202 646; baseline 0.009 -16"><span class='ocrx_word' id='word_1_486' title='bbox 1338 607 1421 631; x_wconf 74' lang='lat' dir='ltr'>voca</span> <span class='ocrx_word' id='word_1_487' title='bbox 1445 600 1636 643; x_wconf 85' lang='lat' dir='ltr'>equivocata</span> <span class='ocrx_word' id='word_1_488' title='bbox 1658 601 1691 634; x_wconf 75' lang='grc' dir='ltr'>ἀ</span> <span class='ocrx_word' id='word_1_489' title='bbox 1710 603 1873 645; x_wconf 78' lang='lat' dir='ltr'>aequivoca</span> <span class='ocrx_word' id='word_1_490' title='bbox 1896 602 2133 646; x_wconf 81' lang='lat' dir='ltr'>aequivocantia</span> <span class='ocrx_word' id='word_1_491' title='bbox 2148 615 2202 643; x_wconf 84' lang='lat' dir='ltr'>,a-</span> 
     </span>
     <span class='ocr_line' id='line_1_74' title="bbox 1338 647 2201 697; baseline 0.007 -17"><span class='ocrx_word' id='word_1_492' title='bbox 1338 647 1457 692; x_wconf 86' lang='lat' dir='ltr'>naloga</span> <span class='ocrx_word' id='word_1_493' title='bbox 1478 650 1653 694; x_wconf 82' lang='lat' dir='ltr'>analogata</span> <span class='ocrx_word' id='word_1_494' title='bbox 1676 650 1710 684; x_wconf 88' lang='lat'>&amp;</span> <span class='ocrx_word' id='word_1_495' title='bbox 1732 652 1872 697; x_wconf 84' lang='lat' dir='ltr'>analoga</span> <span class='ocrx_word' id='word_1_496' title='bbox 1894 652 2120 697; x_wconf 87' lang='lat' dir='ltr'>analogantia.</span> <span class='ocrx_word' id='word_1_497' title='bbox 2143 651 2201 686; x_wconf 85' lang='lat' dir='ltr'>U-</span> 
     </span>
     <span class='ocr_line' id='line_1_75' title="bbox 1337 697 2202 744; baseline 0.008 -14"><span class='ocrx_word' id='word_1_498' title='bbox 1337 697 1454 732; x_wconf 84' lang='lat' dir='ltr'>nivoca</span> <span class='ocrx_word' id='word_1_499' title='bbox 1477 699 1678 740; x_wconf 87' lang='lat' dir='ltr'>univocata,</span> <span class='ocrx_word' id='word_1_500' title='bbox 1703 700 1865 744; x_wconf 68' lang='lat' dir='ltr'>aequivoca</span> <span class='ocrx_word' id='word_1_501' title='bbox 1888 703 2105 744; x_wconf 79' lang='lat' dir='ltr'>aequivocata,</span> <span class='ocrx_word' id='word_1_502' title='bbox 2126 702 2202 736; x_wconf 83' lang='lat' dir='ltr'>&amp;a-</span> 
     </span>
     <span class='ocr_line' id='line_1_76' title="bbox 1337 748 2201 796; baseline 0.007 -15"><span class='ocrx_word' id='word_1_503' title='bbox 1337 748 1456 793; x_wconf 85' lang='lat' dir='ltr'>naloga</span> <span class='ocrx_word' id='word_1_504' title='bbox 1490 749 1667 794; x_wconf 85' lang='lat' dir='ltr'>analogata</span> <span class='ocrx_word' id='word_1_505' title='bbox 1690 750 1762 784; x_wconf 90' lang='lat' dir='ltr'>sunt</span> <span class='ocrx_word' id='word_1_506' title='bbox 1787 763 1834 785; x_wconf 86' lang='lat' dir='ltr'>res</span> <span class='ocrx_word' id='word_1_507' title='bbox 1857 751 2040 796; x_wconf 71' lang='lat' dir='ltr'>fignificatae</span> <span class='ocrx_word' id='word_1_508' title='bbox 2073 764 2127 796; x_wconf 88' lang='lat' dir='ltr'>pet</span> <span class='ocrx_word' id='word_1_509' title='bbox 2148 763 2201 787; x_wconf 86' lang='lat' dir='ltr'>vo-</span> 
     </span>
     <span class='ocr_line' id='line_1_77' title="bbox 1334 799 2199 846; baseline 0.006 -15"><span class='ocrx_word' id='word_1_510' title='bbox 1334 808 1405 831; x_wconf 91' lang='lat' dir='ltr'>cem</span> <span class='ocrx_word' id='word_1_511' title='bbox 1445 799 1622 833; x_wconf 89' lang='lat' dir='ltr'>univocam</span> <span class='ocrx_word' id='word_1_512' title='bbox 1641 823 1653 840; x_wconf 92' lang='lat'>,</span> <span class='ocrx_word' id='word_1_513' title='bbox 1688 801 1887 845; x_wconf 79' lang='lat' dir='ltr'>aequivocam</span> <span class='ocrx_word' id='word_1_514' title='bbox 1909 826 1920 842; x_wconf 97' lang='lat'>,</span> <span class='ocrx_word' id='word_1_515' title='bbox 1941 802 1975 837; x_wconf 74' lang='grc' dir='ltr'>δε</span> <span class='ocrx_word' id='word_1_516' title='bbox 2004 801 2199 846; x_wconf 89' lang='lat' dir='ltr'>analogatn.</span> 
     </span>
     <span class='ocr_line' id='line_1_78' title="bbox 1337 848 2200 896; baseline 0.003 -13"><span class='ocrx_word' id='word_1_517' title='bbox 1337 848 1536 883; x_wconf 81' lang='lat' dir='ltr'>Univocum</span> <span class='ocrx_word' id='word_1_518' title='bbox 1564 849 1644 883; x_wconf 77' lang='lat' dir='ltr'>vero</span> <span class='ocrx_word' id='word_1_519' title='bbox 1670 851 1867 892; x_wconf 73' lang='lat' dir='ltr'>univocam,</span> <span class='ocrx_word' id='word_1_520' title='bbox 1882 853 2084 896; x_wconf 75' lang='lat' dir='ltr'>aequivocutn</span> <span class='ocrx_word' id='word_1_521' title='bbox 2106 852 2200 895; x_wconf 82' lang='lat' dir='ltr'>aequi-</span> 
     </span>
     <span class='ocr_line' id='line_1_79' title="bbox 1336 896 2201 947; baseline 0.006 -16"><span class='ocrx_word' id='word_1_522' title='bbox 1336 909 1476 939; x_wconf 85' lang='lat' dir='ltr'>vocans,</span> <span class='ocrx_word' id='word_1_523' title='bbox 1499 899 1531 933; x_wconf 84' lang='lat'>&amp;</span> <span class='ocrx_word' id='word_1_524' title='bbox 1544 900 1719 947; x_wconf 65' lang='lat' dir='ltr'>analogqm</span> <span class='ocrx_word' id='word_1_525' title='bbox 1736 902 1915 945; x_wconf 86' lang='lat' dir='ltr'>analogans</span> <span class='ocrx_word' id='word_1_526' title='bbox 1937 896 2009 936; x_wconf 74' lang='lat' dir='ltr'>snut</span> <span class='ocrx_word' id='word_1_527' title='bbox 2029 913 2124 936; x_wconf 90' lang='lat' dir='ltr'>voces</span> <span class='ocrx_word' id='word_1_528' title='bbox 2134 902 2201 946; x_wconf 85' lang='lat' dir='ltr'>plu-</span> 
     </span>
     <span class='ocr_line' id='line_1_80' title="bbox 1335 948 2200 994; baseline 0.006 -13"><span class='ocrx_word' id='word_1_529' title='bbox 1335 959 1367 983; x_wconf 87' lang='lat' dir='ltr'>ra</span> <span class='ocrx_word' id='word_1_530' title='bbox 1396 948 1633 993; x_wconf 87' lang='lat' dir='ltr'>fignificantes.</span> <span class='ocrx_word' id='word_1_531' title='bbox 1660 949 1765 985; x_wconf 90' lang='lat' dir='ltr'>Unde</span> <span class='ocrx_word' id='word_1_532' title='bbox 1787 951 1851 985; x_wconf 89' lang='lat' dir='ltr'>haec</span> <span class='ocrx_word' id='word_1_533' title='bbox 1878 953 1951 985; x_wconf 89' lang='lat' dir='ltr'>sunt</span> <span class='ocrx_word' id='word_1_534' title='bbox 1967 952 2087 994; x_wconf 84' lang='lat' dir='ltr'>species</span> <span class='ocrx_word' id='word_1_535' title='bbox 2110 953 2200 986; x_wconf 87' lang='lat' dir='ltr'>vocis</span> 
     </span>
     <span class='ocr_line' id='line_1_81' title="bbox 1335 997 2201 1046; baseline 0.003 -15"><span class='ocrx_word' id='word_1_536' title='bbox 1335 997 1553 1043; x_wconf 72' lang='lat' dir='ltr'>significativa:</span> <span class='ocrx_word' id='word_1_537' title='bbox 1567 1011 1576 1041; x_wconf 90' lang='lat'>;</span> <span class='ocrx_word' id='word_1_538' title='bbox 1599 1000 1655 1034; x_wconf 80' lang='lat' dir='ltr'>illa</span> <span class='ocrx_word' id='word_1_539' title='bbox 1666 999 1740 1034; x_wconf 76' lang='lat' dir='ltr'>vero</span> <span class='ocrx_word' id='word_1_540' title='bbox 1753 1002 1826 1036; x_wconf 90' lang='lat' dir='ltr'>sunt</span> <span class='ocrx_word' id='word_1_541' title='bbox 1838 1001 1954 1045; x_wconf 82' lang='lat' dir='ltr'>species</span> <span class='ocrx_word' id='word_1_542' title='bbox 1966 1001 2136 1046; x_wconf 84' lang='lat' dir='ltr'>fignificati</span> <span class='ocrx_word' id='word_1_543' title='bbox 2149 1014 2156 1034; x_wconf 90' lang='lat'>:</span> <span class='ocrx_word' id='word_1_544' title='bbox 2170 1013 2201 1035; x_wconf 84' lang='lat' dir='ltr'>a·</span> 
     </span>
     <span class='ocr_line' id='line_1_82' title="bbox 1334 1049 2200 1097; baseline 0.003 -15"><span class='ocrx_word' id='word_1_545' title='bbox 1334 1049 1464 1092; x_wconf 91' lang='lat' dir='ltr'>deoque</span> <span class='ocrx_word' id='word_1_546' title='bbox 1474 1060 1522 1083; x_wconf 90' lang='lat' dir='ltr'>res</span> <span class='ocrx_word' id='word_1_547' title='bbox 1532 1051 1596 1084; x_wconf 79' lang='lat' dir='ltr'>effe</span> <span class='ocrx_word' id='word_1_548' title='bbox 1617 1049 1805 1085; x_wconf 87' lang='lat' dir='ltr'>univocatas</span> <span class='ocrx_word' id='word_1_549' title='bbox 1816 1075 1827 1092; x_wconf 92' lang='lat'>,</span> <span class='ocrx_word' id='word_1_550' title='bbox 1837 1062 1894 1086; x_wconf 81' lang='lat' dir='ltr'>aut</span> <span class='ocrx_word' id='word_1_551' title='bbox 1904 1053 2094 1097; x_wconf 85' lang='lat' dir='ltr'>analogatas</span> <span class='ocrx_word' id='word_1_552' title='bbox 2104 1074 2115 1091; x_wconf 92' lang='lat'>,</span> <span class='ocrx_word' id='word_1_553' title='bbox 2126 1053 2200 1086; x_wconf 85' lang='lat' dir='ltr'>sunt</span> 
     </span>
     <span class='ocr_line' id='line_1_83' title="bbox 1336 1098 2201 1145; baseline 0.007 -15"><span class='ocrx_word' id='word_1_554' title='bbox 1336 1098 1630 1134; x_wconf 87' lang='lat' dir='ltr'>denominationes</span> <span class='ocrx_word' id='word_1_555' title='bbox 1642 1100 1740 1134; x_wconf 82' lang='lat' dir='ltr'>reales</span> <span class='ocrx_word' id='word_1_556' title='bbox 1751 1102 1958 1145; x_wconf 78' lang='lat' dir='ltr'>extrinsecae;</span> <span class='ocrx_word' id='word_1_557' title='bbox 1978 1103 2027 1136; x_wconf 90' lang='lat' dir='ltr'>uti</span> <span class='ocrx_word' id='word_1_558' title='bbox 2049 1102 2124 1136; x_wconf 86' lang='lat' dir='ltr'>sunt</span> <span class='ocrx_word' id='word_1_559' title='bbox 2139 1102 2201 1136; x_wconf 80' lang='lat' dir='ltr'>effe</span> 
     </span>
     <span class='ocr_line' id='line_1_84' title="bbox 1336 1147 2202 1199; baseline 0.008 -20"><span class='ocrx_word' id='word_1_560' title='bbox 1336 1147 1555 1191; x_wconf 32' lang='lat' dir='ltr'>fignificatutn*</span> <span class='ocrx_word' id='word_1_561' title='bbox 1578 1173 1589 1188; x_wconf 92' lang='lat'>,</span> <span class='ocrx_word' id='word_1_562' title='bbox 1632 1150 1694 1183; x_wconf 80' lang='lat' dir='ltr'>esse</span> <span class='ocrx_word' id='word_1_563' title='bbox 1723 1151 1848 1192; x_wconf 87' lang='lat' dir='ltr'>visum,</span> <span class='ocrx_word' id='word_1_564' title='bbox 1869 1152 2117 1199; x_wconf 67' lang='lat' dir='ltr'>ess&#39;eamatum,</span> <span class='ocrx_word' id='word_1_565' title='bbox 2138 1152 2202 1191; x_wconf 84' lang='lat' dir='ltr'>&amp;c‚</span> 
     </span>
     <span class='ocr_line' id='line_1_85' title="bbox 1338 1197 2203 1246; baseline 0.007 -16"><span class='ocrx_word' id='word_1_566' title='bbox 1338 1197 1389 1230; x_wconf 90' lang='lat' dir='ltr'>De</span> <span class='ocrx_word' id='word_1_567' title='bbox 1415 1198 1622 1239; x_wconf 85' lang='lat' dir='ltr'>univocatis,</span> <span class='ocrx_word' id='word_1_568' title='bbox 1647 1201 1877 1244; x_wconf 87' lang='lat' dir='ltr'>aequivocatis,</span> <span class='ocrx_word' id='word_1_569' title='bbox 1905 1202 1939 1236; x_wconf 74' lang='grc' dir='ltr'>ἀ</span> <span class='ocrx_word' id='word_1_570' title='bbox 1961 1201 2144 1246; x_wconf 80' lang='lat' dir='ltr'>analogatis</span> <span class='ocrx_word' id='word_1_571' title='bbox 2166 1213 2203 1236; x_wconf 80' lang='lat' dir='ltr'>a·</span> 
     </span>
     <span class='ocr_line' id='line_1_86' title="bbox 1336 1246 2203 1293; baseline 0.007 -14"><span class='ocrx_word' id='word_1_572' title='bbox 1336 1246 1424 1290; x_wconf 85' lang='lat' dir='ltr'>gitur</span> <span class='ocrx_word' id='word_1_573' title='bbox 1445 1249 1477 1280; x_wconf 89' lang='lat' dir='ltr'>in</span> <span class='ocrx_word' id='word_1_574' title='bbox 1495 1248 1864 1292; x_wconf 85' lang='lat' dir='ltr'>Antepraedicamentis‚</span> <span class='ocrx_word' id='word_1_575' title='bbox 1858 1263 1867 1271; x_wconf 94' lang='lat'><strong>·</strong></span> <span class='ocrx_word' id='word_1_576' title='bbox 1886 1251 1928 1284; x_wconf 86' lang='lat' dir='ltr'>de</span> <span class='ocrx_word' id='word_1_577' title='bbox 1938 1251 2203 1293; x_wconf 77' lang='lat' dir='ltr'>univocantibus,</span> 
     </span>
     <span class='ocr_line' id='line_1_87' title="bbox 1334 1297 2203 1345; baseline 0.009 -18"><span class='ocrx_word' id='word_1_578' title='bbox 1334 1297 1647 1340; x_wconf 81' lang='lat' dir='ltr'>aequivocantibus‚</span> <span class='ocrx_word' id='word_1_579' title='bbox 1669 1300 1703 1334; x_wconf 78' lang='grc' dir='ltr'>δε</span> <span class='ocrx_word' id='word_1_580' title='bbox 1727 1300 1981 1345; x_wconf 82' lang='lat' dir='ltr'>analogantibus</span> <span class='ocrx_word' id='word_1_581' title='bbox 2002 1299 2111 1345; x_wconf 77' lang='lat' dir='ltr'>agitur</span> <span class='ocrx_word' id='word_1_582' title='bbox 2130 1299 2203 1335; x_wconf 84' lang='lat' dir='ltr'>hic.</span> 
     </span>
     <span class='ocr_line' id='line_1_88' title="bbox 1340 1345 2205 1395; baseline 0.008 -17"><span class='ocrx_word' id='word_1_583' title='bbox 1340 1345 1399 1379; x_wconf 85' lang='lat' dir='ltr'>Per</span> <span class='ocrx_word' id='word_1_584' title='bbox 1411 1347 1617 1382; x_wconf 75' lang='lat' dir='ltr'>occasionem</span> <span class='ocrx_word' id='word_1_585' title='bbox 1629 1361 1738 1384; x_wconf 80' lang='lat' dir='ltr'>tamen</span> <span class='ocrx_word' id='word_1_586' title='bbox 1749 1353 1846 1385; x_wconf 85' lang='lat' dir='ltr'>etiam</span> <span class='ocrx_word' id='word_1_587' title='bbox 1856 1360 1989 1395; x_wconf 81' lang='lat' dir='ltr'>agemus</span> <span class='ocrx_word' id='word_1_588' title='bbox 2000 1350 2041 1392; x_wconf 73' lang='lat' dir='ltr'>de</span> <span class='ocrx_word' id='word_1_589' title='bbox 2050 1351 2205 1385; x_wconf 86' lang='lat' dir='ltr'>univoca·</span> 
     </span>
     <span class='ocr_line' id='line_1_89' title="bbox 1341 1393 2203 1457; baseline 0.007 -28"><span class='ocrx_word' id='word_1_590' title='bbox 1341 1397 1395 1437; x_wconf 87' lang='lat' dir='ltr'>tis,</span> <span class='ocrx_word' id='word_1_591' title='bbox 1407 1398 1630 1442; x_wconf 63' lang='lat' dir='ltr'>aequivocam,</span> <span class='ocrx_word' id='word_1_592' title='bbox 1642 1400 1881 1457; x_wconf 57' lang='lat' dir='ltr'>&amp;analogum</span> <span class='ocrx_word' id='word_1_593' title='bbox 1893 1393 2203 1439; x_wconf 71' lang='lat' dir='ltr'>suntenlminterse</span> 
     </span>
     <span class='ocr_line' id='line_1_90' title="bbox 1335 1449 2202 1495; baseline 0.006 -16"><span class='ocrx_word' id='word_1_594' title='bbox 1335 1450 1532 1486; x_wconf 85' lang='lat' dir='ltr'>connexa,&amp;</span> <span class='ocrx_word' id='word_1_595' title='bbox 1543 1459 1646 1483; x_wconf 87' lang='lat' dir='ltr'>unum</span> <span class='ocrx_word' id='word_1_596' title='bbox 1661 1449 1772 1485; x_wconf 87' lang='lat' dir='ltr'>ducit</span> <span class='ocrx_word' id='word_1_597' title='bbox 1764 1463 1797 1484; x_wconf 83' lang='lat' dir='ltr'>in</span> <span class='ocrx_word' id='word_1_598' title='bbox 1810 1451 2039 1495; x_wconf 85' lang='lat' dir='ltr'>cognitionem</span> <span class='ocrx_word' id='word_1_599' title='bbox 2052 1450 2202 1485; x_wconf 81' lang='lat' dir='ltr'>alterius.</span> 
     </span>
    </p>

    <p class='ocr_par' dir='ltr' id='par_1_18' title="bbox 1332 1497 2210 2581">
     <span class='ocr_line' id='line_1_91' title="bbox 1388 1497 2204 1544; baseline 0.007 -16"><span class='ocrx_word' id='word_1_600' title='bbox 1388 1507 1441 1533; x_wconf 94' lang='lat'>11.</span> <span class='ocrx_word' id='word_1_601' title='bbox 1469 1498 1600 1531; x_wconf 71' lang='lat' dir='ltr'>Adverte</span> <span class='ocrx_word' id='word_1_602' title='bbox 1617 1497 1746 1542; x_wconf 64' lang='lat' dir='ltr'>secunda</span> <span class='ocrx_word' id='word_1_603' title='bbox 1760 1512 1767 1531; x_wconf 92' lang='lat'>:</span> <span class='ocrx_word' id='word_1_604' title='bbox 1798 1512 1845 1535; x_wconf 87' lang='lat' dir='ltr'>res</span> <span class='ocrx_word' id='word_1_605' title='bbox 1856 1501 1961 1544; x_wconf 87' lang='lat' dir='ltr'>plures</span> <span class='ocrx_word' id='word_1_606' title='bbox 1973 1524 1985 1540; x_wconf 92' lang='lat'>,</span> <span class='ocrx_word' id='word_1_607' title='bbox 1999 1511 2069 1544; x_wconf 81' lang='lat' dir='ltr'>quae</span> <span class='ocrx_word' id='word_1_608' title='bbox 2086 1499 2204 1544; x_wconf 76' lang='lat' dir='ltr'>signifi-</span> 
     </span>
     <span class='ocr_line' id='line_1_92' title="bbox 1342 1548 2206 1594; baseline 0.006 -15"><span class='ocrx_word' id='word_1_609' title='bbox 1342 1558 1459 1580; x_wconf 85' lang='lat' dir='ltr'>cantur</span> <span class='ocrx_word' id='word_1_610' title='bbox 1482 1558 1536 1591; x_wconf 83' lang='lat' dir='ltr'>per</span> <span class='ocrx_word' id='word_1_611' title='bbox 1547 1550 1683 1583; x_wconf 87' lang='lat' dir='ltr'>eandem</span> <span class='ocrx_word' id='word_1_612' title='bbox 1699 1560 1814 1587; x_wconf 81' lang='lat' dir='ltr'>vocem</span> <span class='ocrx_word' id='word_1_613' title='bbox 1829 1574 1840 1591; x_wconf 93' lang='lat'>‚</span> <span class='ocrx_word' id='word_1_614' title='bbox 1863 1551 1895 1584; x_wconf 89' lang='lat' dir='ltr'>in</span> <span class='ocrx_word' id='word_1_615' title='bbox 1910 1549 1999 1583; x_wconf 81' lang='lat' dir='ltr'>istius</span> <span class='ocrx_word' id='word_1_616' title='bbox 2010 1548 2101 1583; x_wconf 83' lang='lat' dir='ltr'>vocis</span> <span class='ocrx_word' id='word_1_617' title='bbox 2120 1550 2206 1594; x_wconf 86' lang='lat' dir='ltr'>prin-</span> 
     </span>
     <span class='ocr_line' id='line_1_93' title="bbox 1334 1596 2205 1644; baseline 0.005 -14"><span class='ocrx_word' id='word_1_618' title='bbox 1334 1596 1430 1639; x_wconf 84' lang='lat' dir='ltr'>cipali</span> <span class='ocrx_word' id='word_1_619' title='bbox 1445 1598 1628 1641; x_wconf 83' lang='lat' dir='ltr'>liguificato</span> <span class='ocrx_word' id='word_1_620' title='bbox 1653 1600 1748 1642; x_wconf 74' lang='lat' dir='ltr'>plane</span> <span class='ocrx_word' id='word_1_621' title='bbox 1759 1598 1954 1644; x_wconf 83' lang='lat' dir='ltr'>quandoque</span> <span class='ocrx_word' id='word_1_622' title='bbox 1964 1600 2141 1634; x_wconf 80' lang='lat' dir='ltr'>convenire</span> <span class='ocrx_word' id='word_1_623' title='bbox 2153 1625 2162 1638; x_wconf 83' lang='lat'>,</span> <span class='ocrx_word' id='word_1_624' title='bbox 2172 1610 2205 1634; x_wconf 72' lang='lat' dir='ltr'>a-</span> 
     </span>
     <span class='ocr_line' id='line_1_94' title="bbox 1335 1646 2205 1694; baseline 0.007 -16"><span class='ocrx_word' id='word_1_625' title='bbox 1335 1646 1494 1687; x_wconf 87' lang='lat' dir='ltr'>liquando</span> <span class='ocrx_word' id='word_1_626' title='bbox 1509 1647 1606 1689; x_wconf 87' lang='lat' dir='ltr'>plane</span> <span class='ocrx_word' id='word_1_627' title='bbox 1617 1649 1867 1690; x_wconf 69' lang='lat' dir='ltr'>disconvenire,</span> <span class='ocrx_word' id='word_1_628' title='bbox 1888 1650 2067 1694; x_wconf 84' lang='lat' dir='ltr'>aliquando</span> <span class='ocrx_word' id='word_1_629' title='bbox 2080 1650 2205 1693; x_wconf 84' lang='lat' dir='ltr'>partim</span> 
     </span>
     <span class='ocr_line' id='line_1_95' title="bbox 1333 1696 2206 1745; baseline 0.005 -15"><span class='ocrx_word' id='word_1_630' title='bbox 1333 1696 1510 1730; x_wconf 86' lang='lat' dir='ltr'>convenire</span> <span class='ocrx_word' id='word_1_631' title='bbox 1528 1719 1538 1736; x_wconf 92' lang='lat'>,</span> <span class='ocrx_word' id='word_1_632' title='bbox 1551 1700 1664 1742; x_wconf 81' lang='lat' dir='ltr'>partim</span> <span class='ocrx_word' id='word_1_633' title='bbox 1677 1700 1928 1741; x_wconf 70' lang='lat' dir='ltr'>disconvenire,</span> <span class='ocrx_word' id='word_1_634' title='bbox 1954 1711 1982 1734; x_wconf 89' lang='lat' dir='ltr'>v·</span> <span class='ocrx_word' id='word_1_635' title='bbox 1997 1711 2031 1745; x_wconf 90' lang='lat' dir='ltr'>g.</span> <span class='ocrx_word' id='word_1_636' title='bbox 2051 1698 2206 1734; x_wconf 80' lang='lat' dir='ltr'>Petrus&amp;</span> 
     </span>
     <span class='ocr_line' id='line_1_96' title="bbox 1333 1745 2208 1790; baseline 0.006 -11"><span class='ocrx_word' id='word_1_637' title='bbox 1333 1745 1455 1780; x_wconf 86' lang='lat' dir='ltr'>Paulus</span> <span class='ocrx_word' id='word_1_638' title='bbox 1466 1756 1521 1789; x_wconf 85' lang='lat' dir='ltr'>per</span> <span class='ocrx_word' id='word_1_639' title='bbox 1534 1747 1669 1782; x_wconf 84' lang='lat' dir='ltr'>eandem</span> <span class='ocrx_word' id='word_1_640' title='bbox 1684 1760 1798 1784; x_wconf 87' lang='lat' dir='ltr'>vocem</span> <span class='ocrx_word' id='word_1_641' title='bbox 1815 1749 1939 1790; x_wconf 87' lang='lat' dir='ltr'>homo,</span> <span class='ocrx_word' id='word_1_642' title='bbox 1962 1749 2067 1784; x_wconf 88' lang='lat' dir='ltr'>homo</span> <span class='ocrx_word' id='word_1_643' title='bbox 2078 1751 2113 1785; x_wconf 76' lang='grc' dir='ltr'>ἀ</span> <span class='ocrx_word' id='word_1_644' title='bbox 2134 1751 2208 1784; x_wconf 88' lang='lat' dir='ltr'>bru·</span> 
     </span>
     <span class='ocr_line' id='line_1_97' title="bbox 1333 1797 2207 1844; baseline 0.007 -16"><span class='ocrx_word' id='word_1_645' title='bbox 1333 1805 1403 1829; x_wconf 87' lang='lat' dir='ltr'>tum</span> <span class='ocrx_word' id='word_1_646' title='bbox 1413 1806 1468 1839; x_wconf 85' lang='lat' dir='ltr'>per</span> <span class='ocrx_word' id='word_1_647' title='bbox 1478 1797 1616 1831; x_wconf 87' lang='lat' dir='ltr'>eandem</span> <span class='ocrx_word' id='word_1_648' title='bbox 1634 1809 1748 1833; x_wconf 87' lang='lat' dir='ltr'>vocem</span> <span class='ocrx_word' id='word_1_649' title='bbox 1763 1799 2108 1844; x_wconf 74' lang='lat' dir='ltr'>antmaelfignificantur</span> <span class='ocrx_word' id='word_1_650' title='bbox 2130 1823 2143 1840; x_wconf 93' lang='lat'>,</span> <span class='ocrx_word' id='word_1_651' title='bbox 2170 1800 2207 1834; x_wconf 81' lang='lat' dir='ltr'>in</span> 
     </span>
     <span class='ocr_line' id='line_1_98' title="bbox 1332 1843 2207 1906; baseline 0.005 -28"><span class='ocrx_word' id='word_1_652' title='bbox 1332 1843 1424 1888; x_wconf 86' lang='lat' dir='ltr'>cujus</span> <span class='ocrx_word' id='word_1_653' title='bbox 1434 1845 1605 1902; x_wconf 80' lang='lat' dir='ltr'>principali</span> <span class='ocrx_word' id='word_1_654' title='bbox 1619 1848 1800 1906; x_wconf 73' lang='lat' dir='ltr'>fignificato</span> <span class='ocrx_word' id='word_1_655' title='bbox 1811 1850 1908 1892; x_wconf 84' lang='lat' dir='ltr'>plane</span> <span class='ocrx_word' id='word_1_656' title='bbox 1920 1849 2143 1884; x_wconf 78' lang='lat' dir='ltr'>conveniunt.</span> <span class='ocrx_word' id='word_1_657' title='bbox 2156 1847 2207 1883; x_wconf 86' lang='lat' dir='ltr'>At</span> 
     </span>
     <span class='ocr_line' id='line_1_99' title="bbox 1333 1896 2205 1943; baseline 0.005 -14"><span class='ocrx_word' id='word_1_658' title='bbox 1333 1897 1411 1930; x_wconf 79' lang='lat' dir='ltr'>vero</span> <span class='ocrx_word' id='word_1_659' title='bbox 1422 1896 1514 1931; x_wconf 87' lang='lat' dir='ltr'>canis</span> <span class='ocrx_word' id='word_1_660' title='bbox 1525 1897 1698 1933; x_wconf 78' lang='lat' dir='ltr'>caelestis&amp;</span> <span class='ocrx_word' id='word_1_661' title='bbox 1710 1901 1799 1932; x_wconf 86' lang='lat' dir='ltr'>canis</span> <span class='ocrx_word' id='word_1_662' title='bbox 1813 1898 1965 1932; x_wconf 80' lang='lat' dir='ltr'>terrestris</span> <span class='ocrx_word' id='word_1_663' title='bbox 1986 1909 2042 1943; x_wconf 78' lang='lat' dir='ltr'>per</span> <span class='ocrx_word' id='word_1_664' title='bbox 2063 1898 2205 1933; x_wconf 82' lang='lat' dir='ltr'>eandem</span> 
     </span>
     <span class='ocr_line' id='line_1_100' title="bbox 1326 1944 2207 1990; baseline 0.006 -13.046"><span class='ocrx_word' id='word_1_665' title='bbox 1326 1955 1448 1979; x_wconf 87' lang='lat' dir='ltr'>-vocem</span> <span class='ocrx_word' id='word_1_666' title='bbox 1458 1951 1564 1985; x_wconf 70' lang='lat' dir='ltr'>canis,</span> <span class='ocrx_word' id='word_1_667' title='bbox 1588 1947 1666 1981; x_wconf 83' lang='lat' dir='ltr'>item</span> <span class='ocrx_word' id='word_1_668' title='bbox 1692 1947 1795 1982; x_wconf 87' lang='lat' dir='ltr'>homo</span> <span class='ocrx_word' id='word_1_669' title='bbox 1817 1949 1853 1981; x_wconf 89' lang='lat' dir='ltr'>in</span> <span class='ocrx_word' id='word_1_670' title='bbox 1868 1944 1986 1981; x_wconf 87' lang='lat' dir='ltr'>Gallia</span> <span class='ocrx_word' id='word_1_671' title='bbox 2009 1957 2107 1982; x_wconf 81' lang='lat' dir='ltr'>natus</span> <span class='ocrx_word' id='word_1_672' title='bbox 2125 1973 2136 1990; x_wconf 88' lang='lat'>‚</span> <span class='ocrx_word' id='word_1_673' title='bbox 2170 1947 2207 1982; x_wconf 70' lang='lat' dir='ltr'>dc</span> 
     </span>
     <span class='ocr_line' id='line_1_101' title="bbox 1330 1992 2207 2053; baseline 0.008 -28.016"><span class='ocrx_word' id='word_1_674' title='bbox 1330 1992 1441 2038; x_wconf 61' lang='lat' dir='ltr'>‘gallus</span> <span class='ocrx_word' id='word_1_675' title='bbox 1456 1995 1666 2037; x_wconf 66' lang='lat' dir='ltr'>gallin-oeus</span> <span class='ocrx_word' id='word_1_676' title='bbox 1676 1998 1915 2053; x_wconf 42' lang='grc' dir='ltr'>..ῦςηὶᾶεαυιυτ</span> <span class='ocrx_word' id='word_1_677' title='bbox 1928 2007 1985 2042; x_wconf 84' lang='lat' dir='ltr'>per</span> <span class='ocrx_word' id='word_1_678' title='bbox 2005 1998 2141 2032; x_wconf 81' lang='lat' dir='ltr'>eandem</span> <span class='ocrx_word' id='word_1_679' title='bbox 2152 2006 2207 2032; x_wconf 78' lang='lat' dir='ltr'>vo.</span> 
     </span>
     <span class='ocr_line' id='line_1_102' title="bbox 1333 2043 2208 2092; baseline 0.009 -17"><span class='ocrx_word' id='word_1_680' title='bbox 1333 2053 1404 2076; x_wconf 87' lang='lat' dir='ltr'>cem</span> <span class='ocrx_word' id='word_1_681' title='bbox 1426 2043 1556 2091; x_wconf 71' lang='lat' dir='ltr'>gallus-.-</span> <span class='ocrx_word' id='word_1_682' title='bbox 1577 2045 1724 2090; x_wconf 67' lang='lat' dir='ltr'>inreujus</span> <span class='ocrx_word' id='word_1_683' title='bbox 1745 2044 1915 2090; x_wconf 85' lang='lat' dir='ltr'>principali</span> <span class='ocrx_word' id='word_1_684' title='bbox 1927 2043 2119 2088; x_wconf 65' lang='lat' dir='ltr'>significato</span> <span class='ocrx_word' id='word_1_685' title='bbox 2141 2047 2208 2092; x_wconf 68' lang='lat' dir='ltr'>pla-</span> 
     </span>
     <span class='ocr_line' id='line_1_103' title="bbox 1333 2092 2208 2129; baseline 0.007 -6"><span class='ocrx_word' id='word_1_686' title='bbox 1333 2102 1375 2124; x_wconf 83' lang='lat' dir='ltr'>ne</span> <span class='ocrx_word' id='word_1_687' title='bbox 1397 2092 1685 2125; x_wconf 66' lang='lat' dir='ltr'>disconveniunt·</span> <span class='ocrx_word' id='word_1_688' title='bbox 1687 2096 1825 2127; x_wconf 68' lang='lat' dir='ltr'>Homo</span> <span class='ocrx_word' id='word_1_689' title='bbox 1846 2103 1954 2127; x_wconf 87' lang='lat' dir='ltr'>autem</span> <span class='ocrx_word' id='word_1_690' title='bbox 1979 2092 2074 2128; x_wconf 81' lang='lat' dir='ltr'>vivus</span> <span class='ocrx_word' id='word_1_691' title='bbox 2095 2095 2130 2128; x_wconf 76' lang='grc' dir='ltr'>δε</span> <span class='ocrx_word' id='word_1_692' title='bbox 2151 2097 2208 2129; x_wconf 81' lang='lat' dir='ltr'>ho-</span> 
     </span>
     <span class='ocr_line' id='line_1_104' title="bbox 1333 2141 2210 2183; baseline 0.008 -11"><span class='ocrx_word' id='word_1_693' title='bbox 1333 2149 1389 2173; x_wconf 87' lang='lat' dir='ltr'>mo</span> <span class='ocrx_word' id='word_1_694' title='bbox 1408 2141 1509 2183; x_wconf 69' lang='lat' dir='ltr'>pistus</span> <span class='ocrx_word' id='word_1_695' title='bbox 1531 2150 1586 2183; x_wconf 83' lang='lat' dir='ltr'>per</span> <span class='ocrx_word' id='word_1_696' title='bbox 1606 2141 1745 2175; x_wconf 86' lang='lat' dir='ltr'>eandem</span> <span class='ocrx_word' id='word_1_697' title='bbox 1769 2153 1884 2176; x_wconf 88' lang='lat' dir='ltr'>vocem</span> <span class='ocrx_word' id='word_1_698' title='bbox 1907 2141 2009 2183; x_wconf 86' lang='lat' dir='ltr'>bomo,</span> <span class='ocrx_word' id='word_1_699' title='bbox 2033 2143 2112 2177; x_wconf 86' lang='lat' dir='ltr'>item</span> <span class='ocrx_word' id='word_1_700' title='bbox 2139 2145 2210 2179; x_wconf 86' lang='lat' dir='ltr'>ani·</span> 
     </span>
     <span class='ocr_line' id='line_1_105' title="bbox 1332 2188 2208 2237; baseline 0.006 -13"><span class='ocrx_word' id='word_1_701' title='bbox 1332 2188 1420 2230; x_wconf 84' lang='lat' dir='ltr'>mal,</span> <span class='ocrx_word' id='word_1_702' title='bbox 1438 2189 1623 2231; x_wconf 86' lang='lat' dir='ltr'>medicina,</span> <span class='ocrx_word' id='word_1_703' title='bbox 1640 2191 1675 2225; x_wconf 84' lang='lat'>&amp;</span> <span class='ocrx_word' id='word_1_704' title='bbox 1699 2192 1793 2227; x_wconf 67' lang='lat' dir='ltr'>urina</span> <span class='ocrx_word' id='word_1_705' title='bbox 1814 2191 2039 2237; x_wconf 81' lang='lat' dir='ltr'>fignificantur</span> <span class='ocrx_word' id='word_1_706' title='bbox 2057 2204 2113 2237; x_wconf 83' lang='lat' dir='ltr'>per</span> <span class='ocrx_word' id='word_1_707' title='bbox 2133 2204 2208 2229; x_wconf 82' lang='lat' dir='ltr'>ean-</span> 
     </span>
     <span class='ocr_line' id='line_1_106' title="bbox 1332 2214 2208 2287; baseline 0.006 -15"><span class='ocrx_word' id='word_1_708' title='bbox 1332 2239 1407 2273; x_wconf 84' lang='lat' dir='ltr'>dem</span> <span class='ocrx_word' id='word_1_709' title='bbox 1434 2249 1548 2273; x_wconf 90' lang='lat' dir='ltr'>vocem</span> <span class='ocrx_word' id='word_1_710' title='bbox 1570 2214 1710 2283; x_wconf 59' lang='lat' dir='ltr'>fiii-am.</span> <span class='ocrx_word' id='word_1_711' title='bbox 1741 2242 1774 2274; x_wconf 88' lang='lat' dir='ltr'>in</span> <span class='ocrx_word' id='word_1_712' title='bbox 1798 2242 1886 2284; x_wconf 83' lang='lat' dir='ltr'>cujus</span> <span class='ocrx_word' id='word_1_713' title='bbox 1908 2242 2093 2285; x_wconf 71' lang='lat' dir='ltr'>significato</span> <span class='ocrx_word' id='word_1_714' title='bbox 2114 2245 2208 2287; x_wconf 79' lang='lat' dir='ltr'>prin·-</span> 
     </span>
     <span class='ocr_line' id='line_1_107' title="bbox 1332 2286 2209 2335; baseline 0.003 -12"><span class='ocrx_word' id='word_1_715' title='bbox 1332 2286 1433 2332; x_wconf 80' lang='lat' dir='ltr'>cipali</span> <span class='ocrx_word' id='word_1_716' title='bbox 1461 2288 1583 2335; x_wconf 78' lang='lat' dir='ltr'>partim</span> <span class='ocrx_word' id='word_1_717' title='bbox 1606 2292 1834 2331; x_wconf 84' lang='lat' dir='ltr'>conveniunt,</span> <span class='ocrx_word' id='word_1_718' title='bbox 1857 2291 1974 2333; x_wconf 82' lang='lat' dir='ltr'>partim</span> <span class='ocrx_word' id='word_1_719' title='bbox 1997 2291 2209 2326; x_wconf 84' lang='lat' dir='ltr'>disconveni-</span> 
     </span>
     <span class='ocr_line' id='line_1_108' title="bbox 1333 2338 2212 2387; baseline 0.006 -16"><span class='ocrx_word' id='word_1_720' title='bbox 1333 2346 1415 2372; x_wconf 89' lang='lat' dir='ltr'>unt</span> <span class='ocrx_word' id='word_1_721' title='bbox 1466 2338 1647 2383; x_wconf 64' lang='lat' dir='ltr'>Contingit</span> <span class='ocrx_word' id='word_1_722' title='bbox 1664 2339 1744 2384; x_wconf 77' lang='lat' dir='ltr'>ergo</span> <span class='ocrx_word' id='word_1_723' title='bbox 1764 2351 1811 2375; x_wconf 87' lang='lat' dir='ltr'>res</span> <span class='ocrx_word' id='word_1_724' title='bbox 1832 2341 1873 2374; x_wconf 83' lang='lat' dir='ltr'>ab</span> <span class='ocrx_word' id='word_1_725' title='bbox 1886 2340 1998 2375; x_wconf 86' lang='lat' dir='ltr'>eadem</span> <span class='ocrx_word' id='word_1_726' title='bbox 2016 2351 2098 2376; x_wconf 85' lang='lat' dir='ltr'>voce</span> <span class='ocrx_word' id='word_1_727' title='bbox 2118 2342 2212 2387; x_wconf 83' lang='lat' dir='ltr'>figni-</span> 
     </span>
     <span class='ocr_line' id='line_1_109' title="bbox 1332 2387 2209 2435; baseline 0.006 -13"><span class='ocrx_word' id='word_1_728' title='bbox 1332 2388 1445 2422; x_wconf 75' lang='lat' dir='ltr'>ficatas</span> <span class='ocrx_word' id='word_1_729' title='bbox 1480 2388 1514 2422; x_wconf 89' lang='lat' dir='ltr'>in</span> <span class='ocrx_word' id='word_1_730' title='bbox 1549 2387 1642 2424; x_wconf 68' lang='lat' dir='ltr'>istius</span> <span class='ocrx_word' id='word_1_731' title='bbox 1669 2391 1760 2424; x_wconf 88' lang='lat' dir='ltr'>vocis</span> <span class='ocrx_word' id='word_1_732' title='bbox 1791 2391 1960 2435; x_wconf 85' lang='lat' dir='ltr'>principali</span> <span class='ocrx_word' id='word_1_733' title='bbox 1993 2391 2175 2435; x_wconf 75' lang='lat' dir='ltr'>fignificato</span> <span class='ocrx_word' id='word_1_734' title='bbox 2196 2417 2209 2432; x_wconf 88' lang='lat'>,</span> 
     </span>
     <span class='ocr_line' id='line_1_110' title="bbox 1333 2435 2210 2528; baseline 0.005 -56"><span class='ocrx_word' id='word_1_735' title='bbox 1333 2434 1652 2528; x_wconf 48' lang='lat' dir='ltr'>quandoquekglane</span> <span class='ocrx_word' id='word_1_736' title='bbox 1675 2442 1873 2481; x_wconf 88' lang='lat' dir='ltr'>convenire,</span> <span class='ocrx_word' id='word_1_737' title='bbox 1895 2440 2093 2484; x_wconf 82' lang='lat' dir='ltr'>quandoque</span> <span class='ocrx_word' id='word_1_738' title='bbox 2112 2442 2210 2486; x_wconf 82' lang='lat' dir='ltr'>plane</span> 
     </span>
     <span class='ocr_line' id='line_1_111' title="bbox 1333 2488 2209 2534; baseline 0.005 -12"><span class='ocrx_word' id='word_1_739' title='bbox 1333 2488 1524 2522; x_wconf 87' lang='lat' dir='ltr'>disconveni</span> <span class='ocrx_word' id='word_1_740' title='bbox 1636 2491 1838 2534; x_wconf 78' lang='lat' dir='ltr'>quandoque</span> <span class='ocrx_word' id='word_1_741' title='bbox 1862 2491 1978 2534; x_wconf 83' lang='lat' dir='ltr'>partim</span> <span class='ocrx_word' id='word_1_742' title='bbox 2005 2492 2209 2534; x_wconf 86' lang='lat' dir='ltr'>convenire,</span> 
     </span>
     <span class='ocr_line' id='line_1_112' title="bbox 1333 2538 1716 2581; baseline 0.005 -10"><span class='ocrx_word' id='word_1_743' title='bbox 1333 2538 1449 2581; x_wconf 83' lang='lat' dir='ltr'>partim</span> <span class='ocrx_word' id='word_1_744' title='bbox 1470 2538 1716 2573; x_wconf 83' lang='lat' dir='ltr'>disconvenire.</span> 
     </span>
    </p>

    <p class='ocr_par' dir='ltr' id='par_1_19' title="bbox 1335 2586 2211 3485">
     <span class='ocr_line' id='line_1_113' title="bbox 1372 2586 2209 2646; baseline 0.001 -23.017"><span class='ocrx_word' id='word_1_745' title='bbox 1372 2588 1440 2623; x_wconf 86' lang='lat'>12.</span> <span class='ocrx_word' id='word_1_746' title='bbox 1468 2586 1571 2620; x_wconf 82' lang='lat' dir='ltr'>Tune</span> <span class='ocrx_word' id='word_1_747' title='bbox 1586 2598 1634 2621; x_wconf 84' lang='lat' dir='ltr'>res</span> <span class='ocrx_word' id='word_1_748' title='bbox 1651 2589 1757 2646; x_wconf 80' lang='lat' dir='ltr'>plures</span> <span class='ocrx_word' id='word_1_749' title='bbox 1769 2600 1823 2634; x_wconf 85' lang='lat' dir='ltr'>per</span> <span class='ocrx_word' id='word_1_750' title='bbox 1833 2588 1969 2624; x_wconf 84' lang='lat' dir='ltr'>eandem</span> <span class='ocrx_word' id='word_1_751' title='bbox 1986 2598 2100 2624; x_wconf 88' lang='lat' dir='ltr'>vocem</span> <span class='ocrx_word' id='word_1_752' title='bbox 2112 2590 2209 2636; x_wconf 84' lang='lat' dir='ltr'>figni—</span> 
     </span>
     <span class='ocr_line' id='line_1_114' title="bbox 1335 2636 2204 2685; baseline 0.004 -14"><span class='ocrx_word' id='word_1_753' title='bbox 1335 2637 1437 2671; x_wconf 81' lang='lat' dir='ltr'>ficatae</span> <span class='ocrx_word' id='word_1_754' title='bbox 1459 2636 1494 2670; x_wconf 91' lang='lat' dir='ltr'>in</span> <span class='ocrx_word' id='word_1_755' title='bbox 1514 2636 1605 2672; x_wconf 81' lang='lat' dir='ltr'>istius</span> <span class='ocrx_word' id='word_1_756' title='bbox 1629 2639 1719 2673; x_wconf 84' lang='lat' dir='ltr'>vocis</span> <span class='ocrx_word' id='word_1_757' title='bbox 1745 2640 1918 2684; x_wconf 86' lang='lat' dir='ltr'>principali</span> <span class='ocrx_word' id='word_1_758' title='bbox 1945 2640 1967 2673; x_wconf 87' lang='lat' dir='ltr'>fi</span> <span class='ocrx_word' id='word_1_759' title='bbox 1995 2640 2128 2685; x_wconf 55' lang='lat' dir='ltr'>nificaeo</span> <span class='ocrx_word' id='word_1_760' title='bbox 2137 2642 2204 2684; x_wconf 80' lang='lat' dir='ltr'>pla</span> 
     </span>
     <span class='ocr_line' id='line_1_115' title="bbox 1336 2688 2209 2734; baseline 0.003 -13"><span class='ocrx_word' id='word_1_761' title='bbox 1336 2688 1376 2722; x_wconf 69' lang='lat' dir='ltr'>ne</span> <span class='ocrx_word' id='word_1_762' title='bbox 1401 2688 1628 2728; x_wconf 84' lang='lat' dir='ltr'>conveniunt,</span> <span class='ocrx_word' id='word_1_763' title='bbox 1648 2688 1783 2732; x_wconf 87' lang='lat' dir='ltr'>quando</span> <span class='ocrx_word' id='word_1_764' title='bbox 1806 2701 1892 2724; x_wconf 75' lang='lat' dir='ltr'>conv</span> <span class='ocrx_word' id='word_1_765' title='bbox 1997 2689 2055 2723; x_wconf 68' lang='lat' dir='ltr'>t&amp;</span> <span class='ocrx_word' id='word_1_766' title='bbox 2078 2689 2209 2734; x_wconf 63' lang='lat' dir='ltr'>inprin·</span> 
     </span>
     <span class='ocr_line' id='line_1_116' title="bbox 1335 2737 2210 2781; baseline 0.003 -9"><span class='ocrx_word' id='word_1_767' title='bbox 1335 2738 1434 2781; x_wconf 82' lang='lat' dir='ltr'>cipali</span> <span class='ocrx_word' id='word_1_768' title='bbox 1457 2737 1643 2781; x_wconf 85' lang='lat' dir='ltr'>fignificato</span> <span class='ocrx_word' id='word_1_769' title='bbox 1668 2738 1803 2778; x_wconf 87' lang='lat' dir='ltr'>habito,</span> <span class='ocrx_word' id='word_1_770' title='bbox 1825 2738 1889 2772; x_wconf 76' lang='lat'>&amp;⁶</span> <span class='ocrx_word' id='word_1_771' title='bbox 1880 2750 1915 2772; x_wconf 81' lang='lat' dir='ltr'>in</span> <span class='ocrx_word' id='word_1_772' title='bbox 1940 2738 2043 2773; x_wconf 90' lang='lat' dir='ltr'>modo</span> <span class='ocrx_word' id='word_1_773' title='bbox 2067 2738 2210 2776; x_wconf 83' lang='lat' dir='ltr'>habendi</span> 
     </span>
     <span class='ocr_line' id='line_1_117' title="bbox 1337 2786 2210 2835; baseline 0.003 -14"><span class='ocrx_word' id='word_1_774' title='bbox 1337 2787 1420 2822; x_wconf 89' lang='lat' dir='ltr'>illud</span> <span class='ocrx_word' id='word_1_775' title='bbox 1435 2810 1443 2819; x_wconf 87' lang='lat'>.</span> <span class='ocrx_word' id='word_1_776' title='bbox 1469 2786 1573 2835; x_wconf 80' lang='lat' dir='ltr'>Qod</span> <span class='ocrx_word' id='word_1_777' title='bbox 1598 2786 1683 2821; x_wconf 86' lang='lat' dir='ltr'>nihil</span> <span class='ocrx_word' id='word_1_778' title='bbox 1704 2787 1751 2821; x_wconf 74' lang='lat' dir='ltr'>est</span> <span class='ocrx_word' id='word_1_779' title='bbox 1774 2788 1863 2822; x_wconf 86' lang='lat' dir='ltr'>aliud</span> <span class='ocrx_word' id='word_1_780' title='bbox 1886 2798 2009 2832; x_wconf 79' lang='lat' dir='ltr'>,quam</span> <span class='ocrx_word' id='word_1_781' title='bbox 2033 2789 2139 2832; x_wconf 77' lang='lat' dir='ltr'>plures</span> <span class='ocrx_word' id='word_1_782' title='bbox 2160 2801 2210 2825; x_wconf 77' lang='lat' dir='ltr'>res</span> 
     </span>
     <span class='ocr_line' id='line_1_118' title="bbox 1339 2836 2212 2884; baseline 0.003 -12"><span class='ocrx_word' id='word_1_783' title='bbox 1339 2838 1424 2872; x_wconf 90' lang='lat' dir='ltr'>idem</span> <span class='ocrx_word' id='word_1_784' title='bbox 1449 2836 1593 2879; x_wconf 83' lang='lat' dir='ltr'>ejusdem</span> <span class='ocrx_word' id='word_1_785' title='bbox 1615 2839 1705 2871; x_wconf 78' lang='lat' dir='ltr'>vocis</span> <span class='ocrx_word' id='word_1_786' title='bbox 1718 2837 1897 2882; x_wconf 81' lang='lat' dir='ltr'>principale</span> <span class='ocrx_word' id='word_1_787' title='bbox 1918 2838 2136 2884; x_wconf 64' lang='lat' dir='ltr'>fignificafflm</span> <span class='ocrx_word' id='word_1_788' title='bbox 2156 2839 2212 2875; x_wconf 70' lang='lat' dir='ltr'>b«-</span> 
     </span>
     <span class='ocr_line' id='line_1_119' title="bbox 1339 2886 2210 2934; baseline 0.002 -12"><span class='ocrx_word' id='word_1_789' title='bbox 1339 2888 1414 2922; x_wconf 85' lang='lat' dir='ltr'>bere</span> <span class='ocrx_word' id='word_1_790' title='bbox 1435 2887 1469 2920; x_wconf 89' lang='lat' dir='ltr'>in</span> <span class='ocrx_word' id='word_1_791' title='bbox 1491 2888 1523 2921; x_wconf 88' lang='lat' dir='ltr'>se</span> <span class='ocrx_word' id='word_1_792' title='bbox 1543 2886 1661 2934; x_wconf 64' lang='lat' dir='ltr'>eodeni</span> <span class='ocrx_word' id='word_1_793' title='bbox 1684 2887 1809 2927; x_wconf 88' lang='lat' dir='ltr'>modo,</span> <span class='ocrx_word' id='word_1_794' title='bbox 1831 2898 1859 2921; x_wconf 86' lang='lat' dir='ltr'>v.</span> <span class='ocrx_word' id='word_1_795' title='bbox 1875 2899 1906 2932; x_wconf 84' lang='lat' dir='ltr'>g.</span> <span class='ocrx_word' id='word_1_796' title='bbox 1916 2887 2076 2923; x_wconf 83' lang='lat' dir='ltr'>Petrus&amp;</span> <span class='ocrx_word' id='word_1_797' title='bbox 2087 2888 2210 2925; x_wconf 61' lang='lat' dir='ltr'>taulus</span> 
     </span>
     <span class='ocr_line' id='line_1_120' title="bbox 1339 2932 2209 2982; baseline 0.003 -12"><span class='ocrx_word' id='word_1_798' title='bbox 1339 2938 1435 2982; x_wconf 81' lang='lat' dir='ltr'>plane</span> <span class='ocrx_word' id='word_1_799' title='bbox 1453 2932 1671 2971; x_wconf 76' lang='lat' dir='ltr'>conveniunt</span> <span class='ocrx_word' id='word_1_800' title='bbox 1681 2937 1717 2973; x_wconf 67' lang='lat' dir='ltr'>ist</span> <span class='ocrx_word' id='word_1_801' title='bbox 1724 2937 1912 2982; x_wconf 64' lang='lat' dir='ltr'>significato</span> <span class='ocrx_word' id='word_1_802' title='bbox 1933 2934 2209 2982; x_wconf 72' lang='lat' dir='ltr'>principall&#39;vocis</span> 
     </span>
     <span class='ocr_line' id='line_1_121' title="bbox 1339 2987 2210 3033; baseline 0.002 -12"><span class='ocrx_word' id='word_1_803' title='bbox 1339 2987 1420 3021; x_wconf 82' lang='lat' dir='ltr'><em>bomo</em></span> <span class='ocrx_word' id='word_1_804' title='bbox 1435 3011 1446 3028; x_wconf 89' lang='lat'>,</span> <span class='ocrx_word' id='word_1_805' title='bbox 1466 2997 1520 3031; x_wconf 86' lang='lat' dir='ltr'>per</span> <span class='ocrx_word' id='word_1_806' title='bbox 1531 2998 1627 3031; x_wconf 85' lang='lat' dir='ltr'>quam</span> <span class='ocrx_word' id='word_1_807' title='bbox 1645 2987 1897 3033; x_wconf 67' lang='lat' dir='ltr'>figffificantura</span> <span class='ocrx_word' id='word_1_808' title='bbox 1913 2989 1989 3031; x_wconf 74' lang='lat' dir='ltr'>quia</span> <span class='ocrx_word' id='word_1_809' title='bbox 2009 2989 2210 3023; x_wconf 84' lang='lat' dir='ltr'>conveniunt</span> 
     </span>
     <span class='ocr_line' id='line_1_122' title="bbox 1339 3037 2209 3082; baseline -0.001 -8"><span class='ocrx_word' id='word_1_810' title='bbox 1339 3048 1408 3074; x_wconf 77' lang='lat' dir='ltr'>tam</span> <span class='ocrx_word' id='word_1_811' title='bbox 1421 3038 1456 3072; x_wconf 73' lang='lat' dir='ltr'>in</span> <span class='ocrx_word' id='word_1_812' title='bbox 1471 3037 1654 3082; x_wconf 73' lang='lat' dir='ltr'>principali</span> <span class='ocrx_word' id='word_1_813' title='bbox 1670 3037 1740 3082; x_wconf 66' lang='lat' dir='ltr'>eins</span> <span class='ocrx_word' id='word_1_814' title='bbox 1751 3037 1934 3082; x_wconf 73' lang='lat' dir='ltr'>significato</span> <span class='ocrx_word' id='word_1_815' title='bbox 1955 3037 2069 3072; x_wconf 85' lang='lat' dir='ltr'>habito</span> <span class='ocrx_word' id='word_1_816' title='bbox 2081 3062 2093 3078; x_wconf 83' lang='lat'>‚</span> <span class='ocrx_word' id='word_1_817' title='bbox 2110 3050 2209 3082; x_wconf 73' lang='lat' dir='ltr'>quam</span> 
     </span>
     <span class='ocr_line' id='line_1_123' title="bbox 1341 3086 2210 3125; baseline 0.001 -2"><span class='ocrx_word' id='word_1_818' title='bbox 1341 3090 1375 3123; x_wconf 92' lang='lat' dir='ltr'>in</span> <span class='ocrx_word' id='word_1_819' title='bbox 1403 3087 1508 3122; x_wconf 91' lang='lat' dir='ltr'>modo</span> <span class='ocrx_word' id='word_1_820' title='bbox 1534 3086 1681 3123; x_wconf 84' lang='lat' dir='ltr'>habendi</span> <span class='ocrx_word' id='word_1_821' title='bbox 1698 3088 1788 3125; x_wconf 78' lang='lat' dir='ltr'>‹illud</span> <span class='ocrx_word' id='word_1_822' title='bbox 1813 3099 1825 3120; x_wconf 76' lang='lat'>.-</span> <span class='ocrx_word' id='word_1_823' title='bbox 1859 3086 1980 3121; x_wconf 78' lang='lat' dir='ltr'>habent</span> <span class='ocrx_word' id='word_1_824' title='bbox 2006 3088 2094 3121; x_wconf 90' lang='lat' dir='ltr'>enim</span> <span class='ocrx_word' id='word_1_825' title='bbox 2123 3088 2210 3124; x_wconf 85' lang='lat' dir='ltr'>idem</span> 
     </span>
     <span class='ocr_line' id='line_1_124' title="bbox 1343 3137 2209 3181; baseline 0 -9"><span class='ocrx_word' id='word_1_826' title='bbox 1343 3140 1434 3173; x_wconf 85' lang='lat' dir='ltr'>istius</span> <span class='ocrx_word' id='word_1_827' title='bbox 1462 3139 1551 3172; x_wconf 77' lang='lat' dir='ltr'>vocis</span> <span class='ocrx_word' id='word_1_828' title='bbox 1576 3137 1718 3177; x_wconf 65' lang='lat' dir='ltr'>famule·</span> <span class='ocrx_word' id='word_1_829' title='bbox 1738 3137 1955 3181; x_wconf 77' lang='lat' dir='ltr'>significatum</span> <span class='ocrx_word' id='word_1_830' title='bbox 1982 3137 2016 3170; x_wconf 90' lang='lat' dir='ltr'>in</span> <span class='ocrx_word' id='word_1_831' title='bbox 2047 3139 2077 3172; x_wconf 90' lang='lat' dir='ltr'>se</span> <span class='ocrx_word' id='word_1_832' title='bbox 2094 3139 2209 3172; x_wconf 85' lang='lat' dir='ltr'>eodem</span> 
     </span>
     <span class='ocr_line' id='line_1_125' title="bbox 1344 3184 2211 3233; baseline 0 -11"><span class='ocrx_word' id='word_1_833' title='bbox 1344 3191 1447 3223; x_wconf 88' lang='lat' dir='ltr'>modo</span> <span class='ocrx_word' id='word_1_834' title='bbox 1462 3213 1469 3220; x_wconf 93' lang='lat'><em>.</em></span> <span class='ocrx_word' id='word_1_835' title='bbox 1498 3184 1691 3222; x_wconf 53' lang='lat' dir='ltr'>Nam‘istffis</span> <span class='ocrx_word' id='word_1_836' title='bbox 1715 3188 1805 3222; x_wconf 83' lang='lat' dir='ltr'>vocis</span> <span class='ocrx_word' id='word_1_837' title='bbox 1829 3187 1966 3221; x_wconf 90' lang='lat' dir='ltr'>formale</span> <span class='ocrx_word' id='word_1_838' title='bbox 1992 3188 2211 3233; x_wconf 73' lang='lat' dir='ltr'>significatum</span> 
     </span>
     <span class='ocr_line' id='line_1_126' title="bbox 1344 3237 2209 3287; baseline 0 -14"><span class='ocrx_word' id='word_1_839' title='bbox 1344 3239 1390 3273; x_wconf 88' lang='lat' dir='ltr'>est</span> <span class='ocrx_word' id='word_1_840' title='bbox 1416 3237 1617 3287; x_wconf 54' lang='lat' dir='ltr'>human*</span> <span class='ocrx_word' id='word_1_841' title='bbox 1625 3263 1636 3279; x_wconf 93' lang='lat'>,</span> <span class='ocrx_word' id='word_1_842' title='bbox 1673 3244 1742 3281; x_wconf 70' lang='lat' dir='ltr'>quiz</span> <span class='ocrx_word' id='word_1_843' title='bbox 1778 3237 1823 3272; x_wconf 89' lang='lat' dir='ltr'>est</span> <span class='ocrx_word' id='word_1_844' title='bbox 1850 3237 1885 3273; x_wconf 85' lang='lat' dir='ltr'>in</span> <span class='ocrx_word' id='word_1_845' title='bbox 1912 3237 2010 3272; x_wconf 86' lang='lat' dir='ltr'>Petro</span> <span class='ocrx_word' id='word_1_846' title='bbox 2046 3238 2078 3271; x_wconf 88' lang='lat'>&amp;</span> <span class='ocrx_word' id='word_1_847' title='bbox 2105 3237 2209 3273; x_wconf 81' lang='lat' dir='ltr'>Paulo</span> 
     </span>
     <span class='ocr_line' id='line_1_127' title="bbox 1670 3289 2210 3331; baseline -0.004 -8"><span class='ocrx_word' id='word_1_848' title='bbox 1670 3289 1715 3323; x_wconf 82' lang='lat' dir='ltr'>est</span> <span class='ocrx_word' id='word_1_849' title='bbox 1743 3289 1832 3323; x_wconf 88' lang='lat' dir='ltr'>enim</span> <span class='ocrx_word' id='word_1_850' title='bbox 1859 3289 1894 3322; x_wconf 92' lang='lat' dir='ltr'>in</span> <span class='ocrx_word' id='word_1_851' title='bbox 1933 3298 2069 3331; x_wconf 89' lang='lat' dir='ltr'>utroque</span> <span class='ocrx_word' id='word_1_852' title='bbox 2106 3289 2210 3322; x_wconf 79' lang='lat' dir='ltr'>effen·-</span> 
     </span>
     <span class='ocr_line' id='line_1_128' title="bbox 1347 3338 2210 3382; baseline 0.001 -10"><span class='ocrx_word' id='word_1_853' title='bbox 1347 3339 1465 3373; x_wconf 81' lang='lat' dir='ltr'>tialiter</span> <span class='ocrx_word' id='word_1_854' title='bbox 1501 3346 1543 3374; x_wconf 68' lang='lat' dir='ltr'>eo</span> <span class='ocrx_word' id='word_1_855' title='bbox 1578 3338 1678 3373; x_wconf 88' lang='lat' dir='ltr'>modo</span> <span class='ocrx_word' id='word_1_856' title='bbox 1705 3362 1717 3379; x_wconf 95' lang='lat'>,</span> <span class='ocrx_word' id='word_1_857' title='bbox 1761 3350 1830 3382; x_wconf 89' lang='lat' dir='ltr'>quo</span> <span class='ocrx_word' id='word_1_858' title='bbox 1879 3339 1997 3382; x_wconf 84' lang='lat' dir='ltr'>species</span> <span class='ocrx_word' id='word_1_859' title='bbox 2021 3339 2088 3371; x_wconf 87' lang='lat' dir='ltr'>esse</span> <span class='ocrx_word' id='word_1_860' title='bbox 2129 3340 2210 3373; x_wconf 82' lang='lat' dir='ltr'>folet</span> 
     </span>
     <span class='ocr_line' id='line_1_129' title="bbox 1351 3386 2209 3428; baseline -0.001 -5.999"><span class='ocrx_word' id='word_1_861' title='bbox 1351 3390 1384 3424; x_wconf 88' lang='lat' dir='ltr'>in</span> <span class='ocrx_word' id='word_1_862' title='bbox 1419 3389 1485 3423; x_wconf 67' lang='lat' dir='ltr'>suis</span> <span class='ocrx_word' id='word_1_863' title='bbox 1513 3388 1720 3423; x_wconf 86' lang='lat' dir='ltr'>individuis.</span> <span class='ocrx_word' id='word_1_864' title='bbox 1760 3389 1916 3424; x_wconf 86' lang='lat' dir='ltr'>Similiter</span> <span class='ocrx_word' id='word_1_865' title='bbox 1952 3386 2048 3422; x_wconf 86' lang='lat' dir='ltr'>Pater</span> <span class='ocrx_word' id='word_1_866' title='bbox 2074 3412 2086 3428; x_wconf 95' lang='lat'>‚</span> <span class='ocrx_word' id='word_1_867' title='bbox 2132 3388 2209 3422; x_wconf 88' lang='lat' dir='ltr'>Fili-</span> 
     </span>
     <span class='ocr_line' id='line_1_130' title="bbox 1350 3437 2206 3485; baseline -0.004 -10"><span class='ocrx_word' id='word_1_868' title='bbox 1350 3450 1419 3482; x_wconf 88' lang='lat' dir='ltr'>us,</span> <span class='ocrx_word' id='word_1_869' title='bbox 1446 3440 1479 3474; x_wconf 85' lang='lat'>&amp;</span> <span class='ocrx_word' id='word_1_870' title='bbox 1507 3439 1644 3484; x_wconf 72' lang='lat' dir='ltr'>Spiritus</span> <span class='ocrx_word' id='word_1_871' title='bbox 1669 3439 1801 3475; x_wconf 69' lang='lat' dir='ltr'>Sanstus</span> <span class='ocrx_word' id='word_1_872' title='bbox 1828 3437 1921 3485; x_wconf 69' lang='lat' dir='ltr'>plane</span> <span class='ocrx_word' id='word_1_873' title='bbox 1945 3437 2147 3473; x_wconf 78' lang='lat' dir='ltr'>conveniunt</span> <span class='ocrx_word' id='word_1_874' title='bbox 2172 3439 2206 3472; x_wconf 89' lang='lat' dir='ltr'>in</span> 
     </span>
    </p>

    <p class='ocr_par' dir='ltr' id='par_1_20' title="bbox 2078 3489 2167 3533">
     <span class='ocr_line' id='line_1_131' title="bbox 2078 3489 2167 3533; baseline 0 -11"><span class='ocrx_word' id='word_1_875' title='bbox 2078 3489 2167 3533; x_wconf 78' lang='lat' dir='ltr'>prin-</span> 
     </span>
    </p>
   </div>
  </div>
 </body>
</html>
