2384 3770
805 131 1142 178 *Sancti
1193 130 1674 174 Auousrxmx.

1975 141 2029 181 33

252 225 328 259 banc
341 221 538 265 profeffionem
555 218 712 263 servitutis
734 220 792 252 Dei
814 240 825 257 ,
849 217 883 250 (5
903 226 940 248 ex
962 214 1144 247 conditione?
1181 210 1358 244 &moniales
1373 210 1534 242 concolonas
1541 209 1612 252 suas
1624 211 1763 251 defiindo
1771 209 1974 245 catholicorum
1986 209 2072 241 Chri-

248 274 372 319 servili,
398 273 450 305 vel
456 276 547 305 etiam
557 270 680 308 liberti,
705 269 756 301 vel
765 272 884 309 propter
894 264 945 296 hoc
957 266 976 297 ἆ
991 266 1125 296 Dominis

252 324 375 359 liberati
389 321 453 364 five
476 319 641 358 liberandi,
670 319 750 353 &ex
762 320 831 348 vita
843 314 1014 355 rusticana,
1043 314 1126 347 &ex

253 374 384 416 opificum
395 376 601 406 exercitatione
620 366 767 409 &plebeio
776 364 876 398 labore
888 388 898 403 ‚
924 372 1011 399 tanto
1028 368 1130 405 utique

247 423 366 468 felicius
381 447 392 463 ‚
419 429 530 464 quanto
543 417 658 460 fortius
680 417 815 449 educati:
846 413 945 460 ,Qul'fi
955 424 1011 447 non
1021 414 1132 447 admit-

252 484 380 512 tantur,
401 476 657 519 gravepeccatum
669 465 725 504 esi.
754 466 938 501 Attendant
961 463 1051 503 haec,
1076 463 1132 506 qui

253 535 322 558 non
345 523 402 556 nist
420 519 537 554 divites
558 528 596 553 ac
608 515 734 549 nobiles
757 515 951 549 statuuntiri
966 513 1137 547 admissos.

253 575 342 607 Multi
359 575 435 604 enim
451 580 489 602 ex
510 579 541 600 eo
562 577 679 601 numero
710 566 781 599 veri
808 570 911 608 magni
940 566 973 600 (tt
994 564 1136 597 imitandi

253 624 439 663 exstiterunt.
469 622 554 652 Nam
576 625 734 658 propterea
758 617 793 651 (9⁹
815 614 937 657 infirma
955 615 1059 646 mundi
1078 614 1137 646 ele-

249 680 296 719 git
319 675 399 705 Deus
415 693 425 709 ‚
450 678 483 701 ut
503 666 696 709 confunderet
715 666 813 710 fortia
831 677 844 707 ;
872 666 905 698 ὀ·
923 665 1014 704 stulta
1036 663 1138 696 mundi

254 723 360 767 elegit,
385 729 418 753 ut
428 717 619 759 confunderet
638 721 812 759 sapientes.-
838 716 872 751 Θ·
892 715 1033 758 ignobilia
1055 724 1138 746 mun·

254 773 309 811 di,
335 771 439 809 Θεα,
468 779 534 810 quae
557 779 614 800 non
638 766 727 809 sunt,
754 772 910 807 tamquam
929 763 1012 806 fint,
1039 771 1071 796 ut
1083 774 1140 803 ea,

254 833 321 864 quae
336 819 409 863 sunt
422 844 433 859 ‚
459 828 636 851 evacuentur
658 842 667 856 ,
692 823 722 847 ut
743 826 800 846 non
816 818 958 858 glorietur
976 819 1070 846 omnis
1093 823 1140 844 ca-

254 883 286 904 ro
305 882 402 904 coram
435 871 497 901 Deo
517 891 525 898 .
554 872 625 900 Haec
647 873 749 907 itaque
764 870 820 906 pia
841 866 875 898 Θ
893 863 1001 907 sanc¹7a
1038 868 1141 905 cogita-

254 927 296 954 tio
313 921 416 967 facit,
444 928 476 950 ut
497 923 589 950 etiam
610 917 686 951 tales
707 916 931 954 admittantur,
958 918 1010 955 qui
1034 914 1144 946 nullum

255 969 327 1011 affer
370 978 382 1000 t
404 977 529 1003 mutatae
549 972 583 999 in
604 967 709 998 melius
731 970 807 999 vitae
819 965 1027 996 documentum
1043 987 1050 994 .
1079 967 1141 994 Ne·

256 1031 312 1063 que
328 980 411 1053 πίνη
432 1026 556 1059 apparet
579 1041 589 1056 ‚
624 1026 723 1048 utrum
758 1027 796 1047 ex
816 1013 957 1056 propofito
980 1011 1142 1055 servitutis

259 1073 316 1104 Dei
351 1060 471 1103 'enerint
491 1080 500 1110 ;
529 1078 568 1099 an
592 1072 690 1100 vitam
711 1071 827 1106 inopem
849 1066 883 1099 (9
905 1062 1078 1105 laboriosam
1092 1061 1144 1102 fu-

252 1082 370 1164 gienZs
393 1144 403 1158 ‚
433 1123 529 1151 vacui
548 1115 631 1159 pasci·
664 1125 752 1158 atque
778 1113 878 1154 vestiri
905 1116 1052 1146 voluerint
1075 1134 1085 1150 ,
1112 1114 1145 1147 <5

259 1168 374 1211 insuper
392 1169 527 1201 honorari
546 1166 584 1199 ab
604 1173 645 1201 eis
668 1191 678 1205 ‚
709 1168 729 1198 a
750 1165 855 1206 quibus
888 1170 1032 1196 contemni
1054 1171 1146 1197 conte-

258 1226 340 1261 rique
373 1216 587 1260 consueverant
607 1240 614 1247 .
642 1216 684 1248 Et
706 1213 811 1248 rursus
833 1215 867 1248 in
888 1215 1004 1247 eodem
1028 1224 1145 1254 opere.

259 1271 324 1311 ‚Qui
341 1276 454 1308 praeter
475 1265 558 1303 istam
575 1264 717 1307 sanHam
741 1262 907 1306 ficietatem
930 1270 1031 1296 vitam
1051 1261 1147 1295 labore

256 1323 384 1358 corporis
419 1313 620 1359 tranfigebant
649 1337 659 1352 ,
697 1325 734 1346 ex
758 1324 880 1354 quorum
910 1324 1029 1346 numero
1046 1314 1147 1352 plures

256 1369 300 1400 ad
321 1365 491 1404 monasteria
521 1369 646 1397 veniunt
669 1387 678 1403 ,
710 1368 782 1404 quia
814 1366 847 1396 (θ’
870 1367 902 1393 in
932 1361 992 1403 ipso
1022 1361 1151 1394 humano

252 1428 360 1462 genere
380 1415 482 1458 plures
501 1416 575 1457 sunt
600 1437 610 1452 ‚
637 1412 665 1454 fi
686 1414 787 1446 nolunt
810 1419 930 1454 operari
952 1435 963 1451 ‚
990 1422 1046 1443 non
1067 1423 1148 1443 man-

257 1469 391 1499 ducent.
430 1466 473 1497 Et
504 1466 536 1497 in
560 1464 694 1497 tractatu
722 1462 761 1496 ad
786 1462 943 1505 populum
969 1471 979 1501 ς
1006 1472 1082 1494 cum
1104 1459 1147 1496 di-

257 1516 351 1550 xiffet
379 1513 443 1548 hoc
464 1513 613 1548 saeculum
635 1514 698 1546 esse
730 1513 813 1554 quasi
837 1523 924 1545 mare
947 1537 956 1553 ,
994 1510 1149 1544 monaste·

256 1566 303 1599 ria
323 1565 386 1598 esse
408 1563 493 1607 quast
517 1573 652 1607 portus,
678 1562 803 1596 clausos
827 1562 980 1605 quidem,
1007 1571 1149 1594 attamen

257 1626 387 1659 propter
410 1612 546 1648 subinde
567 1613 724 1646 irruentes
749 1623 864 1646 ventos
886 1610 927 1645 ab
950 1612 1042 1645 omni
1075 1622 1153 1644 nau·

89 1238 169 1283 Cap,
185 1246 239 1285 25.

257 1665 355 1710 fragii
387 1675 423 1698 ac
447 1663 626 1698 collifionis
659 1662 801 1705 periculo
834 1672 1040 1705 nequaquam
1070 1662 1152 1695 secu-

257 1726 331 1755 ros,
359 1714 398 1747 fic
422 1714 545 1759 pergit:
566 1714 654 1756 Quid
673 1713 805 1746 didurus
829 1711 865 1751 est
889 1710 961 1744 mibi
984 1735 994 1750 ‚
1019 1709 1151 1753 quisquis

257 1765 368 1799 talibus
397 1765 465 1798 locis
480 1764 566 1806 forti?
593 1763 699 1805 praeest
723 1787 733 1801 ‚
769 1765 858 1794 immo
886 1760 983 1804 fiervit
997 1761 1152 1803 fratribus

254 1820 292 1849 in
315 1814 363 1847 bis
387 1838 396 1853 ‚
423 1825 488 1856 quae
513 1813 685 1854 monasteria
705 1813 843 1845 dicuntur
865 1813 877 1845 ,²
909 1812 998 1854 ,Quid
1018 1811 1153 1845 dic‘lurus

256 1864 293 1905 est
307 1865 323 1896 ?
349 1867 466 1898 Cautus
489 1875 538 1897 ero
561 1886 572 1902 ,
603 1864 719 1896 nullum
743 1864 853 1896 malum
874 1863 1055 1894 admittam.
1077 1863 1154 1894 Cum

253 1920 362 1957 paucis
384 1914 466 1946 bonis
491 1911 565 1946 mihi
583 1913 656 1946 bene
680 1919 738 1946 erit
764 1937 771 1946 .
800 1912 854 1945 Ubi
875 1910 1017 1956 cognoscis
1037 1935 1047 1950 ‚
1071 1922 1154 1952 quem

247 1964 335 2004 fort&
358 1970 408 1995 vis
433 1964 585 1997 excludere
607 1964 620 1995 ἓ
644 1966 683 1996 Ut
706 1960 894 2004 cognoscatur
915 1962 1011 1992 malus
1039 1983 1049 1999 ‚
1072 1967 1153 1992 intus

252 2012 427 2052 probandus
460 2011 497 2050 est
530 2033 539 2041 .
569 2010 680 2043 Multa
706 2009 788 2043 dicit
819 2009 859 2043 de
882 2009 944 2042 isso
976 2018 1152 2051 argumen-

257 2071 310 2094 to.

307 2107 414 2141 Unde
437 2106 535 2140 etiam
558 2105 738 2148 Augustini
775 2103 972 2137 monasteria
1004 2113 1071 2135 non
1103 2116 1151 2137 ca-

255 2167 390 2192 ruerunt
413 2154 661 2190 confufionibus
682 2177 693 2193 ,
734 2151 891 2187 scandalis
913 2176 923 2191 ‚
965 2151 1097 2195 aliisque
1120 2152 1152 2187 id

254 2217 359 2252 genus
380 2205 474 2241 malis
495 2229 504 2238 .
543 2205 595 2238 Ex
616 2204 684 2247 ejus
709 2202 906 2237 monasterio
927 2202 1049 2245 prodiit
1072 2203 1151 2238 infe.

83 2254 144 2300 Ep.
156 2254 236 2294 261-
254 2257 301 2291 lix
323 2257 380 2290 iste
400 2255 634 2290 Fuffalenfium
649 2253 830 2296 Episcopus
855 2253 1025 2286 Antonius
1054 2274 1065 2290 ,
1098 2264 1149 2287 cu·

255 2308 307 2350 jus
327 2305 510 2340 scandalosa
538 2304 604 2337 vita
638 2303 729 2346 pium
757 2303 886 2336 Patrem
920 2302 965 2335 ita
1007 2301 1150 2343 afflixit,

256 2366 294 2388 ut
317 2355 358 2389 de
377 2351 575 2397 deponendo
596 2353 795 2395 Episcopatu
816 2362 854 2385 ac
875 2350 1070 2395 effugiendis
1092 2351 1147 2386 ho-

255 2405 384 2439 minum
412 2403 518 2438 oculis
552 2403 705 2447 cogitarit
733 2412 801 2435 non
840 2412 894 2444 per
923 2401 1148 2435 transennam.

255 2454 310 2488 Ex
329 2452 397 2496 ejus
408 2451 606 2486 monasterio
628 2451 747 2494 prodiit
769 2450 937 2493 Troianus
959 2450 1015 2484 ille
1034 2462 1148 2494 porcus

255 2502 365 2548 potius
385 2513 487 2545 quam
511 2500 689 2545 Episcopus
716 2500 854 2541 Paulus,
882 2500 935 2534 cui
958 2500 999 2534 de
1019 2501 1148 2544 Episco-

256 2553 319 2596 pali
341 2552 515 2588 substantia
536 2552 644 2595 palam
666 2549 838 2585 Abi-onem
862 2551 986 2584 viventi
1011 2550 1054 2584 ita
1078 2554 1151 2587 scri·

255 2602 304 2638 bit
324 2603 390 2646 ipse
412 2628 420 2635 .
459 2607 498 2637 Ut
519 2603 595 2645 quid
626 2607 738 2644 quaeris
769 2606 995 2635 communionem
1022 2596 1123 2635 ‘meam
1138 2627 1147 2643 ,

252 2664 317 2686 cum
337 2654 442 2686 audire
467 2662 619 2694 nunquam
642 2653 769 2686 volueris
787 2652 1017 2685 admonitionem
1038 2664 1144 2686 meam:

254 2707 302 2736 An
332 2713 365 2737 ut
386 2702 534 2744 quidquid
557 2701 642 2742 facis
675 2726 686 2742 ,
707 2699 781 2734 mibi
816 2707 960 2741 imputent
995 2700 1147 2743 homines,

87 1741 167 1778 Psal.
181 1751 236 1790 99.

83 2606 234 2653 Ep.216.

254 2764 376 2796 quorum
408 2752 542 2794 querelas
571 2748 709 2793 sustinere
730 2762 786 2784 non
808 2751 918 2793 poffum
940 2752 953 2785 ἓ
980 2751 1148 2786 Moniales

253 2802 320 2845 ejus
344 2826 355 2842 ‚
385 2801 465 2835 dum
490 2813 530 2834 ex
551 2801 665 2834 nescio
687 2811 754 2843 quo
777 2811 852 2844 erga
887 2800 941 2833 fibi
966 2803 1147 2843 praefectum

253 2851 483 2894 Presbyterum
515 2850 596 2884 odio
617 2848 821 2893 Praepositam
849 2851 935 2883 suam
963 2851 1149 2886 turbulente

252 2903 421 2945 deportate
439 2913 477 2934 ac
500 2911 624 2934 mutare
645 2901 763 2933 volunt
784 2923 794 2939 ,
820 2900 982 2935 conversae
1010 2902 1084 2935 sunt
1106 2903 1146 2936 ad

75 2945 142 2999 Ep.
160 2964 235 3002 109,
252 2958 450 2986 contentiones
474 2974 485 2990 ‚
516 2951 716 2983 aemulationes
739 2975 748 2990 ‚
776 2948 970 2990 animositates
992 2974 1002 2990 ‚
1044 2953 1146 2994 diffen.

246 3001 340 3044 fiones
365 3026 376 3041 ,
413 3000 610 3034 detrac‘liones
633 3024 643 3040 ‚
674 2998 834 3043 seditiones
860 3023 870 3038 ‚
906 2997 1145 3041 susurratIones·

252 3052 331 3095 Ejus
353 3051 485 3085 forfitan
512 3049 672 3093 moniales
692 3060 782 3083 erant
796 3050 893 3083 etiam
920 3049 1000 3089 iliae,
1027 3051 1066 3084 de
1077 3054 1144 3096 qui-

253 3102 313 3136 bus
335 3100 443 3134 scribit
464 3100 505 3133 ad
533 3100 710 3134 Eusebium
736 3100 932 3142 Episcopum
959 3099 1146 3136 Donatista·

1177 258 1406 303 stianorumfive
1425 261 1503 292 idem
1525 259 1674 298 transtulit
1687 286 1695 298 ,
1716 261 1776 300 sive
1787 263 1867 293 illum
1881 258 2007 303 secum,
2033 270 2074 293 et-

1185 317 1246 345 iam
1266 307 1338 352 ipsae
1350 318 1451 343 tamen
1473 309 1671 350 rebaptizata·
1679 308 1751 351 sunt
1764 335 1775 350 ‚
1800 315 1855 344 etc.
1889 313 1927 345 Et
1940 311 2074 353 quidem

1188 360 1327 402 inipso,
1353 359 1405 392 cui
1431 358 1635 401 Augustinus
1664 357 1842 401 praefidebat
1868 372 1921 394 aut
1945 361 2076 403 praesens

1189 420 1256 445 erat
1280 433 1290 449 ‚
1316 407 1523 451 Hipponenfi
1559 420 1625 442 tam
1641 409 1833 441 clericorum
1845 421 1940 452 quam
1958 411 2077 444 Eremi-

1192 470 1297 493 tarum
1312 459 1510 494 monasterio
1520 460 1730 502 contigerunt
1746 469 1811 491 non
1825 459 1974 494 inferiora
1985 485 1992 492 .
2024 460 2077 493 Ex

1196 509 1410 542 eremitarum
1422 510 1618 542 monasterio
1631 519 1718 541 erant
1746 509 1854 541 fratres
1867 507 1933 549 isti,
1958 509 1998 544 de
2008 510 2079 553 qui-

1196 559 1254 594 bus
1267 559 1376 592 scribit
1395 559 1434 592 ad
1449 561 1591 593 sancium
1612 558 1784 593 Aurelium
1801 558 1994 600 Episcopum
2005 560 2080 594 Car·

1197 609 1437 653 thaginiensem
1471 611 1579 651 Sponte
1591 609 1727 641 abierunt
1740 634 1749 648 ‚
1759 607 1863 650 sponte
1873 605 2060 648 destruerunt
2070 634 2079 649 ,

1198 660 1280 691 nobis
1295 683 1304 697 ,
1332 660 1478 703 quantum
1499 666 1644 700 potuimus
1665 684 1673 699 ‚
1695 667 1751 700 pro
1773 669 1866 690 eorum
1891 655 1987 700 salute
2010 665 2082 690 reni·
2130 645 2157 678 p'
2171 644 2226 680 77⁴

1199 710 1346 742 tentibus.
1378 709 1425 742 Ex
1437 711 1554 743 eodem
1579 708 1774 742 monasterio
1802 709 1929 741 videtur
1941 707 2030 740 fuisse
2051 709 2083 741 &

1201 759 1257 792 iste
1270 759 1427 802 Apostata
1442 784 1452 798 ,
1470 760 1509 792 de
1521 771 1587 802 quo
1599 759 1707 793 scribit
1720 757 1757 792 ad
1771 758 1960 800 prosperum
1979 759 2012 791 ἀ
2025 759 2085 791 Hi-

1201 809 1315 844 larium
1331 834 1338 841 .
1367 814 1439 844 Fuit
1451 811 1574 851 quidam
1597 809 1732 848 innostro
1756 809 1941 848 monasterio,
1971 814 2088 850 quicor-

1201 859 1376 900 ripientibus
1381 859 1539 900 fratribus
1552 883 1562 898 ,
1588 871 1637 893 cur
1647 861 1786 901 quaedam
1809 870 1866 892 non
1882 857 2030 900 facienda
2036 857 2087 898 fa-

1198 920 1278 942 seret
1293 933 1303 947 ,
1331 909 1518 951 &facienda
1540 921 1596 942 non
1599 909 1737 951 faceret,
1764 907 1976 952 respondebat:
2006 910 2089 950 ,Qua-

1200 958 1338 1001 scumque
1351 971 1428 991 nunc
1431 959 1486 999 sim
1499 983 1508 998 ,
1536 962 1608 993 talis
1624 971 1671 992 ero
1683 984 1691 998 ,
1719 961 1836 1000 qualem
1855 970 1901 992 me
1912 962 1994 991 Deus
1999 959 2089 999 futu-

1204 1020 1267 1039 rum
1285 1008 1335 1049 esse
1352 1007 1505 1050 praescivit
1520 1034 1527 1041 .
1555 1008 1757 1053 Quiprofei‘io
1778 1011 1812 1043 Θ·
1824 1021 1929 1044 verum
1949 1009 2064 1042 dicebat
2082 1033 2093 1049 ‚

1205 1061 1238 1093 (5
1251 1058 1299 1091 boc
1322 1069 1392 1091 vero
1403 1070 1459 1090 non
1466 1059 1639 1100 proficiebat
1656 1066 1688 1091 in
1699 1060 1804 1091 bonum
1818 1082 1828 1098 ,
1850 1058 2004 1102 fedusque
2017 1059 2091 1092 ade&

1203 1107 1329 1149 profecit
1353 1113 1386 1139 in
1408 1108 1519 1140 malum
1541 1132 1550 1147 ,
1578 1118 1610 1140 ut
1633 1107 1751 1149 deserta
1773 1110 1936 1148 monasterii
1959 1107 2095 1152 societate

1202 1157 1284 1200 fieret
1305 1164 1388 1190 canis
1408 1156 1546 1201 reversus
1568 1160 1612 1190 ad
1631 1164 1796 1198 vomitum,
1825 1160 1858 1192 (9
1881 1168 1981 1191 tamen
2000 1158 2095 1192 adhuc

1206 1208 1304 1250 qualis
1311 1206 1347 1248 fit
1347 1207 1478 1249 futurus
1496 1232 1507 1248 ,
1533 1214 1680 1242 incertum
1701 1207 1737 1248 est
1749 1233 1757 1240 .
1785 1209 1822 1243 ln
1835 1208 2032 1241 monasterio
2045 1220 2098 1242 au-

1208 1269 1273 1291 tem
1286 1259 1475 1292 clericorum
1500 1260 1532 1291 in
1549 1269 1682 1300 peccato
1703 1261 1760 1292 suo
1777 1268 1924 1292 mortuus
1947 1258 1991 1292 est
2016 1257 2100 1292 Pres-

1210 1309 1301 1351 byter
1313 1309 1480 1352 januarius
1492 1332 1503 1348 ,
1530 1308 1721 1352 Nolamque
1733 1309 1978 1356 Campanorum
1990 1309 2030 1342 ad
2043 1320 2101 1342 tre-

1210 1359 1359 1392 mendam
1378 1358 1476 1392 sanfti
1498 1360 1649 1401 martyris
1661 1358 1778 1393 Felicis
1802 1361 1993 1394 memoriam
2009 1362 2101 1403 profi·
2116 1348 2144 1372 ε’

1210 1409 1284 1441 cisci
1306 1407 1404 1450 jussus
1423 1408 1467 1442 est
1491 1407 1663 1452 Presbyter
1685 1409 1876 1443 Bonifacius
1898 1421 1974 1444 cum
1994 1410 2102 1445 adole·

1213 1459 1318 1492 scente
1343 1458 1401 1492 illo
1426 1459 1521 1491 fratre
1546 1483 1556 1499 ‚
1585 1470 1713 1502 propter
1736 1470 1831 1502 quern
1854 1460 2003 1495 adversus
2024 1472 2103 1502 eos,

1211 1509 1267 1551 qui
1282 1532 1291 1546 ,
1317 1519 1392 1542 cum
1412 1509 1448 1540 de
1458 1509 1609 1550 aliquibus
1629 1508 1768 1551 sancium
1780 1521 1883 1543 nomen
1890 1510 2101 1552 profitentibus

1211 1559 1327 1598 aliquid
1343 1562 1477 1592 criminis
1495 1560 1544 1592 vei
1558 1558 1636 1600 falfi
1661 1557 1790 1601 sonuerit
1807 1562 1861 1593 vel
1870 1566 1934 1593 veri
1943 1566 2080 1601 patuerit
2092 1586 2103 1601 ,
2122 1538 2181 1584 ΕΡ·
2194 1544 2270 1585 139·

1211 1607 1322 1644 inflant
1344 1631 1354 1646 ,
1378 1607 1526 1652 satagunt
1547 1631 1558 1648 ,
1584 1608 1719 1643 ambiunt
1740 1634 1750 1650 ‚
1780 1618 1814 1642 ut
1838 1611 1875 1643 de
1896 1609 2030 1643 omnibus
2054 1609 2105 1644 boc

1212 1659 1351 1691 credatur
1368 1682 1379 1698 ,
1405 1657 1509 1692 dicere
1524 1659 1621 1692 fuerit
1633 1658 1818 1701 compulsus
1838 1660 1878 1694 ad
1901 1660 2031 1703 plenam
2044 1661 2108 1704 ple-

1214 1708 1286 1741 bem
1301 1719 1358 1750 pro
1370 1709 1551 1743 concione.
1572 1709 1804 1752 ,Quantumlibet
1828 1711 1935 1754 vigilet
1948 1709 2108 1752 disciplina

1214 1760 1315 1791 domus
1327 1769 1423 1800 meae,
1451 1758 1534 1792 bomo
1538 1757 1607 1801 sum
1630 1761 1754 1794 &inter
1777 1759 1908 1793 homines
1933 1766 2028 1799 vivo,
2054 1771 2106 1797 nec

1213 1808 1288 1840 mibi
1311 1820 1450 1852 arrogare
1461 1810 1553 1841 audeo
1565 1833 1574 1848 ‚
1602 1819 1634 1841 ut
1647 1811 1749 1842 domus
1764 1822 1831 1843 mea
1848 1812 1949 1843 melior
1962 1809 2003 1850 fit
2014 1821 2106 1852 quam

1213 1869 1282 1890 arca
1298 1862 1365 1892 Noe*
1378 1884 1386 1897 ,
1399 1860 1446 1890 ubi
1457 1868 1557 1892 tamen
1565 1865 1642 1891 inter
1653 1860 1712 1892 oc‘lo
1724 1859 1856 1892 homines
1865 1858 2005 1899 reprobus
2029 1872 2107 1894 unus

1215 1915 1355 1940 inventus
1375 1909 1433 1946 est:
1464 1913 1519 1939 Aut
1544 1909 1645 1940 melior
1668 1907 1701 1944 fit
1714 1919 1802 1948 quam
1824 1910 1928 1941 domus
1951 1909 2107 1952 Abrabae,

1214 1956 1263 1988 ubi·
1277 1956 1388 1987 diHum
1400 1955 1437 1994 cst
1447 1979 1456 1994 ‚
1487 1959 1515 1987 Ε
1518 1961 1569 1988 tice
1581 1958 1723 1990 ancillam
1735 1959 1767 1990 Θ
1774 1957 1872 1998 filium
1883 1960 1948 1998 ejus
1960 1971 1967 1989 :
1984 1964 2040 1991 Aut
2051 1971 2109 1994 me-

1214 2005 1268 2036 lior
1274 2003 1311 2044 fit
1321 2016 1411 2045 quam
1435 2005 1538 2037 domus
1552 2003 1634 2046 Isaac
1643 2029 1653 2044 ,
1677 2007 1727 2038 ubi
1739 2010 1775 2040 de
1786 2008 1899 2042 duobus
1914 2015 2046 2052 geminis
2060 2011 2107 2044 dl-

1219 2054 1296 2086 c‘lum
1319 2054 1376 2090 est,
1399 2054 1498 2094 Jacob
1520 2055 1614 2085 dilexi
1638 2078 1647 2092 ,
1674 2055 1757 2097 Esau
1778 2066 1877 2090 autem
1908 2061 1974 2093 odio
1993 2059 2105 2093 habui:

1216 2105 1273 2132 Aut
1294 2101 1391 2133 melior
1406 2100 1444 2140 fit
1466 2113 1556 2142 quam
1590 2104 1691 2134 domus
1715 2104 1801 2144 ipsius
1825 2109 1930 2150 Jacob
1955 2135 1966 2150 ,
2002 2112 2053 2143 ubi
2070 2112 2109 2143 le·

1213 2149 1290 2181 c‘lum
1298 2155 1400 2191 patris
1422 2147 1467 2192 sui
1474 2149 1556 2191 filius
1568 2152 1751 2191 incaestavtt:
1784 2160 1840 2188 Aut
1853 2159 1952 2189 melior
1968 2157 2007 2198 fit
2019 2171 2109 2201 quam

1213 2200 1313 2232 domus
1327 2198 1412 2241 ipfius
1426 2202 1534 2236 David
1541 2225 1552 2240 ‚
1565 2203 1650 2242 cujus
1658 2201 1741 2243 filius
1753 2215 1817 2237 cum
1826 2204 1921 2247 sorore
1930 2210 2079 2242 concubuit
2097 2223 2107 2254 ;

1211 2251 1294 2287 cujus
1319 2251 1394 2283 alter
1407 2249 1490 2292 filius
1515 2260 1617 2283 contra
1636 2254 1741 2285 Patris
1757 2254 1964 2297 tamsanc‘lam
1975 2257 2111 2301 mansue.

1211 2300 1347 2332 tudinem
1359 2300 1516 2333 rebellavit
1526 2314 1537 2335 .·
1552 2304 1608 2333 Aut
1622 2303 1723 2334 melior
1733 2314 1824 2344 quam
1838 2307 2016 2341 cohabitatio
2029 2312 2110 2343 Pau-

1209 2350 1232 2381 li
1246 2349 1367 2390 Apostoli
1391 2374 1400 2388 ,
1413 2355 1464 2390 qui
1478 2359 1578 2382 tamen
1582 2349 1615 2391 fi
1622 2356 1699 2384 inter
1713 2364 1810 2385 omnes
1833 2355 1921 2388 bonos
1933 2358 2084 2392 habitaret
2095 2384 2107 2401 ,

1211 2410 1267 2431 non
1279 2401 1387 2433 diceret
1399 2423 1408 2438 ,
1417 2398 1488 2442 foris
1497 2408 1607 2443 pugnae
1620 2424 1630 2440 ,
1657 2403 1737 2434 i'ntus
1754 2410 1873 2437 timores
1887 2429 1898 2445 ,
1924 2418 1976 2440 nec
1987 2410 2109 2451 diceret,

1208 2459 1272 2481 cum
1285 2452 1320 2483 de
1331 2448 1489 2493 sanblitate
1512 2453 1545 2483 &s
1556 2450 1614 2490 fide
1627 2451 1770 2485 Timothei
1789 2454 1954 2494 loqueretur
1964 2482 1975 2497 ,
2004 2462 2109 2491 Nemi·

1210 2511 1275 2532 nem
1298 2499 1388 2533 habeo
1400 2525 1409 2540 ‚
1436 2502 1633 2543 quigermane*
1645 2503 1681 2534 de
1693 2502 1777 2535 vobis
1786 2503 1913 2545 solicitus
1922 2504 1976 2546 lit,
2003 2519 2104 2541 omnes

1209 2555 1287 2583 enim
1307 2547 1363 2592 sua
1387 2560 1540 2592 qua-runt,
1566 2561 1622 2583 non
1634 2562 1700 2593 quae
1714 2550 1871 2599 suntJesu
1885 2554 2015 2596 Christi.-
2043 2563 2104 2591 Aut

1209 2601 1305 2632 melior
1317 2612 1407 2642 quam
1416 2601 1593 2633 cohabitatio
1605 2600 1691 2642 ipfius
1708 2605 1826 2636 Domini
1840 2604 1949 2645 christi
1965 2631 1976 2647 ,
2001 2614 2104 2650 inqua

1208 2652 1341 2683 undecim
1353 2651 1419 2683 boni
1427 2649 1576 2691 perfidum
1598 2653 1632 2686 (⁸7
1635 2651 1736 2693 furem
1741 2657 1768 2697 J
1774 2655 1864 2687 udam
1874 2656 2078 2691 toleraverunt
2088 2671 2101 2692 .-

1209 2706 1264 2732 Aut
1277 2702 1376 2735 meli’or
1383 2699 1420 2741 fit
1427 2701 1567 2742 polirem&
1578 2712 1667 2742 quam
1679 2704 1781 2736 caelum
1793 2727 1802 2743 ‚
1828 2707 1906 2738 unde
1922 2712 1943 2739 Α
1952 2708 2025 2750 »ιμίι
2036 2713 2105 2741 ceci-

1207 2752 1330 2782 derunt.
1358 2752 1534 2793 Simpliciter
1548 2762 1646 2785 autem
1665 2752 1769 2794 fatcor
1782 2754 2051 2794 Charitativesirae
2059 2768 2104 2790 co—

1207 2812 1274 2832 ram
1298 2804 1420 2832 Domino
1433 2805 1490 2833 Deo
1502 2801 1591 2837 nollro
1606 2826 1616 2841 ,
1644 2808 1694 2844 qut'
1715 2803 1792 2841 tellis
1819 2804 1854 2844 est
1866 2804 1955 2847 super
1967 2811 2101 2840 animam

1206 2862 1324 2890 meam,
1350 2863 1387 2883 ex
1410 2862 1463 2893 quo
1475 2854 1533 2884 Deo
1552 2849 1670 2894 servire
1690 2859 1763 2893 caepi
1788 2879 1797 2892 ,
1825 2857 1965 2896 quomodo
1986 2856 2102 2898 difficile?

1205 2908 1344 2942 expertus
1351 2900 1420 2944 sum
1432 2903 1560 2935 meliores
1571 2914 1660 2943 quam
1671 2911 1721 2944 qui
1734 2909 1766 2934 t'n
1778 2905 1958 2943 monasteriis
1966 2906 2101 2947 profece-

1206 2960 1276 2984 runt
1289 2975 1299 2990 ,
1325 2958 1369 2984 ita
1381 2963 1437 2984 non
1443 2950 1510 2994 sum
1521 2961 1662 2992 expertus
1670 2959 1781 2993 peiores
1798 2977 1806 2992 ‚
1833 2966 1923 2995 quam
1935 2961 1987 2997 qui
1999 2962 2031 2990 in
2043 2969 2100 2989 mo-

1206 3000 1338 3040 nasteriis
1352 3003 1516 3036 ceciderunt
1527 3028 1536 3041 ,
1561 3009 1605 3034 ita
1616 3014 1647 3035 ut
1661 3003 1729 3036 binc
1753 3002 1880 3036 arbitror
1891 3011 1924 3038 ln
1939 3005 2103 3049 Apocalypfi

1201 3050 1362 3093 scriptum,
1385 3055 1415 3096 J
1420 3051 1494 3091 ustus
1513 3052 1614 3092 justmr
1634 3052 1691 3092 fiat
1702 3078 1711 3093 ,
1739 3054 1772 3087 <tt
1787 3053 1929 3096 sbrdt‘dut
1947 3054 2096 3098 sordescat

1205 3101 1320 3134 adbuc.
1343 3103 1536 3146 ,Quapropter
1547 3101 1598 3142 etsi
1606 3103 1809 3142 contristamur
1821 3106 1857 3137 de
1869 3106 2012 3146 aliquibus
2021 3114 2100 3147 pur-

2108 836 2257 881 L-2·c·15·

2114 1237 2260 1283 Sermi49

2115 1285 2156 1320 de
2169 1286 2269 1320 diver.

2154 1348 2185 1373 2.

83 3153 142 3199 Ep,
156 3155 233 3201 169.
252 3162 324 3185 rum
346 3176 352 3182 .
391 3152 591 3183 sudeaconus
617 3150 767 3191 quondam
803 3147 968 3190 spanienfis
990 3149 1121 3192 Ecclefiae
1135 3177 1145 3192 ,
1200 3158 1373 3196 gamentis;
1399 3151 1575 3193 consolamur
1595 3159 1696 3185 tamen
1708 3160 1798 3186 etiam
1823 3158 1858 3187 de
1866 3155 2005 3196 pluribus
2014 3166 2097 3188 orna-

251 3200 392 3235 vocabulo
414 3203 552 3240 Primus,
579 3210 642 3232 cum
663 3200 702 3232 ab
716 3201 820 3243 accessu
839 3197 1059 3240 indisciplinato
1070 3204 1162 3255 San-¹
1205 3208 1334 3233 mentis.
1363 3203 1464 3235 Nolite
1474 3213 1541 3244 ergo
1550 3210 1671 3241 propter
1691 3215 1846 3236 amurcam
1858 3229 1867 3244 ,
1892 3216 1952 3246 qua
1962 3207 2033 3239 oculi
2044 3218 2096 3240 ve.

252 3251 464 3285 c‘limont'alt‘um
484 3249 691 3290 prohiberetur
707 3273 717 3288 ,
742 3259 834 3291 atque
849 3250 992 3282 ordinata
1025 3253 1058 3285 (π
1067 3250 1161 3294 sanai
1200 3251 1254 3290 stri
1265 3250 1473 3291 offenduntur,
1498 3253 1657 3284 torcularia
1670 3254 1825 3292 detestari,
1853 3255 1931 3287 unde
1944 3255 2094 3295 apotbecae

250 3309 403 3345 praecepta
426 3308 619 3334 contemneret
649 3324 659 3339 ,
686 3300 854 3333 aelericatu
881 3309 1005 3331 remotus
1026 3302 1085 3340 eli,
1112 3304 1146 3335 (α
1206 3299 1481 3341 Dominicaefruc‘lu
1493 3301 1927 3344 oleiluminofiorisimplentur.

254 3350 314 3395 ¹Pfi⁸
337 3357 475 3384 irritatus
487 3348 633 3393 adversus
657 3348 846 3391 disciplinam
871 3352 928 3381 Dei
955 3350 1103 3391 transtulit
1112 3350 1145 3394 se

253 3403 299 3438 ad
308 3400 477 3443 Donatiflas
488 3426 499 3443 ,
522 3403 556 3438 (ι’
572 3400 775 3444 rebaptizatus
786 3399 822 3441 est
835 3424 841 3433 .
874 3402 956 3433 Duas
968 3406 1058 3436 etiam
1068 3403 1142 3436 Satt-
1158 3398 1161 3425 ³

1203 3351 1247 3384 do
1260 3360 1338 3394 ergo
1352 3352 1518 3384 Dominus
1534 3351 1683 3386 Salvator
1703 3353 1812 3386 noster
1830 3354 1863 3386 in
1879 3305 2098 3390 suassgcnc'lz:

1203 3401 1280 3436 fiam
1294 3425 1305 3443 ‚
1314 3401 1357 3436 ita
1370 3401 1579 3449 Augustinus
1591 3402 1625 3436 in
1637 3401 1796 3438 familiam
1807 3403 1897 3440 suam
1908 3405 2097 3447 intromisit,

1995 3466 2063 3490 uon
