2384 3770
462 19 491 52 t

491 111 503 124 ⁰
546 116 661 160 Reo.
690 119 845 186 Qui).
864 117 960 162 Pao
985 116 1124 163 DioN.
1153 118 1295 166 CEND.
1322 118 1422 163 Avp,
1452 118 1593 175 FoitM.
1621 122 1683 168 Er
1708 124 1827 169 Mn.
1972 137 2064 184 245

300 202 393 238 vocis
403 199 591 245 appellatae,
617 202 708 246 supra
726 201 816 247 quod
829 201 989 246 appellat:
1012 212 1092 246 ergo
1104 213 1171 235 non
1231 212 1283 235 cas
1307 224 1318 240 ‚
1348 201 1478 234 Audiens
1499 202 1536 242 est
1559 206 1667 237 videns
1689 231 1700 246 ‚
1726 209 1834 241 videns
1855 206 1893 248 est
1912 207 2077 253 intelligens
2091 233 2104 249 ‚

298 251 494 295 requiritur,
524 262 560 285 ut
585 264 649 286 vox
669 252 834 298 appellans
845 251 959 285 deislo
968 252 1057 286 vocis
1068 252 1173 294 appel·
1232 253 1290 288 (etc.
1313 251 1411 284 facies
1431 251 1532 287 solam
1555 255 1806 295 appellationem
1819 257 2016 293 materialem
2029 269 2102 302 prz-

296 302 370 336 latae
389 302 574 347 significato
585 302 736 336 affirmari
747 301 861 345 poffit.
888 300 943 335 Est
956 312 1036 346 ergo
1049 300 1115 335 haec
1127 313 1170 336 re·
1229 301 1329 335 dicati
1357 301 1449 344 supra
1476 300 1667 344 subjectum.
1698 306 1798 351 Qod
1826 309 1883 342 fiat
1907 307 1951 343 fibi
1964 309 2104 352 appell,¹

296 351 374 397 gula
394 351 656 388 universaliffime
676 363 748 387 vera
773 348 1052 396 nullam*patiens
1073 363 1170 386 exce-
1231 350 1279 385 tio
1305 350 1499 392 materialis,
1526 352 1565 390 ιβ
1575 353 1709 385 clarum:
1734 356 1823 398 Quia
1849 368 1930 392 tunc
1955 358 2103 401 praedica,

295 403 462 446 ptionem.
492 420 493 423 =
1231 411 1302 434 tum
1330 401 1690 445 appellatmattrialiter
1704 404 1793 445 supra
1805 407 1894 440 suum
1907 407 2100 450 subjectum,

350 451 402 489 18.
427 453 539 496 Regula
553 451 686 495 secunda
702 448 741 491 fit
765 450 851 485 baec:
876 451 1025 500 Qando
1037 463 1169 487 concre-
1231 449 1362 493 quando
1389 452 1606 497 fignificatum
1631 453 1698 495 ejus
1725 453 2038 499 formaleinexistit,
2063 470 2102 492 ac

295 511 367 536 tum
386 501 589 537 accidentale
612 498 838 544 praedicatione
850 503 1044 539 accidentali
1063 501 1169 547 praedi-
1231 501 1400 535 inexistere
1425 504 1602 539 affirmatur
1638 503 1797 537 materiali
1827 504 2008 547 significato
2034 508 2103 543 sub.

292 562 384 587 catur
407 553 448 587 de
461 552 521 586 suo
541 549 685 592 subjecto
696 551 796 586 etiam
812 552 991 587 concretim
1001 553 1169 596 expreffo,
1210 549 1302 592 'jecti
1325 564 1337 584 .·
1371 552 1459 595 atqui
1488 553 1521 585 in
1550 551 1618 587 istis
1654 553 1926 596 propositionibus
1951 554 2014 590 hoc
2040 558 2098 592 fit,-

291 602 379 637 verb.
391 611 469 645 grat.
485 600 618 643 quando
636 601 806 642 dicimus,
834 602 969 643 Homoest
981 603 1094 643 albus,
1121 601 1166 635 bo·
1230 612 1305 634 nam
1332 602 1429 643 visio,
1455 614 1525 646 quae
1550 602 1596 637 est
1625 603 1840 648 significatum
1869 605 2007 638 formale
2033 616 2103 649 prae-

290 662 338 685 mo
349 651 500 694 φαμι-ω’,
530 651 612 685 boma
633 653 721 686 audit
743 675 755 693 ,
780 657 873 687 currit
894 678 906 694 ‚
932 655 991 687 (π.
1015 652 1167 697 praedica-
1228 651 1328 685 dicati
1355 653 1487 693 videns,
1516 652 1688 687 inexistere
1714 653 1914 697 significatur
1941 655 2102 697 supposito

290 711 362 736 tum
381 701 522 744 appellat
543 702 634 745 supra
654 702 828 745 subjectum
839 703 1059 748 appellatione
1070 713 1167 739 mate·

288 750 360 786 riali
371 751 404 785 &
413 750 544 785 formali
555 751 650 786 simul
662 776 671 784 .
697 752 801 800 Qod
825 753 966 797 appellet
977 754 1167 797 appellatio—

289 812 331 837 ne
343 801 500 836 materiali
514 826 527 844 ,
546 801 697 844 'probatur
709 826 716 835 .
745 803 834 852 Qia
844 812 922 838 tunc
934 803 978 836 est
989 803 1166 846 appellatio

286 850 487 892 materialis,
513 851 646 896 quando
670 851 890 896 significatum
911 853 1049 888 formale
1070 853 1162 887 vocis

286 900 462 945 appellanti
481 901 648 942 inexistit,
673 912 712 938 ac
735 901 909 937 inexistere
927 902 1107 937 affirmatur
1132 903 1166 939 δε

286 950 491 995 significatur
511 950 670 986 materiali
703 951 889 997 significato
918 952 1008 986 vocis
1028 952 1166 997 appella·

287 1010 329 1035 tae
347 997 358 1035 ι’
381 1002 472 1044 atqui
492 1001 528 1036 in
551 1001 621 1036 istis
648 1002 923 1046 propositionibus
949 1003 1164 1047 significatum

285 1051 425 1086 formale
446 1049 607 1096 praedicati
630 1051 798 1092 inexistit,
823 1064 862 1086 ac
884 1052 1057 1088 inexistere
1077 1053 1165 1090 affir-

285 1109 393 1136 matur
409 1102 568 1137 materiali
595 1102 780 1146 significato
807 1102 958 1146 subjesti:
985 1104 1162 1138 cumcuim

285 1151 382 1193 dico,
410 1157 502 1188 Homo
523 1152 561 1188 eff
580 1152 668 1186 albus
689 1175 700 1192 ,
729 1152 848 1188 albedo
870 1153 1050 1188 formaliter
1073 1154 1165 1198 signi·

284 1200 380 1236 ficata
401 1211 455 1245 per
474 1212 589 1239 vocem
610 1201 696 1238 albus
715 1202 862 1239 inexistit
881 1227 894 1243 ,
929 1214 966 1238 ac
992 1204 1165 1240 inexistere

282 1250 484 1294 significatur
517 1253 551 1288 δε
583 1254 761 1287 affirmatur
793 1253 955 1297 supposito
976 1251 1125 1290 humano
1149 1277 1160 1293 ,

280 1309 395 1334 tamen
419 1300 513 1335 aliter
531 1300 716 1346 significato
736 1314 792 1345 per
810 1314 925 1337 vocem
945 1302 1044 1338 bomo.
1073 1303 1163 1348 Ergo

280 1349 317 1383 in
330 1349 406 1391 ista,
433 1350 570 1395 aliisque
590 1351 745 1387 similibus
755 1351 1084 1395 praedicatiouibusfit
1097 1364 1164 1387 rna-

281 1400 405 1434 terialis
432 1401 610 1446 appellatio
637 1402 799 1448 praedicati
824 1405 916 1448 supra
941 1404 1035 1439 suum
1059 1402 1160 1447 subje-

280 1450 368 1485 stum

334 1510 387 1545 19.
413 1501 518 1547 Qod
539 1511 670 1546 quoque
702 1502 760 1536 fiat
783 1501 963 1545 appellatio
993 1502 1158 1544 formalis,

277 1554 372 1583 etiam
379 1551 486 1591 probo:
516 1551 608 1599 Qia
628 1561 708 1586 tunc
735 1551 940 1595 praedicatum
962 1553 1103 1596 appellat
1115 1554 1160 1587 su-

275 1610 333 1643 pra
357 1599 532 1644 subjedlum
551 1601 770 1645 appellatione
788 1602 917 1636 formali
932 1626 943 1641 ,
970 1603 1105 1645 quando
1125 1604 1161 1636 si-

273 1650 469 1697 gnificatum
491 1651 631 1686 formale
652 1650 814 1695 praedicati
840 1651 1011 1692 ine-xistit,
1038 1664 1076 1686 ac
1091 1653 1158 1686 ine-

276 1697 396 1734 xistere
412 1699 613 1744 significatur
640 1701 824 1746 significato
850 1701 981 1736 formali
1003 1702 1160 1746 subjecti:

272 1749 367 1793 atqui
392 1750 426 1783 in
450 1749 539 1784 hisee
564 1750 683 1785 nostris
712 1751 995 1795 praedicationibus
1014 1751 1080 1786 hoc
1099 1754 1158 1786 fit:

271 1808 354 1843 ergo
374 1799 413 1833 fit
435 1799 583 1835 formalis
605 1800 781 1843 appellatio
804 1801 967 1844 praedicati
990 1802 1083 1845 supra
1109 1804 1159 1836 su-

271 1847 415 1890 bjestum
437 1874 444 1882 .
484 1850 634 1884 Probatur
655 1856 755 1885 minor
774 1863 782 1884 :
813 1851 904 1899 Qia
926 1852 961 1885 in
983 1850 1045 1886 hac
1066 1863 1094 1885 v.
1109 1864 1157 1897 gr,

271 1898 526 1941 praedicatione,
552 1904 642 1932 Homo
663 1901 702 1941 est
727 1901 839 1942 albus,
865 1901 997 1944 subjecti
1016 1898 1160 1937 formale

269 1947 489 1990 significatum
511 1949 555 1981 est
579 1949 768 1982 humanitas
788 1973 800 1988 ‚
836 1950 1055 1992 significatum
1079 1951 1156 1986 vero

271 1996 411 2030 formale
433 1995 596 2040 praedicati
619 1998 665 2033 est
683 1997 827 2032 albedo.-
854 1997 945 2042 atqui
957 1999 1075 2034 albedo
1087 2000 1153 2033 ine-

269 2045 363 2079 xistit
385 2069 396 2086 ,
422 2057 461 2081 ac
483 2046 658 2082 inexistere
678 2048 857 2084 affirmatur
876 2072 888 2088 ‚
912 2059 980 2081 non
1010 2049 1071 2082 soli
1094 2049 1152 2085 hu-

267 2094 435 2129 manitatis
457 2096 624 2137 supposito
642 2109 655 2137 ς
684 2096 738 2135 sed
757 2098 860 2129 etiam
887 2097 943 2137 ipsi
965 2095 1151 2131 humanita-

260 2143 315 2177 ‘ti:
341 2154 421 2188 ergo
441 2138 478 2177 'in
501 2144 559 2178 isia
592 2143 823 2187 praedicatione
843 2144 1061 2188 significatum
1085 2147 1148 2180 for-

261 2193 354 2228 male
374 2193 536 2236 praedicati
557 2193 726 2234 inexistit‚
752 2205 791 2227 ac
816 2193 990 2229 inexistere
1013 2196 1149 2231 affirma-

266 2251 320 2275 tur
348 2243 482 2276 formali
502 2242 687 2286 significato
706 2243 838 2284 subjecti
862 2267 870 2274 .
909 2246 1001 2276 Patet
1029 2252 1148 2278 minor.-

260 2292 360 2337 ‘Qia
383 2291 487 2329 illud,
512 2291 602 2331 quod
628 2290 777 2324 inexistit
796 2291 879 2332 parti
903 2293 1064 2326 essentiali
1090 2293 1147 2328 hu-

265 2340 459 2380 manitatis,
485 2338 550 2374 hoc
574 2339 720 2375 inexistit
743 2338 959 2373 humanitati:
987 2345 1078 2384 atqui
1101 2343 1147 2378 al-

265 2388 353 2424 bedo
389 2389 534 2424 inexistit
566 2390 707 2426 materiae‘
732 2389 847 2432 primae»
868 2413 879 2429 ‚
914 2400 986 2432 qua:
1005 2391 1052 2425 est
1074 2403 1146 2435 pars

264 2438 442 2475 essentialis
466 2438 682 2475 humanitatis
706 2452 717 2473 .·
752 2450 836 2485 ergo
860 2440 1006 2478 inexistit
1030 2439 1143 2478 huma·

260 2490 375 2525 nitati.

1230 700 1401 742 humano,
1427 702 1516 746 quod
1544 703 1588 737 est
1615 703 1833 748 significatum
1856 705 2021 738 materiale
2032 706 2103 740 sub-

1227 750 1298 793 jeeti
1327 753 1467 786 audiens.
1499 753 1588 797 Ergo
1612 754 1644 786 in
1674 754 1759 794 istis,
1784 754 1920 797 aliisque
1942 753 2100 790 similibus

1229 801 1509 844 praedicationibus
1535 803 1742 846 praedicatum
1763 803 1902 849 appellat
1928 804 2099 840 materiali-

1228 862 1276 886 ter
1300 853 1393 896 supra
1420 852 1614 895 subjeetum.

1277 912 1332 937 21.
1358 902 1461 950 Quod
1486 902 1561 937 vero
1583 901 1791 946 praedicatum
1804 916 1871 940 non
1885 905 2023 949 appellet
2036 905 2101 939 sor-

1229 952 1377 992 imiliter,
1401 952 1438 992 est
1448 954 1672 994 aequiclarum:
1699 954 1880 1000 Qiatunc
1892 955 2098 998 praedicatum

1227 1002 1365 1045 appellat
1377 1003 1560 1037 formaliter
1574 1004 1664 1047 supra
1675 1005 1766 1038 suum
1779 1005 1954 1048 subjectum
1965 1030 1975 1046 ,
1996 1017 2099 1050 quan·

1226 1051 1271 1085 do
1291 1051 1510 1097 significatum
1532 1053 1670 1087 formale
1682 1053 1840 1096 praedieati
1864 1056 2034 1096 inexissit‚
2059 1067 2098 1090 ac

1226 1101 1399 1136 inexistete
1422 1104 1597 1136 affirmatur
1606 1104 1784 1147 fignificato
1797 1106 1928 1139 formali
1942 1106 2072 1149 subjeeti
2086 1118 2097 1143 ;

1223 1152 1316 1196 atqui
1349 1152 1384 1185 iu
1420 1152 1507 1187 hisce
1538 1153 1811 1197 propositionibus
1837 1155 1869 1188 id
1892 1167 2098 1199 nequaquam

1224 1202 1260 1236 fit
1279 1213 1287 1233 ε
1315 1213 1395 1246 ergo
1417 1215 1486 1237 non
1509 1203 1546 1236 fit
1577 1203 1751 1247 appellatio
1780 1204 1925 1238 formalis
1949 1206 1967 1240 a
1989 1205 2099 1249 praedi·

1224 1262 1299 1286 cato
1317 1253 1408 1295 supra
1429 1253 1604 1296 subjeetum
1622 1277 1629 1285 .
1668 1253 1818 1289 Probatur
1841 1261 1936 1287 minor
1962 1267 1969 1287 :
2008 1255 2099 1301 Qia

1220 1302 1307 1335 Verb.
1327 1313 1410 1347 grat.
1436 1304 1470 1337 in
1498 1303 1560 1338 hac
1580 1302 1832 1348 praedicatione,
1860 1306 1973 1338 Videns
1992 1304 2030 1345 est
2054 1311 2099 1337 in-

1225 1353 1380 1395 telligens,
1407 1353 1625 1398 significatum
1646 1353 1783 1389 formale
1794 1353 1926 1397 subjecti
1938 1354 1983 1388 est
1998 1355 2096 1397 visio;

1226 1402 1361 1438 formale
1390 1403 1467 1439 vero
1488 1404 1705 1448 significatum
1730 1404 1891 1446 praedicati
1915 1404 2098 1439 estintelle-

1226 1452 1310 1486 etio:
1339 1454 1430 1496 atqui
1445 1453 1624 1490 intellestio
1636 1465 1704 1488 non
1719 1454 1862 1488 inexistit
1875 1455 2012 1495 visioni,
2039 1466 2099 1488 ue·-

1226 1512 1288 1546 que
1315 1503 1364 1536 illi
1387 1503 1560 1538 inexistere
1581 1504 1779 1544 affirmatur,
1805 1515 1861 1537 aut
1872 1506 2022 1538 affirmari
2036 1516 2097 1547 po·-

1225 1552 1304 1584 test:
1332 1563 1438 1595 neque
1450 1554 1555 1588 dicere
1569 1554 1755 1594 possumus,
1782 1552 1900 1595 Vafioest
1911 1555 2095 1597 intelligens.

1230 1600 1320 1646 Ergo
1340 1602 1375 1637 in
1403 1602 1461 1636 ista
1481 1627 1492 1642 ,
1519 1602 1656 1644 aliisque
1678 1601 1838 1634 similibus
1861 1603 2101 1644 praedicationi-

1225 1650 1283 1685 bus
1293 1652 1511 1696 fignificatum
1525 1651 1663 1687 formale
1676 1651 1838 1694 praedicati
1855 1663 1923 1685 non
1935 1652 2098 1692 inexistir,

1225 1711 1330 1743 neque
1362 1702 1533 1738 inexissere
1562 1701 1739 1737 affirmatur
1760 1701 1940 1746 significato
1967 1702 2098 1737 formali

1223 1749 1353 1793 subjesti
1365 1764 1375 1783 z
1400 1753 1549 1796 adeoque
1563 1763 1629 1785 nou
1645 1751 1681 1785 fit
1694 1751 1869 1795 appellatio
1878 1751 2024 1786 formalis
2035 1777 2042 1784 .

1271 1812 1332 1840 22„
1352 1803 1463 1845 Regula
1491 1811 1601 1846 quarta
1630 1802 1680 1842 effe
1696 1803 1790 1844 potest
1814 1801 1877 1835 baec
1898 1814 1906 1833 :
1949 1800 2096 1849 Quando

1220 1849 1327 1892 plures
1349 1852 1493 1894 ejusdem
1515 1852 1668 1895 suppositi
1694 1877 1703 1891 ,
1731 1851 1938 1895 ejusdemque
1963 1851 2095 1895 subjedii

1219 1900 1330 1934 forma·
1353 1902 1533 1936 concretim
1553 1902 1703 1944 expressae
1723 1900 1764 1936 de
1776 1901 1841 1935 sese
1854 1912 1970 1938 mutuo
1984 1901 2096 1946 praedi-

1217 1958 1334 1982 cantur
1343 1972 1354 1989 ,
1381 1950 1545 1984 ordinarie
1557 1951 1601 1984 est
1613 1949 1790 1993 appellatio
1802 1952 1976 1986 materialis
1998 1952 2094 1986 simul

1216 1997 1250 2033 ἀ
1262 1999 1428 2042 formalis3
1456 1999 1538 2034 verb.
1547 2010 1628 2045 grat.
1638 1999 1770 2042 albedo,
1792 2001 1826 2034 ὅ(
1837 2001 1978 2036 dulcedo
1989 2026 2000 2042 ‚
2012 2005 2091 2037 item

1215 2047 1325 2081 anima
1347 2050 1380 2083 δε
1401 2051 1507 2084 forma
1518 2050 1647 2090 carnis,
1672 2051 1751 2084 item
1773 2051 1891 2086 albedo
1914 2052 1947 2086 ὃ(
1961 2052 2092 2096 quanti-

1214 2105 1261 2128 tas
1283 2097 1358 2130 sunt
1379 2099 1493 2131 form-z
1517 2099 1659 2140 ejusdem
1683 2101 1860 2142 suppositi,
1881 2101 2090 2145 ejusdemque

1214 2143 1365 2187 subjecti:
1393 2147 1483 2180 Nam
1506 2146 1624 2181 albedo
1644 2148 1875 2184 &dulcedoin
1890 2152 1991 2192 laete,
2017 2153 2086 2187 aui-

1212 2205 1265 2228 ma
1288 2195 1323 2228 δε
1344 2197 1451 2231 forma
1471 2196 1578 2233 carnis
1598 2197 1633 2230 in
1659 2197 1797 2234 homine
1820 2224 1831 2239 ,
1871 2201 2036 2244 quantitas
2053 2204 2088 2237 ὅ(

1210 2243 1330 2277 albedo
1354 2244 1389 2277 in
1414 2246 1557 2286 pariete,
1585 2247 1647 2282 διε.
1674 2249 1749 2281 sunt
1772 2248 1950 2292 subjec‘tatae
1961 2262 2027 2286 non
2040 2254 2088 2286 so-

1209 2290 1278 2324 lum
1302 2292 1336 2324 in
1359 2293 1476 2327 eodem
1499 2295 1683 2337 supposito,
1710 2295 1764 2330 sed
1786 2299 1887 2332 etiarn
1912 2302 1947 2333 iii
1970 2302 2085 2336 eadem

1208 2342 1361 2383 suppositi
1373 2354 1482 2385 parte:
1508 2343 1543 2377 in
1567 2344 1679 2378 eadem
1695 2368 1706 2384 ‚
1726 2345 1886 2388 inquam,
1917 2359 2008 2391 parte
2018 2362 2086 2386 ma-

1207 2392 1293 2425 teria:
1314 2415 1322 2423 .
1349 2392 1396 2426 rSi
1429 2393 1540 2437 itaque
1563 2391 1658 2428 hasce
1680 2395 1802 2429 formas
1826 2398 2006 2433 concretim
2027 2411 2084 2435 ex·

1206 2441 1326 2484 primas
1340 2467 1351 2483 ‚
1379 2454 1416 2477 ac
1438 2444 1479 2478 de
1506 2443 1569 2478 sese
1589 2454 1706 2478 mutuo
1720 2445 1869 2488 praedices
1882 2471 1893 2487 ‚
1919 2460 1956 2483 ac
1968 2449 2081 2491 dicas,

1206 2491 1312 2524 Album
1335 2492 1373 2533 eff
1385 2495 1489 2533 dulce,
1510 2499 1677 2528 animatum
1697 2494 1735 2534 est
1757 2504 1918 2537 carneum,
1942 2510 2080 2534 carneum

1204 2542 1241 2581 est
1263 2548 1433 2576 animatum
1453 2568 1464 2583 ‚
1488 2544 1590 2578 album
1613 2544 1651 2584 est
1674 2555 1841 2588 quantum,
1868 2556 2014 2591 quantum
2039 2551 2079 2591 est

1202 2590 1303 2625 album
1319 2618 1329 2633 ‚
1354 2594 1411 2628 &a
1437 2594 1560 2628 Omnia
1585 2594 1642 2628 isla
1664 2595 1832 2637 praedicata
1846 2599 2010 2641 appellant
2023 2602 2078 2634 su-

1203 2653 1256 2685 pra
1279 2642 1338 2677 ista
1360 2643 1495 2688 subjesta
1516 2643 1737 2688 appellatione
1758 2649 1942 2689 materiali,
1971 2650 2077 2684 &for-

1201 2693 1276 2726 mali
1297 2693 1389 2727 simul
1407 2719 1415 2727 .
1444 2694 1548 2741 Qud
1568 2694 1732 2738 appellent
1764 2697 1984 2739 appellatione
2009 2711 2078 2734 ma-

1201 2742 1327 2784 teriali,
1351 2743 1397 2777 est
1420 2743 1554 2787 planum
1577 2745 1610 2779 δε
1632 2743 1754 2778 clarum
1776 2760 1787 2780 .-
1814 2746 2006 2791 prob-atique
2027 2751 2076 2784 fa-

1199 2792 1262 2827 cile
1282 2794 1385 2836 potest
1409 2794 1604 2838 applicando
1628 2806 1860 2843 argumentum
1878 2797 2074 2840 jamfastum

1199 2843 1328 2887 saepius.

1246 2905 1301 2940 23.
1331 2892 1433 2942 Qiod
1445 2893 1521 2928 vero
1546 2895 1710 2939 appellent
1722 2897 1939 2941 appellatione
1950 2899 2071 2935 forma-

1197 2942 1245 2984 li,
1274 2944 1326 2977 hoc
1343 2953 1435 2987 opus,
1462 2944 1510 2978 hic
1528 2944 1610 2979 labor
1633 2946 1687 2986 est.
1716 2948 1851 2992 Negant
1872 2959 1987 2983 omnes
1998 2961 2069 2984 uno

1195 3005 1273 3027 ore:
1301 2995 1378 3039 Ego
1400 3005 1507 3029 tamen
1533 2996 1655 3039 semper
1678 2999 1789 3041 putavi
1810 3008 1931 3033 certum
1957 2999 1991 3034 ἀ
2005 2999 2069 3035 cla·

1195 3055 1285 3077 rum.
1310 3045 1461 3078 Probatur
1484 3056 1569 3089 ergo:
1596 3047 1686 3094 Qia
1707 3057 1786 3082 tunc
1798 3050 2004 3092 praedicatum
2018 3050 2068 3085 su·

1193 3105 1248 3137 pra
1272 3095 1365 3129 suum
1391 3095 1568 3136 subjectum
1580 3096 1722 3140 appellat
1735 3099 1936 3141 formaliter,
1964 3110 2066 3143 quau-

1191 3143 1236 3177 do
1261 3144 1481 3190 significatum
1506 3144 1574 3188 ejus
1597 3148 1735 3182 formale
1758 3151 1913 3192 quadrat,
1940 3160 1976 3183 ac
1989 3161 2066 3192 qua·

1191 3194 1281 3227 drare
1317 3195 1516 3239 significatur
1547 3197 1677 3231 formali
1704 3199 1883 3243 fignificato
1911 3199 2066 3244 subjecti:

1189 3243 1284 3286 atqui
1304 3243 1369 3278 hoc
1401 3253 1508 3278 totum
1542 3247 1579 3280 fit
1611 3246 1647 3281 in
1671 3248 1740 3282 istis
1772 3250 2067 3293 propositionibus:

1189 3305 1269 3338 ergo
1290 3295 1328 3327 fit
1363 3293 1538 3337 appellatio
1563 3297 1711 3332 formalis
1731 3323 1740 3332 .
1776 3300 1926 3334 Probatur
1946 3306 2065 3334 minor.-

1190 3343 1279 3390 Qiia
1306 3344 1342 3378 in
1364 3343 1433 3378 istis
1453 3345 1736 3388 praedicationibus
1759 3349 1977 3395 significatum
2001 3352 2067 3385 for·

1191 3394 1276 3428 male
1299 3394 1458 3437 praedicati
1481 3394 1526 3428 est
1548 3396 1714 3439 dulcedo,
1740 3398 1774 3433 &
1798 3401 1908 3435 anima
1930 3413 1946 3443 ,·
1971 3401 2066 3445 signi-

1190 3444 1326 3481 ficatum
1348 3445 1427 3481 vero
1457 3446 1596 3483 formale
1615 3447 1745 3493 subjecti
1771 3449 1817 3484 est
1829 3450 1949 3487 albedo
1963 3451 2069 3484 &fot-

1967 3509 2022 3535 ma.

493 2591 516 2625 S
542 2589 572 2624 E
598 2590 630 2627 C
654 2590 694 2624 T
717 2589 733 2623 Ι
757 2591 794 2625 O
844 2590 903 2625 11.

460 2691 565 2722 Tertia
592 2690 627 2723 ὁ·
652 2698 769 2732 quarta
792 2693 925 2734 Regula.

259 2799 316 2829 20·
453 2790 555 2833 Egula-
577 2793 672 2823 tertia
682 2786 720 2830 fit
736 2788 799 2822 baec
822 2801 829 2821 :
860 2789 1013 2838 Qando
1034 2790 1138 2834 plures

468 2837 612 2882 ejusdem
639 2839 821 2883 suppositi,
846 2841 900 2874 sed
926 2840 1040 2873 diversi
1066 2841 1138 2875 sub·

256 2889 332 2933 jeai
356 2890 469 2924 formae
488 2890 671 2924 concretim
691 2891 843 2933 expressae
861 2888 905 2923 de
928 2890 991 2924 sese
1018 2900 1135 2926 mutuo

255 2938 471 2984 praedicantur
493 2965 507 2981 ,
540 2949 619 2973 tunc
646 2939 822 2983 appellatio
859 2939 904 2974 est
927 2940 1136 2976 solummodo

255 2991 455 3030 materialis,
483 3001 553 3026 non
574 2989 652 3024 vero
674 2989 843 3032 formalis;
871 2989 956 3024 verb.
967 3001 1050 3035 grat.
1074 3003 1134 3026 au-

255 3040 342 3074 ditio
363 3041 397 3075 &
415 3040 497 3074 visio
517 3041 593 3074 sunt
615 3041 724 3075 formae
743 3039 887 3083 ejusdem
907 3041 1063 3085 suppositi
1075 3039 1134 3076 lm-

254 3091 375 3131 mani;
408 3091 522 3125 diversi
544 3101 655 3127 tamen
676 3088 807 3133 subjecti
835 3102 845 3122 z
871 3101 948 3124 nam
969 3093 983 3130 (
1004 3101 1041 3125 ut
1062 3092 1132 3126 vult

196 3148 200 3154 ‘
253 3141 441 3175 communis
461 3141 580 3185 opinio
601 3166 615 3182 ,
639 3141 681 3175 de
701 3152 765 3184 qua
783 3139 892 3174 dicam
917 3139 954 3174 in
975 3140 1066 3175 libris
1091 3143 1133 3176 de

253 3190 390 3232 anima)
415 3191 543 3226 auditio
568 3191 614 3226 est
642 3192 675 3225 in
703 3201 864 3234 tympano
890 3191 976 3225 auris
996 3203 1013 3233 ;
1051 3192 1129 3226 visio

249 3239 332 3273 vero
358 3239 403 3273 est
430 3241 465 3273 in
494 3242 606 3276 tunica
629 3240 788 3276 retiformi
815 3240 903 3275 oculi
925 3265 935 3272 .
971 3241 1129 3277 Similiter

250 3289 331 3324 visio
356 3290 389 3323 δε
417 3288 600 3325 intellectio
624 3293 698 3326 sunt
724 3292 837 3325 formae⁴
860 3290 999 3334 ejusdem
1014 3293 1129 3337 suppo·

249 3339 300 3372 siti
327 3337 463 3374 humani
489 3352 498 3382 ;
524 3341 637 3376 diversi
662 3353 773 3377 tamen
800 3341 956 3384 subjesti:
989 3342 1023 3376 Si
1048 3353 1127 3389 ergo

250 3386 328 3431 has,
353 3390 498 3434 aliasque
524 3391 644 3425 similes
668 3394 790 3427 formas
814 3392 997 3426 concretim
1024 3394 1126 3438 expri-

251 3447 321 3475 mas
340 3464 352 3484 ,
380 3440 414 3476 δε
438 3441 484 3477 sic
510 3439 550 3476 de
576 3441 641 3478 sese
664 3452 784 3481 mutuo
809 3442 957 3489 praedices
979 3466 991 3485 ‚
1012 3453 1054 3479 ac
1078 3443 1127 3479 di·
