<?xml version="1.0" encoding="UTF-8"?>
<!DOCTYPE html PUBLIC "-//W3C//DTD XHTML 1.0 Transitional//EN"
    "http://www.w3.org/TR/xhtml1/DTD/xhtml1-transitional.dtd">
<html xmlns="http://www.w3.org/1999/xhtml" xml:lang="en" lang="en">
 <head>
  <title>
</title>
<meta http-equiv="Content-Type" content="text/html;charset=utf-8" />
  <meta name='ocr-system' content='tesseract 3.04.00' />
  <meta name='ocr-capabilities' content='ocr_page ocr_carea ocr_par ocr_line ocrx_word'/>
</head>
<body>
  <div class='ocr_page' id='page_1' title='image "./operaomniastudio12lupuuoft/operaomniastudio12lupuuoft_0017.png"; bbox 0 0 2384 3770; ppageno 0'>
   <div class='ocr_carea' id='block_1_1' title="bbox 85 1305 244 1353">
    <p class='ocr_par' dir='ltr' id='par_1_1' title="bbox 85 1305 244 1353">
     <span class='ocr_line' id='line_1_1' title="bbox 85 1305 244 1353; baseline -0.025 -12"><span class='ocrx_word' id='word_1_1' title='bbox 85 1305 159 1353; x_wconf 86' lang='lat' dir='ltr'>L.9.</span> <span class='ocrx_word' id='word_1_2' title='bbox 170 1315 199 1340; x_wconf 88' lang='lat' dir='ltr'>c.</span> <span class='ocrx_word' id='word_1_3' title='bbox 211 1315 244 1353; x_wconf 86' lang='lat'>9.</span> 
     </span>
    </p>
   </div>
   <div class='ocr_carea' id='block_1_2' title="bbox 191 541 1157 593">
    <p class='ocr_par' dir='ltr' id='par_1_2' title="bbox 191 541 1157 593">
     <span class='ocr_line' id='line_1_2' title="bbox 191 541 1157 593; baseline -0.012 -7"><span class='ocrx_word' id='word_1_4' title='bbox 191 581 198 589; x_wconf 88' lang='lat'><strong>.</strong></span> <span class='ocrx_word' id='word_1_5' title='bbox 234 583 240 590; x_wconf 86' lang='lat'><em>,</em></span> <span class='ocrx_word' id='word_1_6' title='bbox 260 561 342 585; x_wconf 92' lang='lat' dir='ltr'>tunc</span> <span class='ocrx_word' id='word_1_7' title='bbox 363 549 484 593; x_wconf 81' lang='lat' dir='ltr'>linguae</span> <span class='ocrx_word' id='word_1_8' title='bbox 511 545 730 580; x_wconf 83' lang='lat' dir='ltr'>ministerium</span> <span class='ocrx_word' id='word_1_9' title='bbox 753 543 946 578; x_wconf 67' lang='lat' dir='ltr'>subtractum</span> <span class='ocrx_word' id='word_1_10' title='bbox 968 541 1014 574; x_wconf 83' lang='lat' dir='ltr'>est</span> <span class='ocrx_word' id='word_1_11' title='bbox 1040 541 1157 575; x_wconf 82' lang='lat' dir='ltr'>nundi-</span> 
     </span>
    </p>
   </div>
   <div class='ocr_carea' id='block_1_3' title="bbox 651 110 2068 168">
    <p class='ocr_par' dir='ltr' id='par_1_3' title="bbox 651 110 2068 168">
     <span class='ocr_line' id='line_1_3' title="bbox 651 110 2068 168; baseline -0.008 -8"><span class='ocrx_word' id='word_1_12' title='bbox 651 110 1617 160; x_wconf 48' lang='lat' dir='ltr'>SAN.011÷&#39;Aucusrru1.</span> <span class='ocrx_word' id='word_1_13' title='bbox 2048 124 2068 168; x_wconf 90' lang='lat'>3</span> 
     </span>
    </p>
   </div>
   <div class='ocr_carea' id='block_1_4' title="bbox 258 186 2110 1222">
    <p class='ocr_par' dir='ltr' id='par_1_4' title="bbox 258 186 2110 1222">
     <span class='ocr_line' id='line_1_4' title="bbox 258 186 2105 248; baseline -0.01 -11"><span class='ocrx_word' id='word_1_14' title='bbox 258 202 344 248; x_wconf 81' lang='lat' dir='ltr'>quali</span> <span class='ocrx_word' id='word_1_15' title='bbox 367 201 400 235; x_wconf 91' lang='lat' dir='ltr'>lu</span> <span class='ocrx_word' id='word_1_16' title='bbox 414 210 452 235; x_wconf 88' lang='lat' dir='ltr'>ce</span> <span class='ocrx_word' id='word_1_17' title='bbox 472 197 654 233; x_wconf 76' lang='lat' dir='ltr'>securitatis</span> <span class='ocrx_word' id='word_1_18' title='bbox 675 197 782 231; x_wconf 86' lang='lat' dir='ltr'>infusa</span> <span class='ocrx_word' id='word_1_19' title='bbox 804 218 817 234; x_wconf 88' lang='lat'>,</span> <span class='ocrx_word' id='word_1_20' title='bbox 840 202 957 228; x_wconf 87' lang='lat' dir='ltr'>omnes</span> <span class='ocrx_word' id='word_1_21' title='bbox 982 189 1183 225; x_wconf 63' lang='lat' dir='ltr'>dubietatis?</span> <span class='ocrx_word' id='word_1_22' title='bbox 1218 190 1322 222; x_wconf 79' lang='lat' dir='ltr'>Nolite</span> <span class='ocrx_word' id='word_1_23' title='bbox 1332 192 1437 222; x_wconf 86' lang='lat' dir='ltr'>timere</span> <span class='ocrx_word' id='word_1_24' title='bbox 1444 187 1566 231; x_wconf 80' lang='lat' dir='ltr'>pufillus</span> <span class='ocrx_word' id='word_1_25' title='bbox 1572 199 1674 233; x_wconf 80' lang='lat' dir='ltr'>grex,</span> <span class='ocrx_word' id='word_1_26' title='bbox 1700 186 2105 235; x_wconf 68' lang='lat' dir='ltr'>quoniamcomplacuitpa.</span> 
     </span>
     <span class='ocr_line' id='line_1_5' title="bbox 258 238 2106 300; baseline -0.007 -12"><span class='ocrx_word' id='word_1_27' title='bbox 258 252 401 289; x_wconf 80' lang='lat' dir='ltr'>tenebrae</span> <span class='ocrx_word' id='word_1_28' title='bbox 425 250 660 300; x_wconf 36' lang='lat' dir='ltr'>diffugertknss</span> <span class='ocrx_word' id='word_1_29' title='bbox 687 256 767 280; x_wconf 77' lang='lat' dir='ltr'>runc</span> <span class='ocrx_word' id='word_1_30' title='bbox 789 243 887 277; x_wconf 87' lang='lat' dir='ltr'>matri</span> <span class='ocrx_word' id='word_1_31' title='bbox 908 241 1094 275; x_wconf 65' lang='lat' dir='ltr'>concessum</span> <span class='ocrx_word' id='word_1_32' title='bbox 1116 241 1161 275; x_wconf 87' lang='lat' dir='ltr'>cst</span> <span class='ocrx_word' id='word_1_33' title='bbox 1204 238 1446 287; x_wconf 26' lang='lat' dir='ltr'>&amp;trivestrcdare</span> <span class='ocrx_word' id='word_1_34' title='bbox 1457 239 1542 272; x_wconf 82' lang='lat' dir='ltr'>vobis</span> <span class='ocrx_word' id='word_1_35' title='bbox 1551 250 1695 283; x_wconf 86' lang='lat' dir='ltr'>regnum.</span> <span class='ocrx_word' id='word_1_36' title='bbox 1723 243 1854 274; x_wconf 83' lang='lat' dir='ltr'>Vendite</span> <span class='ocrx_word' id='word_1_37' title='bbox 1865 243 2106 286; x_wconf 77' lang='lat' dir='ltr'>quaepoffidetis‚</span> 
     </span>
     <span class='ocr_line' id='line_1_6' title="bbox 264 287 2108 345; baseline -0.009 -10"><span class='ocrx_word' id='word_1_38' title='bbox 264 303 356 345; x_wconf 84' lang='lat' dir='ltr'>plus,</span> <span class='ocrx_word' id='word_1_39' title='bbox 379 312 486 345; x_wconf 87' lang='lat' dir='ltr'>quam</span> <span class='ocrx_word' id='word_1_40' title='bbox 509 303 617 343; x_wconf 81' lang='lat' dir='ltr'>petere</span> <span class='ocrx_word' id='word_1_41' title='bbox 639 295 764 331; x_wconf 85' lang='lat' dir='ltr'>solebat</span> <span class='ocrx_word' id='word_1_42' title='bbox 801 291 1039 326; x_wconf 78' lang='lat' dir='ltr'>miserabilibus</span> <span class='ocrx_word' id='word_1_43' title='bbox 1074 291 1159 331; x_wconf 83' lang='lat' dir='ltr'>suis,</span> <span class='ocrx_word' id='word_1_44' title='bbox 1204 287 1573 331; x_wconf 71' lang='lat' dir='ltr'>i&amp;daeeeleemos1nam:</span> <span class='ocrx_word' id='word_1_45' title='bbox 1591 289 1690 330; x_wconf 83' lang='lat' dir='ltr'>facite</span> <span class='ocrx_word' id='word_1_46' title='bbox 1703 290 1788 322; x_wconf 85' lang='lat' dir='ltr'>vobis</span> <span class='ocrx_word' id='word_1_47' title='bbox 1797 289 1927 331; x_wconf 84' lang='lat' dir='ltr'>sacculos</span> <span class='ocrx_word' id='word_1_48' title='bbox 1949 304 2008 327; x_wconf 72' lang='lat' dir='ltr'>non</span> <span class='ocrx_word' id='word_1_49' title='bbox 2026 302 2108 327; x_wconf 60' lang='lat' dir='ltr'>vetes</span> 
     </span>
     <span class='ocr_line' id='line_1_7' title="bbox 264 337 2107 402; baseline -0.002 -22"><span class='ocrx_word' id='word_1_50' title='bbox 264 352 390 386; x_wconf 70' lang='lat' dir='ltr'>flebjljb</span> <span class='ocrx_word' id='word_1_51' title='bbox 401 352 500 394; x_wconf 81' lang='lat' dir='ltr'>usque</span> <span class='ocrx_word' id='word_1_52' title='bbox 508 347 686 402; x_wconf 70' lang='lat' dir='ltr'>gemitibus</span> <span class='ocrx_word' id='word_1_53' title='bbox 699 369 710 386; x_wconf 94' lang='lat'>‚</span> <span class='ocrx_word' id='word_1_54' title='bbox 736 343 908 378; x_wconf 86' lang='lat' dir='ltr'>conversus</span> <span class='ocrx_word' id='word_1_55' title='bbox 931 343 1022 376; x_wconf 81' lang='lat' dir='ltr'>enim</span> <span class='ocrx_word' id='word_1_56' title='bbox 1042 350 1110 375; x_wconf 88' lang='lat' dir='ltr'>erat</span> <span class='ocrx_word' id='word_1_57' title='bbox 1125 341 1161 374; x_wconf 86' lang='lat' dir='ltr'>fi·</span> <span class='ocrx_word' id='word_1_58' title='bbox 1204 337 1363 382; x_wconf 57' lang='lat' dir='ltr'>‘rufi-entes</span> <span class='ocrx_word' id='word_1_59' title='bbox 1372 362 1382 378; x_wconf 91' lang='lat'>,</span> <span class='ocrx_word' id='word_1_60' title='bbox 1408 338 1582 382; x_wconf 84' lang='lat' dir='ltr'>thesaurum</span> <span class='ocrx_word' id='word_1_61' title='bbox 1597 351 1653 372; x_wconf 88' lang='lat' dir='ltr'>non</span> <span class='ocrx_word' id='word_1_62' title='bbox 1666 337 1846 379; x_wconf 76' lang='lat' dir='ltr'>deficientem</span> <span class='ocrx_word' id='word_1_63' title='bbox 1859 346 1891 373; x_wconf 85' lang='lat' dir='ltr'>in</span> <span class='ocrx_word' id='word_1_64' title='bbox 1901 345 1971 375; x_wconf 85' lang='lat' dir='ltr'>caelo</span> <span class='ocrx_word' id='word_1_65' title='bbox 1985 368 1994 383; x_wconf 89' lang='lat'><strong>,</strong></span> <span class='ocrx_word' id='word_1_66' title='bbox 2004 344 2038 378; x_wconf 55' lang='grc' dir='ltr'>(τ’</span> <span class='ocrx_word' id='word_1_67' title='bbox 2048 353 2107 377; x_wconf 81' lang='lat' dir='ltr'>eae-</span> 
     </span>
     <span class='ocr_line' id='line_1_8' title="bbox 260 386 2104 444; baseline -0.003 -13"><span class='ocrx_word' id='word_1_68' title='bbox 260 402 323 435; x_wconf 82' lang='lat' dir='ltr'>lius</span> <span class='ocrx_word' id='word_1_69' title='bbox 336 425 347 442; x_wconf 87' lang='lat'>‚</span> <span class='ocrx_word' id='word_1_70' title='bbox 373 411 411 435; x_wconf 92' lang='lat' dir='ltr'>ut</span> <span class='ocrx_word' id='word_1_71' title='bbox 427 401 493 444; x_wconf 78' lang='lat' dir='ltr'>jam</span> <span class='ocrx_word' id='word_1_72' title='bbox 504 409 565 432; x_wconf 86' lang='lat' dir='ltr'>nec</span> <span class='ocrx_word' id='word_1_73' title='bbox 587 407 726 431; x_wconf 87' lang='lat' dir='ltr'>uxorem</span> <span class='ocrx_word' id='word_1_74' title='bbox 740 403 892 438; x_wconf 83' lang='lat' dir='ltr'>quaereret</span> <span class='ocrx_word' id='word_1_75' title='bbox 903 417 914 433; x_wconf 94' lang='lat'>,</span> <span class='ocrx_word' id='word_1_76' title='bbox 940 403 1000 425; x_wconf 87' lang='lat' dir='ltr'>nec</span> <span class='ocrx_word' id='word_1_77' title='bbox 1011 391 1158 435; x_wconf 84' lang='lat' dir='ltr'>aliquam</span> <span class='ocrx_word' id='word_1_78' title='bbox 1216 396 1283 422; x_wconf 85' lang='lat' dir='ltr'>tera</span> <span class='ocrx_word' id='word_1_79' title='bbox 1293 412 1300 420; x_wconf 86' lang='lat'><strong><em>.</em></strong></span> <span class='ocrx_word' id='word_1_80' title='bbox 1324 392 1371 422; x_wconf 87' lang='lat' dir='ltr'>Et</span> <span class='ocrx_word' id='word_1_81' title='bbox 1383 389 1477 430; x_wconf 81' lang='lat' dir='ltr'>illud,</span> <span class='ocrx_word' id='word_1_82' title='bbox 1492 386 1574 431; x_wconf 72' lang='lat' dir='ltr'>qdod</span> <span class='ocrx_word' id='word_1_83' title='bbox 1579 395 1687 422; x_wconf 85' lang='lat' dir='ltr'>iterum</span> <span class='ocrx_word' id='word_1_84' title='bbox 1698 391 1771 422; x_wconf 81' lang='lat' dir='ltr'>dicit</span> <span class='ocrx_word' id='word_1_85' title='bbox 1793 392 1946 432; x_wconf 77' lang='lat' dir='ltr'>Dominus,</span> <span class='ocrx_word' id='word_1_86' title='bbox 1961 395 2040 426; x_wconf 82' lang='lat' dir='ltr'>idem</span> <span class='ocrx_word' id='word_1_87' title='bbox 2054 395 2104 426; x_wconf 76' lang='lat' dir='ltr'>vir</span> 
     </span>
     <span class='ocr_line' id='line_1_9' title="bbox 261 437 2107 495; baseline 0.001 -20"><span class='ocrx_word' id='word_1_88' title='bbox 261 452 348 495; x_wconf 69' lang='lat' dir='ltr'>spem</span> <span class='ocrx_word' id='word_1_89' title='bbox 381 449 487 485; x_wconf 55' lang='lat' dir='ltr'>snufi</span> <span class='ocrx_word' id='word_1_90' title='bbox 518 444 615 490; x_wconf 82' lang='lat' dir='ltr'>hujus</span> <span class='ocrx_word' id='word_1_91' title='bbox 629 470 640 486; x_wconf 93' lang='lat'><strong>,</strong></span> <span class='ocrx_word' id='word_1_92' title='bbox 663 445 750 479; x_wconf 81' lang='lat' dir='ltr'>stans</span> <span class='ocrx_word' id='word_1_93' title='bbox 773 443 809 477; x_wconf 86' lang='lat' dir='ltr'>in</span> <span class='ocrx_word' id='word_1_94' title='bbox 829 453 867 476; x_wconf 89' lang='lat' dir='ltr'>ea</span> <span class='ocrx_word' id='word_1_95' title='bbox 890 441 1000 487; x_wconf 87' lang='lat' dir='ltr'>regula</span> <span class='ocrx_word' id='word_1_96' title='bbox 1021 441 1157 482; x_wconf 87' lang='lat' dir='ltr'>fidei‚in</span> <span class='ocrx_word' id='word_1_97' title='bbox 1213 437 1335 482; x_wconf 76' lang='lat' dir='ltr'>sanc‘i&#39;us</span> <span class='ocrx_word' id='word_1_98' title='bbox 1344 438 1447 480; x_wconf 83' lang='lat' dir='ltr'>facere</span> <span class='ocrx_word' id='word_1_99' title='bbox 1457 445 1598 482; x_wconf 79' lang='lat' dir='ltr'>cupiens,</span> <span class='ocrx_word' id='word_1_100' title='bbox 1620 441 1651 472; x_wconf 78' lang='lat'>51&#39;</span> <span class='ocrx_word' id='word_1_101' title='bbox 1674 444 1724 473; x_wconf 82' lang='lat' dir='ltr'>vis</span> <span class='ocrx_word' id='word_1_102' title='bbox 1742 439 1896 481; x_wconf 66' lang='lat' dir='ltr'>perfellus</span> <span class='ocrx_word' id='word_1_103' title='bbox 1911 443 1982 482; x_wconf 83' lang='lat' dir='ltr'>effe,</span> <span class='ocrx_word' id='word_1_104' title='bbox 1998 443 2107 476; x_wconf 70' lang='lat' dir='ltr'>‘vende</span> 
     </span>
     <span class='ocr_line' id='line_1_10' title="bbox 260 488 2107 544; baseline -0.003 -9"><span class='ocrx_word' id='word_1_105' title='bbox 260 512 325 544; x_wconf 87' lang='lat' dir='ltr'>qua</span> <span class='ocrx_word' id='word_1_106' title='bbox 350 501 445 535; x_wconf 87' lang='lat' dir='ltr'>illum</span> <span class='ocrx_word' id='word_1_107' title='bbox 466 507 543 532; x_wconf 86' lang='lat' dir='ltr'>autc</span> <span class='ocrx_word' id='word_1_108' title='bbox 566 506 619 530; x_wconf 79' lang='lat' dir='ltr'>tot</span> <span class='ocrx_word' id='word_1_109' title='bbox 640 505 744 529; x_wconf 83' lang='lat' dir='ltr'>annos</span> <span class='ocrx_word' id='word_1_110' title='bbox 756 493 787 527; x_wconf 94' lang='lat' dir='ltr'>ei</span> <span class='ocrx_word' id='word_1_111' title='bbox 798 493 965 527; x_wconf 86' lang='lat' dir='ltr'>Dominus</span> <span class='ocrx_word' id='word_1_112' title='bbox 991 492 1156 534; x_wconf 49' lang='lat' dir='ltr'>revelatae</span> <span class='ocrx_word' id='word_1_113' title='bbox 1216 495 1316 522; x_wconf 83' lang='lat' dir='ltr'>omnia</span> <span class='ocrx_word' id='word_1_114' title='bbox 1337 500 1404 531; x_wconf 77' lang='lat' dir='ltr'>quae</span> <span class='ocrx_word' id='word_1_115' title='bbox 1427 488 1518 522; x_wconf 83' lang='lat' dir='ltr'>habes</span> <span class='ocrx_word' id='word_1_116' title='bbox 1535 514 1545 530; x_wconf 90' lang='lat'><em>‚</em></span> <span class='ocrx_word' id='word_1_117' title='bbox 1570 491 1604 524; x_wconf 65' lang='grc' dir='ltr'>ὁ·</span> <span class='ocrx_word' id='word_1_118' title='bbox 1624 490 1666 522; x_wconf 71' lang='lat' dir='ltr'>da</span> <span class='ocrx_word' id='word_1_119' title='bbox 1688 489 1874 532; x_wconf 82' lang='lat' dir='ltr'>pauperibus</span> <span class='ocrx_word' id='word_1_120' title='bbox 1890 513 1900 529; x_wconf 73' lang='lat'><em>2</em></span> <span class='ocrx_word' id='word_1_121' title='bbox 1923 492 1956 523; x_wconf 59' lang='grc' dir='ltr'>δ’</span> <span class='ocrx_word' id='word_1_122' title='bbox 1980 491 2107 525; x_wconf 82' lang='lat' dir='ltr'>babebis</span> 
     </span>
     <span class='ocr_line' id='line_1_11' title="bbox 1217 537 2105 583; baseline 0.002 -11"><span class='ocrx_word' id='word_1_123' title='bbox 1217 537 1389 582; x_wconf 83' lang='lat' dir='ltr'>thesaurum</span> <span class='ocrx_word' id='word_1_124' title='bbox 1400 545 1432 571; x_wconf 87' lang='lat' dir='ltr'>in</span> <span class='ocrx_word' id='word_1_125' title='bbox 1443 541 1526 573; x_wconf 79' lang='lat' dir='ltr'>caelis</span> <span class='ocrx_word' id='word_1_126' title='bbox 1537 564 1547 580; x_wconf 91' lang='lat'><em>‚</em></span> <span class='ocrx_word' id='word_1_127' title='bbox 1573 541 1689 574; x_wconf 71' lang='lat' dir='ltr'>&amp;veni</span> <span class='ocrx_word' id='word_1_128' title='bbox 1702 564 1712 579; x_wconf 90' lang='lat'><strong>,</strong></span> <span class='ocrx_word' id='word_1_129' title='bbox 1732 537 1853 582; x_wconf 83' lang='lat' dir='ltr'>sequere</span> <span class='ocrx_word' id='word_1_130' title='bbox 1866 550 1932 573; x_wconf 90' lang='lat' dir='ltr'>me.</span> <span class='ocrx_word' id='word_1_131' title='bbox 1958 542 2003 573; x_wconf 85' lang='lat' dir='ltr'>Et</span> <span class='ocrx_word' id='word_1_132' title='bbox 2014 538 2105 583; x_wconf 85' lang='lat' dir='ltr'>super</span> 
     </span>
     <span class='ocr_line' id='line_1_12' title="bbox 1211 587 2106 633; baseline 0.002 -12"><span class='ocrx_word' id='word_1_133' title='bbox 1211 589 1288 631; x_wconf 79' lang='lat' dir='ltr'>fidei</span> <span class='ocrx_word' id='word_1_134' title='bbox 1291 589 1530 631; x_wconf 83' lang='lat' dir='ltr'>fundamentum</span> <span class='ocrx_word' id='word_1_135' title='bbox 1543 590 1690 629; x_wconf 71' lang='lat' dir='ltr'>aedificare</span> <span class='ocrx_word' id='word_1_136' title='bbox 1701 587 1869 630; x_wconf 76' lang='lat' dir='ltr'>desiderans</span> <span class='ocrx_word' id='word_1_137' title='bbox 1882 612 1893 628; x_wconf 93' lang='lat'>,</span> <span class='ocrx_word' id='word_1_138' title='bbox 1918 600 1976 622; x_wconf 88' lang='lat' dir='ltr'>non</span> <span class='ocrx_word' id='word_1_139' title='bbox 2000 591 2082 633; x_wconf 82' lang='lat' dir='ltr'>ligna</span> <span class='ocrx_word' id='word_1_140' title='bbox 2094 614 2106 631; x_wconf 86' lang='lat'>‚</span> 
     </span>
     <span class='ocr_line' id='line_1_13' title="bbox 1212 638 2104 683; baseline 0.002 -11"><span class='ocrx_word' id='word_1_141' title='bbox 1212 638 1333 679; x_wconf 84' lang='lat' dir='ltr'>faenum</span> <span class='ocrx_word' id='word_1_142' title='bbox 1346 662 1358 678; x_wconf 88' lang='lat'><strong>,</strong></span> <span class='ocrx_word' id='word_1_143' title='bbox 1373 639 1515 681; x_wconf 81' lang='lat' dir='ltr'>stipulam</span> <span class='ocrx_word' id='word_1_144' title='bbox 1528 663 1539 679; x_wconf 89' lang='lat'><em>‚</em></span> <span class='ocrx_word' id='word_1_145' title='bbox 1554 638 1727 682; x_wconf 79' lang='lat' dir='ltr'>J‘edaurum</span> <span class='ocrx_word' id='word_1_146' title='bbox 1739 665 1750 679; x_wconf 88' lang='lat'><strong>,</strong></span> <span class='ocrx_word' id='word_1_147' title='bbox 1770 649 1927 683; x_wconf 85' lang='lat' dir='ltr'>argentum</span> <span class='ocrx_word' id='word_1_148' title='bbox 1947 663 1957 679; x_wconf 93' lang='lat'><strong>,</strong></span> <span class='ocrx_word' id='word_1_149' title='bbox 1987 640 2104 682; x_wconf 83' lang='lat' dir='ltr'>lapides</span> 
     </span>
     <span class='ocr_line' id='line_1_14' title="bbox 1213 687 2104 733; baseline 0.002 -13"><span class='ocrx_word' id='word_1_150' title='bbox 1213 687 1379 731; x_wconf 77' lang='lat' dir='ltr'>pretIosos.</span> <span class='ocrx_word' id='word_1_151' title='bbox 1405 689 1482 723; x_wconf 90' lang='lat' dir='ltr'>Erat</span> <span class='ocrx_word' id='word_1_152' title='bbox 1497 691 1616 732; x_wconf 87' lang='lat' dir='ltr'>quippe</span> <span class='ocrx_word' id='word_1_153' title='bbox 1629 689 1702 724; x_wconf 86' lang='lat' dir='ltr'>talis</span> <span class='ocrx_word' id='word_1_154' title='bbox 1727 690 1792 724; x_wconf 85' lang='lat' dir='ltr'>Dei</span> <span class='ocrx_word' id='word_1_155' title='bbox 1819 691 1948 729; x_wconf 86' lang='lat' dir='ltr'>servus,</span> <span class='ocrx_word' id='word_1_156' title='bbox 1976 689 2104 733; x_wconf 90' lang='lat' dir='ltr'>qualem</span> 
     </span>
     <span class='ocr_line' id='line_1_15' title="bbox 1215 738 2105 785; baseline 0.002 -14"><span class='ocrx_word' id='word_1_157' title='bbox 1215 739 1245 771; x_wconf 90' lang='lat' dir='ltr'>ei</span> <span class='ocrx_word' id='word_1_158' title='bbox 1258 738 1462 782; x_wconf 82' lang='lat' dir='ltr'>descripserat</span> <span class='ocrx_word' id='word_1_159' title='bbox 1476 739 1665 773; x_wconf 87' lang='lat' dir='ltr'>Potitianus</span> <span class='ocrx_word' id='word_1_160' title='bbox 1676 741 1709 773; x_wconf 91' lang='lat' dir='ltr'>in</span> <span class='ocrx_word' id='word_1_161' title='bbox 1721 738 1877 785; x_wconf 79' lang='lat' dir='ltr'>gregibus</span> <span class='ocrx_word' id='word_1_162' title='bbox 1890 739 2105 773; x_wconf 82' lang='lat' dir='ltr'>monasterio-</span> 
     </span>
     <span class='ocr_line' id='line_1_16' title="bbox 1214 787 2104 833; baseline 0.001 -12"><span class='ocrx_word' id='word_1_163' title='bbox 1214 799 1287 822; x_wconf 90' lang='lat' dir='ltr'>rum</span> <span class='ocrx_word' id='word_1_164' title='bbox 1302 799 1339 822; x_wconf 88' lang='lat' dir='ltr'>ac</span> <span class='ocrx_word' id='word_1_165' title='bbox 1352 787 1507 823; x_wconf 84' lang='lat' dir='ltr'>uberibus</span> <span class='ocrx_word' id='word_1_166' title='bbox 1520 789 1628 824; x_wconf 86' lang='lat' dir='ltr'>Eremi</span> <span class='ocrx_word' id='word_1_167' title='bbox 1640 790 1772 824; x_wconf 84' lang='lat' dir='ltr'>desertis</span> <span class='ocrx_word' id='word_1_168' title='bbox 1784 814 1795 831; x_wconf 86' lang='lat'>‚</span> <span class='ocrx_word' id='word_1_169' title='bbox 1807 790 1939 833; x_wconf 87' lang='lat' dir='ltr'>qualem</span> <span class='ocrx_word' id='word_1_170' title='bbox 1949 789 1990 824; x_wconf 80' lang='lat' dir='ltr'>eo</span> <span class='ocrx_word' id='word_1_171' title='bbox 2004 790 2104 833; x_wconf 81' lang='lat' dir='ltr'>usque</span> 
     </span>
     <span class='ocr_line' id='line_1_17' title="bbox 1217 838 2103 881; baseline 0.005 -11"><span class='ocrx_word' id='word_1_172' title='bbox 1217 839 1282 881; x_wconf 89' lang='lat' dir='ltr'>ipse</span> <span class='ocrx_word' id='word_1_173' title='bbox 1293 838 1455 873; x_wconf 78' lang='lat' dir='ltr'>nesciebat</span> <span class='ocrx_word' id='word_1_174' title='bbox 1469 863 1477 871; x_wconf 88' lang='lat'><strong>.</strong></span> <span class='ocrx_word' id='word_1_175' title='bbox 1503 838 1626 874; x_wconf 87' lang='lat' dir='ltr'>Talem</span> <span class='ocrx_word' id='word_1_176' title='bbox 1639 839 1705 873; x_wconf 86' lang='lat' dir='ltr'>Dei</span> <span class='ocrx_word' id='word_1_177' title='bbox 1716 841 1841 874; x_wconf 85' lang='lat' dir='ltr'>servum</span> <span class='ocrx_word' id='word_1_178' title='bbox 1855 839 1963 873; x_wconf 86' lang='lat' dir='ltr'>statim</span> <span class='ocrx_word' id='word_1_179' title='bbox 1987 850 2028 874; x_wconf 87' lang='lat' dir='ltr'>ex</span> <span class='ocrx_word' id='word_1_180' title='bbox 2041 839 2103 874; x_wconf 90' lang='lat' dir='ltr'>illo</span> 
     </span>
     <span class='ocr_line' id='line_1_18' title="bbox 1215 887 2103 933; baseline 0.003 -13"><span class='ocrx_word' id='word_1_181' title='bbox 1215 887 1378 921; x_wconf 89' lang='lat' dir='ltr'>Potitiani</span> <span class='ocrx_word' id='word_1_182' title='bbox 1391 889 1540 925; x_wconf 85' lang='lat' dir='ltr'>sermone</span> <span class='ocrx_word' id='word_1_183' title='bbox 1552 889 1781 925; x_wconf 66' lang='lat' dir='ltr'>ferventissime</span> <span class='ocrx_word' id='word_1_184' title='bbox 1793 889 1904 925; x_wconf 85' lang='lat' dir='ltr'>ardere</span> <span class='ocrx_word' id='word_1_185' title='bbox 1915 891 2005 933; x_wconf 87' lang='lat' dir='ltr'>caepit</span> <span class='ocrx_word' id='word_1_186' title='bbox 2021 914 2032 930; x_wconf 92' lang='lat'>‚</span> <span class='ocrx_word' id='word_1_187' title='bbox 2057 897 2103 924; x_wconf 91' lang='lat' dir='ltr'>ta-</span> 
     </span>
     <span class='ocr_line' id='line_1_19' title="bbox 1216 936 2102 983; baseline 0.006 -13"><span class='ocrx_word' id='word_1_188' title='bbox 1216 937 1319 981; x_wconf 88' lang='lat' dir='ltr'>lisque</span> <span class='ocrx_word' id='word_1_189' title='bbox 1329 936 1435 971; x_wconf 85' lang='lat' dir='ltr'>statim</span> <span class='ocrx_word' id='word_1_190' title='bbox 1450 961 1461 977; x_wconf 92' lang='lat'>‚</span> <span class='ocrx_word' id='word_1_191' title='bbox 1489 950 1557 972; x_wconf 87' lang='lat' dir='ltr'>non</span> <span class='ocrx_word' id='word_1_192' title='bbox 1569 938 1735 983; x_wconf 82' lang='lat' dir='ltr'>corporis,</span> <span class='ocrx_word' id='word_1_193' title='bbox 1764 939 1817 975; x_wconf 87' lang='lat' dir='ltr'>sed</span> <span class='ocrx_word' id='word_1_194' title='bbox 1839 938 1961 975; x_wconf 87' lang='lat' dir='ltr'>mentis</span> <span class='ocrx_word' id='word_1_195' title='bbox 1983 938 2102 975; x_wconf 89' lang='lat' dir='ltr'>habitu</span> 
     </span>
     <span class='ocr_line' id='line_1_20' title="bbox 1214 986 2101 1031; baseline 0.003 -10"><span class='ocrx_word' id='word_1_196' title='bbox 1214 987 1316 1021; x_wconf 63' lang='lat' dir='ltr'>faeius</span> <span class='ocrx_word' id='word_1_197' title='bbox 1328 987 1375 1021; x_wconf 90' lang='lat' dir='ltr'>est</span> <span class='ocrx_word' id='word_1_198' title='bbox 1389 986 1505 1022; x_wconf 58' lang='lat' dir='ltr'>„Hinc</span> <span class='ocrx_word' id='word_1_199' title='bbox 1517 999 1657 1031; x_wconf 86' lang='lat' dir='ltr'>namque</span> <span class='ocrx_word' id='word_1_200' title='bbox 1670 991 1744 1023; x_wconf 89' lang='lat' dir='ltr'>Deo</span> <span class='ocrx_word' id='word_1_201' title='bbox 1756 989 1870 1024; x_wconf 84' lang='lat' dir='ltr'>servire</span> <span class='ocrx_word' id='word_1_202' title='bbox 1885 990 1997 1024; x_wconf 77' lang='lat' dir='ltr'>statuit</span> <span class='ocrx_word' id='word_1_203' title='bbox 2008 1015 2018 1031; x_wconf 94' lang='lat'>‚</span> <span class='ocrx_word' id='word_1_204' title='bbox 2032 1001 2101 1025; x_wconf 86' lang='lat' dir='ltr'>non</span> 
     </span>
     <span class='ocr_line' id='line_1_21' title="bbox 1213 1035 2102 1081; baseline 0.003 -11"><span class='ocrx_word' id='word_1_205' title='bbox 1213 1038 1299 1070; x_wconf 91' lang='lat' dir='ltr'>solus</span> <span class='ocrx_word' id='word_1_206' title='bbox 1313 1059 1323 1075; x_wconf 90' lang='lat'>‚</span> <span class='ocrx_word' id='word_1_207' title='bbox 1347 1036 1399 1071; x_wconf 88' lang='lat' dir='ltr'>sed</span> <span class='ocrx_word' id='word_1_208' title='bbox 1412 1048 1477 1070; x_wconf 86' lang='lat' dir='ltr'>cum</span> <span class='ocrx_word' id='word_1_209' title='bbox 1485 1035 1549 1078; x_wconf 84' lang='lat' dir='ltr'>suis</span> <span class='ocrx_word' id='word_1_210' title='bbox 1563 1062 1570 1068; x_wconf 93' lang='lat'>.</span> <span class='ocrx_word' id='word_1_211' title='bbox 1595 1037 1784 1079; x_wconf 83' lang='lat' dir='ltr'>Hincfimul</span> <span class='ocrx_word' id='word_1_212' title='bbox 1810 1048 1900 1072; x_wconf 83' lang='lat' dir='ltr'>erant</span> <span class='ocrx_word' id='word_1_213' title='bbox 1913 1064 1923 1079; x_wconf 83' lang='lat'><strong>,</strong></span> <span class='ocrx_word' id='word_1_214' title='bbox 1936 1039 2026 1081; x_wconf 81' lang='lat' dir='ltr'>fimul</span> <span class='ocrx_word' id='word_1_215' title='bbox 2046 1038 2102 1073; x_wconf 82' lang='lat' dir='ltr'>ha·</span> 
     </span>
     <span class='ocr_line' id='line_1_22' title="bbox 1211 1085 2100 1131; baseline 0.001 -11"><span class='ocrx_word' id='word_1_216' title='bbox 1211 1087 1351 1121; x_wconf 87' lang='lat' dir='ltr'>hitabant</span> <span class='ocrx_word' id='word_1_217' title='bbox 1360 1088 1474 1128; x_wconf 84' lang='lat' dir='ltr'>placito</span> <span class='ocrx_word' id='word_1_218' title='bbox 1481 1085 1585 1129; x_wconf 68' lang='lat' dir='ltr'>sant‘lo</span> <span class='ocrx_word' id='word_1_219' title='bbox 1594 1112 1604 1127; x_wconf 94' lang='lat'>,</span> <span class='ocrx_word' id='word_1_220' title='bbox 1630 1097 1800 1130; x_wconf 87' lang='lat' dir='ltr'>quaerentes</span> <span class='ocrx_word' id='word_1_221' title='bbox 1814 1094 1881 1131; x_wconf 78' lang='lat' dir='ltr'>quis</span> <span class='ocrx_word' id='word_1_222' title='bbox 1893 1100 1942 1122; x_wconf 85' lang='lat' dir='ltr'>eos</span> <span class='ocrx_word' id='word_1_223' title='bbox 1954 1091 2034 1123; x_wconf 85' lang='lat' dir='ltr'>Iocus</span> <span class='ocrx_word' id='word_1_224' title='bbox 2046 1088 2100 1122; x_wconf 89' lang='lat' dir='ltr'>ha-</span> 
     </span>
     <span class='ocr_line' id='line_1_23' title="bbox 1211 1130 2110 1181; baseline 0.003 -10"><span class='ocrx_word' id='word_1_225' title='bbox 1211 1138 1291 1171; x_wconf 83' lang='lat' dir='ltr'>beret</span> <span class='ocrx_word' id='word_1_226' title='bbox 1301 1138 1403 1170; x_wconf 78' lang='lat' dir='ltr'>utilius</span> <span class='ocrx_word' id='word_1_227' title='bbox 1408 1135 1575 1180; x_wconf 82' lang='lat' dir='ltr'>servientes</span> <span class='ocrx_word' id='word_1_228' title='bbox 1589 1140 1672 1178; x_wconf 86' lang='lat' dir='ltr'>Deo,</span> <span class='ocrx_word' id='word_1_229' title='bbox 1694 1145 1872 1181; x_wconf 76' lang='lat' dir='ltr'>pariterque</span> <span class='ocrx_word' id='word_1_230' title='bbox 1896 1143 1930 1172; x_wconf 84' lang='lat' dir='ltr'>in</span> <span class='ocrx_word' id='word_1_231' title='bbox 1964 1130 2110 1180; x_wconf 46' lang='lat' dir='ltr'>African&amp;</span> 
     </span>
     <span class='ocr_line' id='line_1_24' title="bbox 1210 1188 1401 1222; baseline 0.005 -1"><span class='ocrx_word' id='word_1_232' title='bbox 1210 1188 1401 1222; x_wconf 81' lang='lat' dir='ltr'>remeabant.</span> 
     </span>
    </p>
   </div>
   <div class='ocr_carea' id='block_1_5' title="bbox 1459 1235 1846 1273">
    <p class='ocr_par' dir='ltr' id='par_1_5' title="bbox 1459 1235 1846 1273">
     <span class='ocr_line' id='line_1_25' title="bbox 1459 1235 1846 1273; baseline 0 -2"><span class='ocrx_word' id='word_1_233' title='bbox 1459 1235 1741 1273; x_wconf 87' lang='lat' dir='ltr'>CAPUT</span> <span class='ocrx_word' id='word_1_234' title='bbox 1789 1238 1846 1272; x_wconf 90' lang='lat'>11.</span> 
     </span>
    </p>
   </div>
   <div class='ocr_carea' id='block_1_6' title="bbox 1151 331 1184 1708">
    <p class='ocr_par' dir='ltr' id='par_1_6' title="bbox 1151 331 1184 1708">
     <span class='ocr_line' id='line_1_26' title="bbox 1167 331 1184 470; baseline 0 -38"><span class='ocrx_word' id='word_1_235' title='bbox 1167 331 1184 470; x_wconf 95' lang='lat' dir='ltr'>   </span> 
     </span>
     <span class='ocr_line' id='line_1_27' title="bbox 1166 470 1182 522; baseline 0 3248"><span class='ocrx_word' id='word_1_236' title='bbox 1166 470 1182 522; x_wconf 95' lang='lat' dir='ltr'> </span> 
     </span>
     <span class='ocr_line' id='line_1_28' title="bbox 1165 522 1181 619; baseline 0 0"><span class='ocrx_word' id='word_1_237' title='bbox 1165 522 1181 619; x_wconf 95' lang='lat' dir='ltr'>  </span> 
     </span>
     <span class='ocr_line' id='line_1_29' title="bbox 1164 619 1181 704; baseline 0 -34"><span class='ocrx_word' id='word_1_238' title='bbox 1164 619 1181 704; x_wconf 95' lang='lat' dir='ltr'>  </span> 
     </span>
     <span class='ocr_line' id='line_1_30' title="bbox 1162 704 1179 895; baseline 0 -87"><span class='ocrx_word' id='word_1_239' title='bbox 1162 704 1179 895; x_wconf 95' lang='lat' dir='ltr'>   </span> 
     </span>
     <span class='ocr_line' id='line_1_31' title="bbox 1161 895 1177 1006; baseline 0 0"><span class='ocrx_word' id='word_1_240' title='bbox 1161 895 1177 1006; x_wconf 95' lang='lat' dir='ltr'>  </span> 
     </span>
     <span class='ocr_line' id='line_1_32' title="bbox 1161 1006 1176 1067; baseline 0 2703"><span class='ocrx_word' id='word_1_241' title='bbox 1161 1006 1176 1067; x_wconf 95' lang='lat' dir='ltr'> </span> 
     </span>
     <span class='ocr_line' id='line_1_33' title="bbox 1158 1067 1175 1168; baseline 0 -59"><span class='ocrx_word' id='word_1_242' title='bbox 1158 1067 1175 1168; x_wconf 95' lang='lat' dir='ltr'>  </span> 
     </span>
     <span class='ocr_line' id='line_1_34' title="bbox 1158 1168 1174 1220; baseline 0 2550"><span class='ocrx_word' id='word_1_243' title='bbox 1158 1168 1174 1220; x_wconf 95' lang='lat' dir='ltr'> </span> 
     </span>
     <span class='ocr_line' id='line_1_35' title="bbox 1156 1220 1173 1311; baseline 0 -55"><span class='ocrx_word' id='word_1_244' title='bbox 1156 1220 1173 1311; x_wconf 95' lang='lat' dir='ltr'>  </span> 
     </span>
     <span class='ocr_line' id='line_1_36' title="bbox 1155 1311 1172 1361; baseline 0 2409"><span class='ocrx_word' id='word_1_245' title='bbox 1155 1311 1172 1361; x_wconf 95' lang='lat' dir='ltr'> </span> 
     </span>
     <span class='ocr_line' id='line_1_37' title="bbox 1154 1361 1171 1409; baseline 0 2361"><span class='ocrx_word' id='word_1_246' title='bbox 1154 1361 1171 1409; x_wconf 95' lang='lat' dir='ltr'> </span> 
     </span>
     <span class='ocr_line' id='line_1_38' title="bbox 1154 1409 1170 1511; baseline 0 -56"><span class='ocrx_word' id='word_1_247' title='bbox 1154 1409 1170 1511; x_wconf 95' lang='lat' dir='ltr'>  </span> 
     </span>
     <span class='ocr_line' id='line_1_39' title="bbox 1151 1511 1169 1708; baseline 0 0"><span class='ocrx_word' id='word_1_248' title='bbox 1151 1511 1169 1708; x_wconf 95' lang='lat' dir='ltr'>    </span> 
     </span>
    </p>
   </div>
   <div class='ocr_carea' id='block_1_7' title="bbox 1203 383 1204 406">
    <p class='ocr_par' dir='ltr' id='par_1_7' title="bbox 1203 383 1204 406">
     <span class='ocr_line' id='line_1_40' title="bbox 1203 383 1204 406; baseline 0 3364"><span class='ocrx_word' id='word_1_249' title='bbox 1203 383 1204 406; x_wconf 95' lang='lat' dir='ltr'> </span> 
     </span>
    </p>
   </div>
   <div class='ocr_carea' id='block_1_8' title="bbox 255 589 1158 1685">
    <p class='ocr_par' dir='ltr' id='par_1_8' title="bbox 261 589 1158 883">
     <span class='ocr_line' id='line_1_41' title="bbox 262 589 1155 643; baseline -0.011 -10"><span class='ocrx_word' id='word_1_250' title='bbox 262 602 314 634; x_wconf 90' lang='lat' dir='ltr'>nis</span> <span class='ocrx_word' id='word_1_251' title='bbox 323 597 554 643; x_wconf 82' lang='lat' dir='ltr'>loquacitatis,</span> <span class='ocrx_word' id='word_1_252' title='bbox 577 608 615 630; x_wconf 89' lang='lat' dir='ltr'>ac</span> <span class='ocrx_word' id='word_1_253' title='bbox 638 594 790 629; x_wconf 69' lang='lat' dir='ltr'>derelicta</span> <span class='ocrx_word' id='word_1_254' title='bbox 811 591 968 627; x_wconf 83' lang='lat' dir='ltr'>cathedra</span> <span class='ocrx_word' id='word_1_255' title='bbox 980 589 1155 633; x_wconf 84' lang='lat' dir='ltr'>mendacii;</span> 
     </span>
     <span class='ocr_line' id='line_1_42' title="bbox 262 641 1158 685; baseline -0.012 -1"><span class='ocrx_word' id='word_1_256' title='bbox 262 661 343 685; x_wconf 87' lang='lat' dir='ltr'>tunc</span> <span class='ocrx_word' id='word_1_257' title='bbox 369 647 490 683; x_wconf 83' lang='lat' dir='ltr'>dimiffi</span> <span class='ocrx_word' id='word_1_258' title='bbox 520 646 694 681; x_wconf 88' lang='lat' dir='ltr'>civitatum</span> <span class='ocrx_word' id='word_1_259' title='bbox 720 644 881 678; x_wconf 85' lang='lat' dir='ltr'>tumultus</span> <span class='ocrx_word' id='word_1_260' title='bbox 904 667 914 682; x_wconf 92' lang='lat'>‚</span> <span class='ocrx_word' id='word_1_261' title='bbox 947 643 1096 683; x_wconf 89' lang='lat' dir='ltr'>itumque</span> <span class='ocrx_word' id='word_1_262' title='bbox 1117 641 1158 674; x_wconf 89' lang='lat' dir='ltr'>ad</span> 
     </span>
     <span class='ocr_line' id='line_1_43' title="bbox 261 690 1155 745; baseline -0.011 -12"><span class='ocrx_word' id='word_1_263' title='bbox 261 699 410 745; x_wconf 85' lang='lat' dir='ltr'>quietum</span> <span class='ocrx_word' id='word_1_264' title='bbox 440 708 492 732; x_wconf 87' lang='lat' dir='ltr'>rus</span> <span class='ocrx_word' id='word_1_265' title='bbox 514 709 522 729; x_wconf 79' lang='lat' dir='ltr'><strong><em>z</em></strong></span> <span class='ocrx_word' id='word_1_266' title='bbox 563 706 641 729; x_wconf 87' lang='lat' dir='ltr'>tunc</span> <span class='ocrx_word' id='word_1_267' title='bbox 654 695 833 738; x_wconf 87' lang='lat' dir='ltr'>competita</span> <span class='ocrx_word' id='word_1_268' title='bbox 866 694 940 726; x_wconf 91' lang='lat' dir='ltr'>sunt</span> <span class='ocrx_word' id='word_1_269' title='bbox 963 690 1155 725; x_wconf 85' lang='lat' dir='ltr'>Christianae</span> 
     </span>
     <span class='ocr_line' id='line_1_44' title="bbox 261 741 1156 786; baseline -0.011 -3"><span class='ocrx_word' id='word_1_270' title='bbox 261 748 460 784; x_wconf 86' lang='lat' dir='ltr'>humilitatis</span> <span class='ocrx_word' id='word_1_271' title='bbox 484 747 688 781; x_wconf 81' lang='lat' dir='ltr'>Sacramenta</span> <span class='ocrx_word' id='word_1_272' title='bbox 709 768 722 784; x_wconf 93' lang='lat'>‚</span> <span class='ocrx_word' id='word_1_273' title='bbox 757 742 955 786; x_wconf 83' lang='lat' dir='ltr'>tandemque</span> <span class='ocrx_word' id='word_1_274' title='bbox 991 741 1156 783; x_wconf 73' lang='lat' dir='ltr'>suscepta:</span> 
     </span>
     <span class='ocr_line' id='line_1_45' title="bbox 262 789 1153 839; baseline -0.011 -6"><span class='ocrx_word' id='word_1_275' title='bbox 262 799 343 834; x_wconf 78' lang='lat' dir='ltr'>Haec</span> <span class='ocrx_word' id='word_1_276' title='bbox 364 797 479 833; x_wconf 86' lang='lat' dir='ltr'>omnia</span> <span class='ocrx_word' id='word_1_277' title='bbox 505 805 658 839; x_wconf 87' lang='lat' dir='ltr'>operatus</span> <span class='ocrx_word' id='word_1_278' title='bbox 685 793 730 829; x_wconf 88' lang='lat' dir='ltr'>est</span> <span class='ocrx_word' id='word_1_279' title='bbox 754 804 848 828; x_wconf 87' lang='lat' dir='ltr'>amor</span> <span class='ocrx_word' id='word_1_280' title='bbox 871 801 986 826; x_wconf 90' lang='lat' dir='ltr'>enatus</span> <span class='ocrx_word' id='word_1_281' title='bbox 1012 790 1031 824; x_wconf 83' lang='grc' dir='ltr'>ὲ</span> <span class='ocrx_word' id='word_1_282' title='bbox 1057 789 1153 824; x_wconf 90' lang='lat' dir='ltr'>laude</span> 
     </span>
     <span class='ocr_line' id='line_1_46' title="bbox 262 848 877 883; baseline -0.013 0"><span class='ocrx_word' id='word_1_283' title='bbox 262 848 536 883; x_wconf 80' lang='lat' dir='ltr'>monasteriorum</span> <span class='ocrx_word' id='word_1_284' title='bbox 550 870 558 878; x_wconf 94' lang='lat'><strong><em>.</em></strong></span> <span class='ocrx_word' id='word_1_285' title='bbox 874 858 877 860; x_wconf 89' lang='lat'>·</span> 
     </span>
    </p>

    <p class='ocr_par' dir='ltr' id='par_1_9' title="bbox 255 889 1153 1685">
     <span class='ocr_line' id='line_1_47' title="bbox 312 889 1153 939; baseline -0.011 -8"><span class='ocrx_word' id='word_1_286' title='bbox 312 898 364 932; x_wconf 84' lang='lat' dir='ltr'>Ex</span> <span class='ocrx_word' id='word_1_287' title='bbox 391 897 477 936; x_wconf 90' lang='lat' dir='ltr'>illo,</span> <span class='ocrx_word' id='word_1_288' title='bbox 498 896 630 939; x_wconf 84' lang='lat' dir='ltr'>inquam</span> <span class='ocrx_word' id='word_1_289' title='bbox 647 919 658 934; x_wconf 97' lang='lat'>,</span> <span class='ocrx_word' id='word_1_290' title='bbox 697 901 846 937; x_wconf 84' lang='lat' dir='ltr'>tempore</span> <span class='ocrx_word' id='word_1_291' title='bbox 871 892 941 924; x_wconf 90' lang='lat' dir='ltr'>vita</span> <span class='ocrx_word' id='word_1_292' title='bbox 972 889 1153 924; x_wconf 83' lang='lat' dir='ltr'>monastica</span> 
     </span>
     <span class='ocr_line' id='line_1_48' title="bbox 263 939 1152 984; baseline -0.013 -1"><span class='ocrx_word' id='word_1_293' title='bbox 263 959 302 982; x_wconf 86' lang='lat' dir='ltr'>ac</span> <span class='ocrx_word' id='word_1_294' title='bbox 327 945 560 981; x_wconf 83' lang='lat' dir='ltr'>Eremiticaest</span> <span class='ocrx_word' id='word_1_295' title='bbox 586 941 763 983; x_wconf 83' lang='lat' dir='ltr'>inchoata,</span> <span class='ocrx_word' id='word_1_296' title='bbox 790 954 827 976; x_wconf 87' lang='lat' dir='ltr'>ac</span> <span class='ocrx_word' id='word_1_297' title='bbox 855 940 941 984; x_wconf 89' lang='lat' dir='ltr'>quafi</span> <span class='ocrx_word' id='word_1_298' title='bbox 965 939 1152 973; x_wconf 85' lang='lat' dir='ltr'>institutum</span> 
     </span>
     <span class='ocr_line' id='line_1_49' title="bbox 265 991 1148 1042; baseline -0.009 -10"><span class='ocrx_word' id='word_1_299' title='bbox 265 997 407 1042; x_wconf 85' lang='lat' dir='ltr'>primurn</span> <span class='ocrx_word' id='word_1_300' title='bbox 421 994 635 1030; x_wconf 83' lang='lat' dir='ltr'>Eremiticum</span> <span class='ocrx_word' id='word_1_301' title='bbox 649 993 883 1027; x_wconf 82' lang='lat' dir='ltr'>monasterium</span> <span class='ocrx_word' id='word_1_302' title='bbox 894 1016 904 1031; x_wconf 91' lang='lat'>,</span> <span class='ocrx_word' id='word_1_303' title='bbox 918 991 953 1024; x_wconf 92' lang='lat' dir='ltr'>in</span> <span class='ocrx_word' id='word_1_304' title='bbox 966 1000 1036 1023; x_wconf 90' lang='lat' dir='ltr'>rure</span> <span class='ocrx_word' id='word_1_305' title='bbox 1047 1001 1148 1033; x_wconf 85' lang='lat' dir='ltr'>gram·</span> 
     </span>
     <span class='ocr_line' id='line_1_50' title="bbox 265 1039 1150 1086; baseline -0.01 -4"><span class='ocrx_word' id='word_1_306' title='bbox 265 1048 377 1085; x_wconf 79' lang='lat' dir='ltr'>marici</span> <span class='ocrx_word' id='word_1_307' title='bbox 391 1044 578 1081; x_wconf 83' lang='lat' dir='ltr'>Verecundi</span> <span class='ocrx_word' id='word_1_308' title='bbox 595 1069 606 1085; x_wconf 86' lang='lat'>,</span> <span class='ocrx_word' id='word_1_309' title='bbox 634 1044 668 1077; x_wconf 86' lang='lat' dir='ltr'>in</span> <span class='ocrx_word' id='word_1_310' title='bbox 683 1054 749 1086; x_wconf 91' lang='lat' dir='ltr'>quo</span> <span class='ocrx_word' id='word_1_311' title='bbox 761 1041 925 1086; x_wconf 86' lang='lat' dir='ltr'>degebant</span> <span class='ocrx_word' id='word_1_312' title='bbox 941 1051 979 1073; x_wconf 88' lang='lat' dir='ltr'>ac</span> <span class='ocrx_word' id='word_1_313' title='bbox 1002 1039 1150 1083; x_wconf 89' lang='lat' dir='ltr'>philoso-</span> 
     </span>
     <span class='ocr_line' id='line_1_51' title="bbox 266 1089 1150 1142; baseline -0.012 -10"><span class='ocrx_word' id='word_1_314' title='bbox 266 1097 454 1142; x_wconf 81' lang='lat' dir='ltr'>phabantur</span> <span class='ocrx_word' id='word_1_315' title='bbox 470 1093 689 1140; x_wconf 86' lang='lat' dir='ltr'>Augustinus,</span> <span class='ocrx_word' id='word_1_316' title='bbox 702 1091 850 1135; x_wconf 84' lang='lat' dir='ltr'>Alipius,</span> <span class='ocrx_word' id='word_1_317' title='bbox 879 1091 1039 1130; x_wconf 84' lang='lat' dir='ltr'>Evodius,</span> <span class='ocrx_word' id='word_1_318' title='bbox 1051 1089 1150 1124; x_wconf 89' lang='lat' dir='ltr'>Navi·</span> 
     </span>
     <span class='ocr_line' id='line_1_52' title="bbox 265 1136 1153 1192; baseline -0.01 -11"><span class='ocrx_word' id='word_1_319' title='bbox 265 1149 337 1192; x_wconf 78' lang='lat' dir='ltr'>gius</span> <span class='ocrx_word' id='word_1_320' title='bbox 350 1172 361 1188; x_wconf 86' lang='lat'><strong>,</strong></span> <span class='ocrx_word' id='word_1_321' title='bbox 388 1147 564 1190; x_wconf 86' lang='lat' dir='ltr'>Trigetius</span> <span class='ocrx_word' id='word_1_322' title='bbox 577 1169 587 1184; x_wconf 92' lang='lat'>‚</span> <span class='ocrx_word' id='word_1_323' title='bbox 616 1143 786 1177; x_wconf 87' lang='lat' dir='ltr'>Licentius</span> <span class='ocrx_word' id='word_1_324' title='bbox 802 1167 812 1183; x_wconf 90' lang='lat'>,</span> <span class='ocrx_word' id='word_1_325' title='bbox 824 1136 1032 1175; x_wconf 74' lang='lat' dir='ltr'>Lassidianus</span> <span class='ocrx_word' id='word_1_326' title='bbox 1043 1165 1054 1181; x_wconf 85' lang='lat'>‚</span> <span class='ocrx_word' id='word_1_327' title='bbox 1081 1139 1153 1173; x_wconf 85' lang='lat' dir='ltr'>Ru-</span> 
     </span>
     <span class='ocr_line' id='line_1_53' title="bbox 265 1190 1150 1234; baseline -0.008 -4"><span class='ocrx_word' id='word_1_328' title='bbox 265 1197 389 1234; x_wconf 84' lang='lat' dir='ltr'>sticus,</span> <span class='ocrx_word' id='word_1_329' title='bbox 416 1195 634 1231; x_wconf 86' lang='lat' dir='ltr'>Adeodatus,</span> <span class='ocrx_word' id='word_1_330' title='bbox 661 1203 789 1225; x_wconf 86' lang='lat' dir='ltr'>necnon</span> <span class='ocrx_word' id='word_1_331' title='bbox 812 1190 1004 1225; x_wconf 70' lang='lat' dir='ltr'>sanfflffima</span> <span class='ocrx_word' id='word_1_332' title='bbox 1028 1200 1150 1230; x_wconf 87' lang='lat' dir='ltr'>mater,</span> 
     </span>
     <span class='ocr_line' id='line_1_54' title="bbox 264 1238 1150 1287; baseline -0.01 -7"><span class='ocrx_word' id='word_1_333' title='bbox 264 1246 306 1280; x_wconf 87' lang='lat' dir='ltr'>de</span> <span class='ocrx_word' id='word_1_334' title='bbox 325 1245 416 1287; x_wconf 83' lang='lat' dir='ltr'>cujus</span> <span class='ocrx_word' id='word_1_335' title='bbox 440 1242 502 1276; x_wconf 87' lang='lat' dir='ltr'>hac</span> <span class='ocrx_word' id='word_1_336' title='bbox 521 1240 769 1276; x_wconf 81' lang='lat' dir='ltr'>cohabitatione</span> <span class='ocrx_word' id='word_1_337' title='bbox 791 1240 836 1272; x_wconf 87' lang='lat' dir='ltr'>ita</span> <span class='ocrx_word' id='word_1_338' title='bbox 856 1240 935 1273; x_wconf 88' lang='lat' dir='ltr'>dicit</span> <span class='ocrx_word' id='word_1_339' title='bbox 959 1240 1027 1281; x_wconf 85' lang='lat' dir='ltr'>ejus</span> <span class='ocrx_word' id='word_1_340' title='bbox 1041 1238 1129 1273; x_wconf 86' lang='lat' dir='ltr'>filius</span> <span class='ocrx_word' id='word_1_341' title='bbox 1143 1263 1150 1271; x_wconf 87' lang='lat'>.</span> 
     </span>
     <span class='ocr_line' id='line_1_55' title="bbox 265 1288 1148 1337; baseline -0.009 -9"><span class='ocrx_word' id='word_1_342' title='bbox 265 1298 347 1328; x_wconf 83' lang='lat' dir='ltr'>Erat</span> <span class='ocrx_word' id='word_1_343' title='bbox 355 1292 449 1337; x_wconf 83' lang='lat' dir='ltr'>serva</span> <span class='ocrx_word' id='word_1_344' title='bbox 465 1290 624 1335; x_wconf 81' lang='lat' dir='ltr'>servorum</span> <span class='ocrx_word' id='word_1_345' title='bbox 636 1300 750 1324; x_wconf 83' lang='lat' dir='ltr'>tuorum</span> <span class='ocrx_word' id='word_1_346' title='bbox 771 1312 778 1319; x_wconf 93' lang='lat'><strong>.</strong></span> <span class='ocrx_word' id='word_1_347' title='bbox 806 1288 902 1322; x_wconf 78' lang='lat' dir='ltr'>Nobis</span> <span class='ocrx_word' id='word_1_348' title='bbox 915 1289 1050 1320; x_wconf 86' lang='lat' dir='ltr'>omnibus</span> <span class='ocrx_word' id='word_1_349' title='bbox 1063 1312 1074 1328; x_wconf 92' lang='lat'>‚</span> <span class='ocrx_word' id='word_1_350' title='bbox 1091 1293 1148 1322; x_wconf 87' lang='lat' dir='ltr'>Do.</span> 
     </span>
     <span class='ocr_line' id='line_1_56' title="bbox 262 1337 1151 1385; baseline -0.008 -7"><span class='ocrx_word' id='word_1_351' title='bbox 262 1350 342 1379; x_wconf 86' lang='lat' dir='ltr'>mine</span> <span class='ocrx_word' id='word_1_352' title='bbox 355 1368 366 1385; x_wconf 93' lang='lat'>,</span> <span class='ocrx_word' id='word_1_353' title='bbox 384 1349 436 1385; x_wconf 82' lang='lat' dir='ltr'>qui</span> <span class='ocrx_word' id='word_1_354' title='bbox 447 1354 486 1376; x_wconf 83' lang='lat' dir='ltr'>ex</span> <span class='ocrx_word' id='word_1_355' title='bbox 498 1352 617 1375; x_wconf 83' lang='lat' dir='ltr'>munere</span> <span class='ocrx_word' id='word_1_356' title='bbox 637 1349 684 1373; x_wconf 89' lang='lat' dir='ltr'>tuo</span> <span class='ocrx_word' id='word_1_357' title='bbox 702 1337 776 1381; x_wconf 79' lang='lat' dir='ltr'>finis</span> <span class='ocrx_word' id='word_1_358' title='bbox 788 1339 868 1382; x_wconf 84' lang='lat' dir='ltr'>loqui</span> <span class='ocrx_word' id='word_1_359' title='bbox 876 1337 977 1381; x_wconf 85' lang='lat' dir='ltr'>servis</span> <span class='ocrx_word' id='word_1_360' title='bbox 997 1344 1057 1370; x_wconf 85' lang='lat' dir='ltr'>tuis</span> <span class='ocrx_word' id='word_1_361' title='bbox 1070 1362 1080 1378; x_wconf 88' lang='lat'>‚</span> <span class='ocrx_word' id='word_1_362' title='bbox 1099 1346 1151 1380; x_wconf 85' lang='lat' dir='ltr'>qui</span> 
     </span>
     <span class='ocr_line' id='line_1_57' title="bbox 262 1386 1147 1432; baseline -0.009 -4"><span class='ocrx_word' id='word_1_363' title='bbox 262 1405 334 1428; x_wconf 89' lang='lat' dir='ltr'>ante</span> <span class='ocrx_word' id='word_1_364' title='bbox 345 1395 550 1427; x_wconf 75' lang='lat' dir='ltr'>dormitionem</span> <span class='ocrx_word' id='word_1_365' title='bbox 572 1393 635 1432; x_wconf 83' lang='lat' dir='ltr'>ejus</span> <span class='ocrx_word' id='word_1_366' title='bbox 658 1395 690 1422; x_wconf 84' lang='lat' dir='ltr'>in</span> <span class='ocrx_word' id='word_1_367' title='bbox 711 1398 739 1422; x_wconf 87' lang='lat' dir='ltr'>te</span> <span class='ocrx_word' id='word_1_368' title='bbox 754 1390 825 1429; x_wconf 83' lang='lat' dir='ltr'>jam</span> <span class='ocrx_word' id='word_1_369' title='bbox 847 1386 1002 1431; x_wconf 76' lang='lat' dir='ltr'>consociari</span> <span class='ocrx_word' id='word_1_370' title='bbox 1016 1388 1147 1421; x_wconf 81' lang='lat' dir='ltr'>viveba-</span> 
     </span>
     <span class='ocr_line' id='line_1_58' title="bbox 262 1436 1145 1486; baseline -0.01 -7"><span class='ocrx_word' id='word_1_371' title='bbox 262 1457 351 1485; x_wconf 85' lang='lat' dir='ltr'>mus,</span> <span class='ocrx_word' id='word_1_372' title='bbox 373 1451 516 1486; x_wconf 84' lang='lat' dir='ltr'>percepta</span> <span class='ocrx_word' id='word_1_373' title='bbox 524 1447 631 1486; x_wconf 77' lang='lat' dir='ltr'>gratia</span> <span class='ocrx_word' id='word_1_374' title='bbox 641 1436 861 1482; x_wconf 65' lang='lat' dir='ltr'>baptismum,</span> <span class='ocrx_word' id='word_1_375' title='bbox 887 1443 935 1471; x_wconf 83' lang='lat' dir='ltr'>ita</span> <span class='ocrx_word' id='word_1_376' title='bbox 945 1449 1045 1471; x_wconf 86' lang='lat' dir='ltr'>curam</span> <span class='ocrx_word' id='word_1_377' title='bbox 1051 1440 1145 1481; x_wconf 85' lang='lat' dir='ltr'>geffit‚</span> 
     </span>
     <span class='ocr_line' id='line_1_59' title="bbox 260 1486 1145 1538; baseline -0.007 -10"><span class='ocrx_word' id='word_1_378' title='bbox 260 1493 347 1538; x_wconf 83' lang='lat' dir='ltr'>quafi</span> <span class='ocrx_word' id='word_1_379' title='bbox 351 1505 454 1526; x_wconf 86' lang='lat' dir='ltr'>omnes</span> <span class='ocrx_word' id='word_1_380' title='bbox 460 1490 598 1536; x_wconf 70' lang='lat' dir='ltr'>genusffet</span> <span class='ocrx_word' id='word_1_381' title='bbox 612 1514 623 1531; x_wconf 95' lang='lat'>‚</span> <span class='ocrx_word' id='word_1_382' title='bbox 633 1495 678 1523; x_wconf 85' lang='lat' dir='ltr'>ita</span> <span class='ocrx_word' id='word_1_383' title='bbox 686 1488 818 1532; x_wconf 83' lang='lat' dir='ltr'>servivit</span> <span class='ocrx_word' id='word_1_384' title='bbox 831 1512 842 1529; x_wconf 92' lang='lat'>‚</span> <span class='ocrx_word' id='word_1_385' title='bbox 867 1486 952 1531; x_wconf 75' lang='lat' dir='ltr'>quasi</span> <span class='ocrx_word' id='word_1_386' title='bbox 958 1488 996 1522; x_wconf 90' lang='lat' dir='ltr'>ab</span> <span class='ocrx_word' id='word_1_387' title='bbox 1009 1488 1145 1523; x_wconf 84' lang='lat' dir='ltr'>omnibus</span> 
     </span>
     <span class='ocr_line' id='line_1_60' title="bbox 255 1539 1145 1590; baseline -0.007 -12"><span class='ocrx_word' id='word_1_388' title='bbox 255 1550 360 1590; x_wconf 79' lang='lat' dir='ltr'>genita</span> <span class='ocrx_word' id='word_1_389' title='bbox 364 1542 467 1585; x_wconf 81' lang='lat' dir='ltr'>fuiffet</span> <span class='ocrx_word' id='word_1_390' title='bbox 481 1567 488 1574; x_wconf 97' lang='lat'>.</span> <span class='ocrx_word' id='word_1_391' title='bbox 517 1541 622 1588; x_wconf 82' lang='lat' dir='ltr'>Qod</span> <span class='ocrx_word' id='word_1_392' title='bbox 634 1539 729 1584; x_wconf 79' lang='lat' dir='ltr'>porro</span> <span class='ocrx_word' id='word_1_393' title='bbox 744 1550 781 1573; x_wconf 90' lang='lat' dir='ltr'>ea</span> <span class='ocrx_word' id='word_1_394' title='bbox 802 1539 924 1574; x_wconf 82' lang='lat' dir='ltr'>fuerint</span> <span class='ocrx_word' id='word_1_395' title='bbox 948 1551 1020 1574; x_wconf 87' lang='lat' dir='ltr'>vera</span> <span class='ocrx_word' id='word_1_396' title='bbox 1043 1539 1145 1583; x_wconf 83' lang='lat' dir='ltr'>cujus·</span> 
     </span>
     <span class='ocr_line' id='line_1_61' title="bbox 258 1589 1146 1630; baseline -0.007 0"><span class='ocrx_word' id='word_1_397' title='bbox 258 1594 336 1630; x_wconf 74' lang='lat' dir='ltr'>dam</span> <span class='ocrx_word' id='word_1_398' title='bbox 352 1593 523 1628; x_wconf 87' lang='lat' dir='ltr'>Eremitici</span> <span class='ocrx_word' id='word_1_399' title='bbox 551 1590 748 1626; x_wconf 85' lang='lat' dir='ltr'>Monasterii</span> <span class='ocrx_word' id='word_1_400' title='bbox 783 1589 982 1623; x_wconf 66' lang='lat' dir='ltr'>incunabufa</span> <span class='ocrx_word' id='word_1_401' title='bbox 1004 1601 1042 1623; x_wconf 89' lang='lat' dir='ltr'>ac</span> <span class='ocrx_word' id='word_1_402' title='bbox 1062 1590 1146 1624; x_wconf 85' lang='lat' dir='ltr'>rudi-</span> 
     </span>
     <span class='ocr_line' id='line_1_62' title="bbox 258 1639 1144 1685; baseline -0.006 -6"><span class='ocrx_word' id='word_1_403' title='bbox 258 1654 369 1679; x_wconf 87' lang='lat' dir='ltr'>menta</span> <span class='ocrx_word' id='word_1_404' title='bbox 381 1669 392 1685; x_wconf 92' lang='lat'>,</span> <span class='ocrx_word' id='word_1_405' title='bbox 403 1643 444 1677; x_wconf 86' lang='lat' dir='ltr'>fic</span> <span class='ocrx_word' id='word_1_406' title='bbox 455 1642 587 1677; x_wconf 85' lang='lat' dir='ltr'>testatur</span> <span class='ocrx_word' id='word_1_407' title='bbox 600 1641 687 1676; x_wconf 90' lang='lat' dir='ltr'>idem</span> <span class='ocrx_word' id='word_1_408' title='bbox 700 1640 735 1674; x_wconf 89' lang='lat' dir='ltr'>in</span> <span class='ocrx_word' id='word_1_409' title='bbox 748 1640 865 1675; x_wconf 89' lang='lat' dir='ltr'>eodem</span> <span class='ocrx_word' id='word_1_410' title='bbox 877 1651 988 1684; x_wconf 85' lang='lat' dir='ltr'>opere.</span> <span class='ocrx_word' id='word_1_411' title='bbox 1017 1639 1144 1685; x_wconf 72' lang='lat' dir='ltr'>,Quibu-</span> 
     </span>
    </p>
   </div>
   <div class='ocr_carea' id='block_1_9' title="bbox 1211 1335 2093 1627">
    <p class='ocr_par' dir='ltr' id='par_1_10' title="bbox 1211 1335 2093 1627">
     <span class='ocr_line' id='line_1_63' title="bbox 1211 1335 2093 1383; baseline 0.002 -11"><span class='ocrx_word' id='word_1_412' title='bbox 1211 1337 1381 1383; x_wconf 78' lang='lat' dir='ltr'>Augustinus</span> <span class='ocrx_word' id='word_1_413' title='bbox 1414 1348 1480 1377; x_wconf 78' lang='lat' dir='ltr'>cum</span> <span class='ocrx_word' id='word_1_414' title='bbox 1495 1335 1562 1380; x_wconf 88' lang='lat' dir='ltr'>suis</span> <span class='ocrx_word' id='word_1_415' title='bbox 1582 1341 1614 1370; x_wconf 86' lang='lat' dir='ltr'>in</span> <span class='ocrx_word' id='word_1_416' title='bbox 1639 1337 1775 1379; x_wconf 71' lang='lat' dir='ltr'>Africam</span> <span class='ocrx_word' id='word_1_417' title='bbox 1784 1340 1881 1373; x_wconf 75' lang='lat' dir='ltr'>redux</span> <span class='ocrx_word' id='word_1_418' title='bbox 1889 1337 2007 1382; x_wconf 80' lang='lat' dir='ltr'>semper</span> <span class='ocrx_word' id='word_1_419' title='bbox 2019 1348 2093 1374; x_wconf 79' lang='lat' dir='ltr'>tant.</span> 
     </span>
     <span class='ocr_line' id='line_1_64' title="bbox 1211 1387 2043 1432; baseline 0.002 -10"><span class='ocrx_word' id='word_1_420' title='bbox 1211 1426 1213 1428; x_wconf 26' lang='lat'><strong><em>¹</em></strong></span> <span class='ocrx_word' id='word_1_421' title='bbox 1256 1400 1348 1432; x_wconf 86' lang='lat' dir='ltr'>quam</span> <span class='ocrx_word' id='word_1_422' title='bbox 1360 1387 1522 1421; x_wconf 78' lang='lat' dir='ltr'>Monachus</span> <span class='ocrx_word' id='word_1_423' title='bbox 1532 1400 1568 1421; x_wconf 82' lang='lat' dir='ltr'>ac</span> <span class='ocrx_word' id='word_1_424' title='bbox 1579 1388 1786 1422; x_wconf 83' lang='lat' dir='ltr'>Monachorum</span> <span class='ocrx_word' id='word_1_425' title='bbox 1799 1391 1892 1424; x_wconf 86' lang='lat' dir='ltr'>Pater</span> <span class='ocrx_word' id='word_1_426' title='bbox 1902 1396 1997 1430; x_wconf 81' lang='lat' dir='ltr'>vixit,</span> <span class='ocrx_word' id='word_1_427' title='bbox 2010 1402 2043 1424; x_wconf 86' lang='lat' dir='ltr'>ac</span> 
     </span>
     <span class='ocr_line' id='line_1_65' title="bbox 1306 1436 2082 1485; baseline 0.001 -12"><span class='ocrx_word' id='word_1_428' title='bbox 1306 1436 1539 1479; x_wconf 59' lang='lat' dir='ltr'>tandemfaaus</span> <span class='ocrx_word' id='word_1_429' title='bbox 1553 1437 1741 1480; x_wconf 75' lang='lat' dir='ltr'>Hipponensis</span> <span class='ocrx_word' id='word_1_430' title='bbox 1755 1438 1889 1480; x_wconf 70' lang='lat' dir='ltr'>Ecclesia·</span> <span class='ocrx_word' id='word_1_431' title='bbox 1903 1439 1990 1483; x_wconf 85' lang='lat' dir='ltr'>Pres-</span> <span class='ocrx_word' id='word_1_432' title='bbox 2070 1465 2082 1485; x_wconf 63' lang='lat' dir='ltr'><em>s</em></span> 
     </span>
     <span class='ocr_line' id='line_1_66' title="bbox 1370 1487 2069 1532; baseline 0.001 -11"><span class='ocrx_word' id='word_1_433' title='bbox 1370 1487 1448 1528; x_wconf 76' lang='lat' dir='ltr'>byter</span> <span class='ocrx_word' id='word_1_434' title='bbox 1475 1493 1510 1520; x_wconf 81' lang='lat' dir='ltr'>in</span> <span class='ocrx_word' id='word_1_435' title='bbox 1532 1500 1602 1532; x_wconf 85' lang='lat' dir='ltr'>agro</span> <span class='ocrx_word' id='word_1_436' title='bbox 1617 1487 1790 1530; x_wconf 81' lang='lat' dir='ltr'>suburbano</span> <span class='ocrx_word' id='word_1_437' title='bbox 1806 1494 1943 1531; x_wconf 86' lang='lat' dir='ltr'>primum</span> <span class='ocrx_word' id='word_1_438' title='bbox 2067 1487 2069 1492; x_wconf 74' lang='grc'>’</span> 
     </span>
     <span class='ocr_line' id='line_1_67' title="bbox 1407 1536 1903 1581; baseline 0.002 -9"><span class='ocrx_word' id='word_1_439' title='bbox 1407 1537 1537 1581; x_wconf 84' lang='lat' dir='ltr'>aedificat</span> <span class='ocrx_word' id='word_1_440' title='bbox 1545 1536 1595 1581; x_wconf 84' lang='lat' dir='ltr'>sui</span> <span class='ocrx_word' id='word_1_441' title='bbox 1606 1540 1762 1572; x_wconf 86' lang='lat' dir='ltr'>Eremitici</span> <span class='ocrx_word' id='word_1_442' title='bbox 1772 1540 1903 1574; x_wconf 83' lang='lat' dir='ltr'>Ordinis</span> 
     </span>
     <span class='ocr_line' id='line_1_68' title="bbox 1543 1592 1750 1627; baseline 0.014 -3"><span class='ocrx_word' id='word_1_443' title='bbox 1543 1592 1750 1627; x_wconf 76' lang='lat' dir='ltr'>conventum.</span> 
     </span>
    </p>
   </div>
   <div class='ocr_carea' id='block_1_10' title="bbox 255 1689 1144 1787">
    <p class='ocr_par' dir='ltr' id='par_1_11' title="bbox 255 1689 1144 1787">
     <span class='ocr_line' id='line_1_69' title="bbox 258 1689 1144 1736; baseline -0.005 -7"><span class='ocrx_word' id='word_1_444' title='bbox 258 1694 445 1736; x_wconf 82' lang='lat' dir='ltr'>bitarefacis</span> <span class='ocrx_word' id='word_1_445' title='bbox 459 1697 612 1728; x_wconf 86' lang='lat' dir='ltr'>unanimes</span> <span class='ocrx_word' id='word_1_446' title='bbox 637 1697 669 1724; x_wconf 87' lang='lat' dir='ltr'>in</span> <span class='ocrx_word' id='word_1_447' title='bbox 691 1692 796 1733; x_wconf 85' lang='lat' dir='ltr'>domo,</span> <span class='ocrx_word' id='word_1_448' title='bbox 822 1689 983 1735; x_wconf 82' lang='lat' dir='ltr'>consociasti</span> <span class='ocrx_word' id='word_1_449' title='bbox 1007 1691 1087 1726; x_wconf 78' lang='lat' dir='ltr'>nobs&#39;s</span> <span class='ocrx_word' id='word_1_450' title='bbox 1110 1694 1144 1733; x_wconf 67' lang='lat' dir='ltr'>(tr</span> 
     </span>
     <span class='ocr_line' id='line_1_70' title="bbox 255 1741 1143 1787; baseline -0.003 -8"><span class='ocrx_word' id='word_1_451' title='bbox 255 1745 441 1786; x_wconf 65' lang='lat' dir='ltr'>Raudium,</span> <span class='ocrx_word' id='word_1_452' title='bbox 459 1745 605 1786; x_wconf 81' lang='lat' dir='ltr'>juvenem</span> <span class='ocrx_word' id='word_1_453' title='bbox 628 1754 667 1778; x_wconf 79' lang='lat' dir='ltr'>ex</span> <span class='ocrx_word' id='word_1_454' title='bbox 691 1741 781 1784; x_wconf 81' lang='lat' dir='ltr'>nostro</span> <span class='ocrx_word' id='word_1_455' title='bbox 793 1749 967 1785; x_wconf 81' lang='lat' dir='ltr'>municipio.</span> <span class='ocrx_word' id='word_1_456' title='bbox 994 1745 1058 1787; x_wconf 79' lang='lat' dir='ltr'>,Qui</span> <span class='ocrx_word' id='word_1_457' title='bbox 1078 1753 1143 1776; x_wconf 89' lang='lat' dir='ltr'>cum</span> 
     </span>
    </p>
   </div>
   <div class='ocr_carea' id='block_1_11' title="bbox 258 1792 1142 1840">
    <p class='ocr_par' dir='ltr' id='par_1_12' title="bbox 258 1792 1142 1840">
     <span class='ocr_line' id='line_1_71' title="bbox 258 1792 1142 1840; baseline -0.003 -11"><span class='ocrx_word' id='word_1_458' title='bbox 258 1799 355 1840; x_wconf 79' lang='lat' dir='ltr'>Agens</span> <span class='ocrx_word' id='word_1_459' title='bbox 368 1799 401 1829; x_wconf 77' lang='lat' dir='ltr'>in</span> <span class='ocrx_word' id='word_1_460' title='bbox 410 1793 494 1829; x_wconf 83' lang='lat' dir='ltr'>rebus</span> <span class='ocrx_word' id='word_1_461' title='bbox 505 1796 650 1828; x_wconf 78' lang='lat' dir='ltr'>militaret</span> <span class='ocrx_word' id='word_1_462' title='bbox 662 1819 673 1835; x_wconf 90' lang='lat'>‚</span> <span class='ocrx_word' id='word_1_463' title='bbox 695 1798 778 1836; x_wconf 81' lang='lat' dir='ltr'>prior</span> <span class='ocrx_word' id='word_1_464' title='bbox 792 1794 875 1827; x_wconf 88' lang='lat' dir='ltr'>nobis</span> <span class='ocrx_word' id='word_1_465' title='bbox 889 1795 931 1827; x_wconf 83' lang='lat' dir='ltr'>ad</span> <span class='ocrx_word' id='word_1_466' title='bbox 945 1802 973 1828; x_wconf 86' lang='lat' dir='ltr'>te</span> <span class='ocrx_word' id='word_1_467' title='bbox 984 1792 1142 1837; x_wconf 82' lang='lat' dir='ltr'>conversus</span> 
     </span>
    </p>
   </div>
   <div class='ocr_carea' id='block_1_12' title="bbox 257 1843 1143 1888">
    <p class='ocr_par' dir='ltr' id='par_1_13' title="bbox 257 1843 1143 1888">
     <span class='ocr_line' id='line_1_72' title="bbox 257 1843 1143 1888; baseline -0.005 -7"><span class='ocrx_word' id='word_1_468' title='bbox 257 1847 295 1887; x_wconf 80' lang='lat' dir='ltr'>est</span> <span class='ocrx_word' id='word_1_469' title='bbox 308 1869 321 1887; x_wconf 90' lang='lat'><strong>,</strong></span> <span class='ocrx_word' id='word_1_470' title='bbox 344 1845 587 1888; x_wconf 73' lang='lat' dir='ltr'>&amp;baptizatus‚</span> <span class='ocrx_word' id='word_1_471' title='bbox 613 1846 647 1878; x_wconf 64' lang='grc' dir='ltr'>(ν</span> <span class='ocrx_word' id='word_1_472' title='bbox 667 1845 772 1878; x_wconf 71' lang='lat' dir='ltr'>nima</span> <span class='ocrx_word' id='word_1_473' title='bbox 795 1846 906 1879; x_wconf 82' lang='lat' dir='ltr'>militia</span> <span class='ocrx_word' id='word_1_474' title='bbox 911 1843 1069 1887; x_wconf 83' lang='lat' dir='ltr'>saeculari,</span> <span class='ocrx_word' id='word_1_475' title='bbox 1095 1855 1143 1877; x_wconf 85' lang='lat' dir='ltr'>ac·</span> 
     </span>
    </p>
   </div>
   <div class='ocr_carea' id='block_1_13' title="bbox 257 1893 1142 2034">
    <p class='ocr_par' dir='ltr' id='par_1_14' title="bbox 257 1893 1142 2034">
     <span class='ocr_line' id='line_1_73' title="bbox 259 1893 1140 1937; baseline -0.002 -9"><span class='ocrx_word' id='word_1_476' title='bbox 259 1895 374 1930; x_wconf 59' lang='lat' dir='ltr'>cineus</span> <span class='ocrx_word' id='word_1_477' title='bbox 385 1895 423 1937; x_wconf 81' lang='lat' dir='ltr'>est</span> <span class='ocrx_word' id='word_1_478' title='bbox 437 1901 469 1930; x_wconf 85' lang='lat' dir='ltr'>in</span> <span class='ocrx_word' id='word_1_479' title='bbox 484 1905 538 1930; x_wconf 86' lang='lat' dir='ltr'>tua</span> <span class='ocrx_word' id='word_1_480' title='bbox 554 1897 669 1928; x_wconf 84' lang='lat' dir='ltr'>..5imul</span> <span class='ocrx_word' id='word_1_481' title='bbox 681 1906 800 1928; x_wconf 81' lang='lat' dir='ltr'>eramus</span> <span class='ocrx_word' id='word_1_482' title='bbox 811 1920 822 1936; x_wconf 93' lang='lat'>‚</span> <span class='ocrx_word' id='word_1_483' title='bbox 833 1893 920 1937; x_wconf 85' lang='lat' dir='ltr'>fimul</span> <span class='ocrx_word' id='word_1_484' title='bbox 928 1893 1140 1927; x_wconf 79' lang='lat' dir='ltr'>habitabamus</span> 
     </span>
     <span class='ocr_line' id='line_1_74' title="bbox 257 1943 1140 1986; baseline -0.003 -9"><span class='ocrx_word' id='word_1_485' title='bbox 257 1946 368 1985; x_wconf 75' lang='lat' dir='ltr'>placito</span> <span class='ocrx_word' id='word_1_486' title='bbox 375 1945 479 1986; x_wconf 59' lang='lat' dir='ltr'>samffo</span> <span class='ocrx_word' id='word_1_487' title='bbox 493 1969 500 1976; x_wconf 94' lang='lat'>.</span> <span class='ocrx_word' id='word_1_488' title='bbox 530 1945 750 1986; x_wconf 54' lang='lat' dir='ltr'>‚Quaerebamus</span> <span class='ocrx_word' id='word_1_489' title='bbox 762 1943 897 1984; x_wconf 82' lang='lat' dir='ltr'>quisnam</span> <span class='ocrx_word' id='word_1_490' title='bbox 908 1945 983 1976; x_wconf 88' lang='lat' dir='ltr'>locus</span> <span class='ocrx_word' id='word_1_491' title='bbox 996 1955 1047 1975; x_wconf 87' lang='lat' dir='ltr'>nos</span> <span class='ocrx_word' id='word_1_492' title='bbox 1079 1948 1140 1974; x_wconf 79' lang='lat' dir='ltr'>uti-</span> 
     </span>
     <span class='ocr_line' id='line_1_75' title="bbox 259 1989 1142 2034; baseline -0.002 -10"><span class='ocrx_word' id='word_1_493' title='bbox 259 1994 317 2025; x_wconf 85' lang='lat' dir='ltr'>lius</span> <span class='ocrx_word' id='word_1_494' title='bbox 327 1992 448 2026; x_wconf 88' lang='lat' dir='ltr'>haberet</span> <span class='ocrx_word' id='word_1_495' title='bbox 456 1989 625 2034; x_wconf 78' lang='lat' dir='ltr'>servientes</span> <span class='ocrx_word' id='word_1_496' title='bbox 640 1991 696 2023; x_wconf 81' lang='lat' dir='ltr'>tibi</span> <span class='ocrx_word' id='word_1_497' title='bbox 710 2013 720 2028; x_wconf 90' lang='lat'>,</span> <span class='ocrx_word' id='word_1_498' title='bbox 743 1995 865 2031; x_wconf 82' lang='lat' dir='ltr'>pariter</span> <span class='ocrx_word' id='word_1_499' title='bbox 876 1990 1085 2023; x_wconf 84' lang='lat' dir='ltr'>remeabamus.</span> <span class='ocrx_word' id='word_1_500' title='bbox 1106 1995 1142 2022; x_wconf 88' lang='lat' dir='ltr'>in</span> 
     </span>
    </p>
   </div>
   <div class='ocr_carea' id='block_1_14' title="bbox 84 2028 182 2113">
    <p class='ocr_par' dir='ltr' id='par_1_15' title="bbox 84 2028 182 2113">
     <span class='ocr_line' id='line_1_76' title="bbox 84 2028 182 2065; baseline -0.01 -1"><span class='ocrx_word' id='word_1_501' title='bbox 84 2028 142 2064; x_wconf 36' lang='lat' dir='ltr'>Le..</span> <span class='ocrx_word' id='word_1_502' title='bbox 152 2040 182 2065; x_wconf 88' lang='lat'>1.</span> 
     </span>
     <span class='ocr_line' id='line_1_77' title="bbox 90 2086 179 2113; baseline -0.034 0"><span class='ocrx_word' id='word_1_503' title='bbox 90 2086 179 2113; x_wconf 72' lang='lat' dir='ltr'>cont.</span> 
     </span>
    </p>
   </div>
   <div class='ocr_carea' id='block_1_15' title="bbox 84 2126 190 2213">
    <p class='ocr_par' dir='ltr' id='par_1_16' title="bbox 84 2126 190 2213">
     <span class='ocr_line' id='line_1_78' title="bbox 86 2126 190 2162; baseline -0.019 -1"><span class='ocrx_word' id='word_1_504' title='bbox 86 2126 190 2162; x_wconf 77' lang='lat' dir='ltr'>Acad.</span> 
     </span>
     <span class='ocr_line' id='line_1_79' title="bbox 84 2185 154 2213; baseline -0.043 0"><span class='ocrx_word' id='word_1_505' title='bbox 84 2188 110 2213; x_wconf 75' lang='lat' dir='ltr'>C·</span> <span class='ocrx_word' id='word_1_506' title='bbox 121 2185 154 2212; x_wconf 79' lang='lat'>².</span> 
     </span>
    </p>
   </div>
   <div class='ocr_carea' id='block_1_16' title="bbox 249 2037 1141 3377">
    <p class='ocr_par' dir='ltr' id='par_1_17' title="bbox 249 2037 1141 3377">
     <span class='ocr_line' id='line_1_80' title="bbox 258 2037 1141 2082; baseline -0.007 -9"><span class='ocrx_word' id='word_1_507' title='bbox 258 2040 394 2082; x_wconf 68' lang='lat' dir='ltr'>Africam</span> <span class='ocrx_word' id='word_1_508' title='bbox 409 2063 417 2071; x_wconf 88' lang='lat'>.</span> <span class='ocrx_word' id='word_1_509' title='bbox 446 2040 616 2071; x_wconf 86' lang='lat' dir='ltr'>Vivebant</span> <span class='ocrx_word' id='word_1_510' title='bbox 639 2040 673 2069; x_wconf 91' lang='lat' dir='ltr'>in</span> <span class='ocrx_word' id='word_1_511' title='bbox 690 2038 878 2069; x_wconf 87' lang='lat' dir='ltr'>nemoribus</span> <span class='ocrx_word' id='word_1_512' title='bbox 888 2047 925 2068; x_wconf 89' lang='lat' dir='ltr'>ac</span> <span class='ocrx_word' id='word_1_513' title='bbox 935 2038 1022 2078; x_wconf 84' lang='lat' dir='ltr'>agris</span> <span class='ocrx_word' id='word_1_514' title='bbox 1032 2059 1043 2075; x_wconf 87' lang='lat'><strong>,</strong></span> <span class='ocrx_word' id='word_1_515' title='bbox 1056 2037 1141 2074; x_wconf 76' lang='lat' dir='ltr'>adeo</span> 
     </span>
     <span class='ocr_line' id='line_1_81' title="bbox 256 2083 1141 2130; baseline -0.007 -6"><span class='ocrx_word' id='word_1_516' title='bbox 256 2100 294 2124; x_wconf 89' lang='lat' dir='ltr'>ut</span> <span class='ocrx_word' id='word_1_517' title='bbox 314 2088 399 2123; x_wconf 90' lang='lat' dir='ltr'>solus</span> <span class='ocrx_word' id='word_1_518' title='bbox 421 2086 554 2130; x_wconf 83' lang='lat' dir='ltr'>Alipius</span> <span class='ocrx_word' id='word_1_519' title='bbox 574 2110 586 2127; x_wconf 91' lang='lat'>,</span> <span class='ocrx_word' id='word_1_520' title='bbox 611 2094 726 2129; x_wconf 80' lang='lat' dir='ltr'>utpote</span> <span class='ocrx_word' id='word_1_521' title='bbox 746 2094 851 2125; x_wconf 78' lang='lat' dir='ltr'>rerum</span> <span class='ocrx_word' id='word_1_522' title='bbox 871 2084 1044 2125; x_wconf 77' lang='lat' dir='ltr'>sorensium</span> <span class='ocrx_word' id='word_1_523' title='bbox 1074 2083 1141 2126; x_wconf 80' lang='lat' dir='ltr'>jam</span> 
     </span>
     <span class='ocr_line' id='line_1_82' title="bbox 256 2132 1138 2184; baseline -0.007 -10"><span class='ocrx_word' id='word_1_524' title='bbox 256 2138 380 2184; x_wconf 81' lang='lat' dir='ltr'>pridem</span> <span class='ocrx_word' id='word_1_525' title='bbox 401 2138 522 2181; x_wconf 86' lang='lat' dir='ltr'>peritus</span> <span class='ocrx_word' id='word_1_526' title='bbox 538 2160 550 2176; x_wconf 92' lang='lat'><strong>,</strong></span> <span class='ocrx_word' id='word_1_527' title='bbox 575 2134 822 2169; x_wconf 68' lang='lat' dir='ltr'>necessariorum</span> <span class='ocrx_word' id='word_1_528' title='bbox 847 2135 950 2178; x_wconf 87' lang='lat' dir='ltr'>gratia</span> <span class='ocrx_word' id='word_1_529' title='bbox 974 2132 1138 2168; x_wconf 85' lang='lat' dir='ltr'>accederet</span> 
     </span>
     <span class='ocr_line' id='line_1_83' title="bbox 254 2183 1138 2230; baseline -0.008 -5"><span class='ocrx_word' id='word_1_530' title='bbox 254 2186 440 2225; x_wconf 73' lang='lat' dir='ltr'>civitatem.</span> <span class='ocrx_word' id='word_1_531' title='bbox 469 2186 612 2221; x_wconf 82' lang='lat' dir='ltr'>Proinde</span> <span class='ocrx_word' id='word_1_532' title='bbox 625 2184 830 2230; x_wconf 83' lang='lat' dir='ltr'>Augustinus</span> <span class='ocrx_word' id='word_1_533' title='bbox 855 2184 888 2218; x_wconf 89' lang='lat' dir='ltr'>in</span> <span class='ocrx_word' id='word_1_534' title='bbox 914 2183 1007 2219; x_wconf 87' lang='lat' dir='ltr'>ltalia</span> <span class='ocrx_word' id='word_1_535' title='bbox 1028 2194 1138 2218; x_wconf 87' lang='lat' dir='ltr'>mona·</span> 
     </span>
     <span class='ocr_line' id='line_1_84' title="bbox 255 2234 1138 2281; baseline -0.007 -7"><span class='ocrx_word' id='word_1_536' title='bbox 255 2239 390 2274; x_wconf 83' lang='lat' dir='ltr'>charum</span> <span class='ocrx_word' id='word_1_537' title='bbox 402 2237 530 2281; x_wconf 71' lang='lat' dir='ltr'>pessime</span> <span class='ocrx_word' id='word_1_538' title='bbox 546 2248 583 2271; x_wconf 88' lang='lat' dir='ltr'>ac</span> <span class='ocrx_word' id='word_1_539' title='bbox 597 2235 832 2279; x_wconf 75' lang='lat' dir='ltr'>imperitissime</span> <span class='ocrx_word' id='word_1_540' title='bbox 855 2234 989 2277; x_wconf 87' lang='lat' dir='ltr'>quidam</span> <span class='ocrx_word' id='word_1_541' title='bbox 1002 2234 1085 2269; x_wconf 83' lang='lat' dir='ltr'>inter</span> <span class='ocrx_word' id='word_1_542' title='bbox 1096 2235 1138 2268; x_wconf 87' lang='lat' dir='ltr'>fa·</span> 
     </span>
     <span class='ocr_line' id='line_1_85' title="bbox 257 2283 1139 2330; baseline -0.007 -8"><span class='ocrx_word' id='word_1_543' title='bbox 257 2288 350 2323; x_wconf 88' lang='lat' dir='ltr'>bulas</span> <span class='ocrx_word' id='word_1_544' title='bbox 361 2297 549 2330; x_wconf 81' lang='lat' dir='ltr'>computat:</span> <span class='ocrx_word' id='word_1_545' title='bbox 576 2284 673 2320; x_wconf 77' lang='lat' dir='ltr'>Certe</span> <span class='ocrx_word' id='word_1_546' title='bbox 684 2285 707 2318; x_wconf 84' lang='lat' dir='ltr'>fi</span> <span class='ocrx_word' id='word_1_547' title='bbox 730 2294 798 2318; x_wconf 87' lang='lat' dir='ltr'>non</span> <span class='ocrx_word' id='word_1_548' title='bbox 811 2283 854 2317; x_wconf 84' lang='lat' dir='ltr'>ad</span> <span class='ocrx_word' id='word_1_549' title='bbox 867 2283 1008 2318; x_wconf 81' lang='lat' dir='ltr'>Centum</span> <span class='ocrx_word' id='word_1_550' title='bbox 1021 2283 1119 2318; x_wconf 83' lang='lat' dir='ltr'>cellas</span> <span class='ocrx_word' id='word_1_551' title='bbox 1128 2309 1139 2325; x_wconf 92' lang='lat'>,</span> 
     </span>
     <span class='ocr_line' id='line_1_86' title="bbox 258 2329 1138 2378; baseline -0.007 -6"><span class='ocrx_word' id='word_1_552' title='bbox 258 2339 295 2373; x_wconf 87' lang='lat' dir='ltr'>in</span> <span class='ocrx_word' id='word_1_553' title='bbox 313 2348 386 2372; x_wconf 86' lang='lat' dir='ltr'>rure</span> <span class='ocrx_word' id='word_1_554' title='bbox 397 2347 509 2371; x_wconf 89' lang='lat' dir='ltr'>tamen</span> <span class='ocrx_word' id='word_1_555' title='bbox 523 2334 712 2370; x_wconf 84' lang='lat' dir='ltr'>Verecundi</span> <span class='ocrx_word' id='word_1_556' title='bbox 733 2329 934 2368; x_wconf 79' lang='lat' dir='ltr'>monachum</span> <span class='ocrx_word' id='word_1_557' title='bbox 956 2334 1046 2378; x_wconf 89' lang='lat' dir='ltr'>egit,</span> <span class='ocrx_word' id='word_1_558' title='bbox 1074 2332 1138 2367; x_wconf 89' lang='lat' dir='ltr'>Pa·-</span> 
     </span>
     <span class='ocr_line' id='line_1_87' title="bbox 258 2383 1138 2430; baseline -0.006 -8"><span class='ocrx_word' id='word_1_559' title='bbox 258 2398 404 2430; x_wconf 87' lang='lat' dir='ltr'>tremque</span> <span class='ocrx_word' id='word_1_560' title='bbox 420 2384 673 2420; x_wconf 86' lang='lat' dir='ltr'>monachorum.</span> <span class='ocrx_word' id='word_1_561' title='bbox 703 2383 751 2417; x_wconf 92' lang='lat' dir='ltr'>Ibi</span> <span class='ocrx_word' id='word_1_562' title='bbox 779 2394 920 2427; x_wconf 87' lang='lat' dir='ltr'>namque</span> <span class='ocrx_word' id='word_1_563' title='bbox 943 2383 977 2423; x_wconf 79' lang='lat' dir='ltr'>in</span> <span class='ocrx_word' id='word_1_564' title='bbox 998 2394 1138 2418; x_wconf 85' lang='lat' dir='ltr'>conven-</span> 
     </span>
     <span class='ocr_line' id='line_1_88' title="bbox 258 2432 1137 2479; baseline -0.007 -7"><span class='ocrx_word' id='word_1_565' title='bbox 258 2448 330 2472; x_wconf 87' lang='lat' dir='ltr'>tum</span> <span class='ocrx_word' id='word_1_566' title='bbox 352 2437 445 2470; x_wconf 87' lang='lat' dir='ltr'>suum</span> <span class='ocrx_word' id='word_1_567' title='bbox 465 2446 620 2479; x_wconf 80' lang='lat' dir='ltr'>tanquam</span> <span class='ocrx_word' id='word_1_568' title='bbox 639 2434 735 2467; x_wconf 87' lang='lat' dir='ltr'>Pater</span> <span class='ocrx_word' id='word_1_569' title='bbox 747 2433 874 2468; x_wconf 80' lang='lat' dir='ltr'>admifit</span> <span class='ocrx_word' id='word_1_570' title='bbox 895 2432 1080 2468; x_wconf 87' lang='lat' dir='ltr'>Evodium:</span> <span class='ocrx_word' id='word_1_571' title='bbox 1105 2434 1137 2467; x_wconf 89' lang='lat' dir='ltr'>in</span> 
     </span>
     <span class='ocr_line' id='line_1_89' title="bbox 257 2482 1136 2529; baseline -0.003 -8"><span class='ocrx_word' id='word_1_572' title='bbox 257 2497 458 2522; x_wconf 88' lang='lat' dir='ltr'>conventum</span> <span class='ocrx_word' id='word_1_573' title='bbox 479 2510 490 2526; x_wconf 90' lang='lat'>‚</span> <span class='ocrx_word' id='word_1_574' title='bbox 515 2486 571 2529; x_wconf 90' lang='lat' dir='ltr'>qui</span> <span class='ocrx_word' id='word_1_575' title='bbox 584 2485 649 2527; x_wconf 82' lang='lat' dir='ltr'>jam</span> <span class='ocrx_word' id='word_1_576' title='bbox 663 2483 764 2517; x_wconf 83' lang='lat' dir='ltr'>stabat</span> <span class='ocrx_word' id='word_1_577' title='bbox 786 2485 820 2517; x_wconf 86' lang='lat' dir='ltr'>in</span> <span class='ocrx_word' id='word_1_578' title='bbox 844 2482 1056 2523; x_wconf 87' lang='lat' dir='ltr'>hominibus,</span> <span class='ocrx_word' id='word_1_579' title='bbox 1082 2483 1136 2518; x_wconf 87' lang='lat' dir='ltr'>sed</span> 
     </span>
     <span class='ocr_line' id='line_1_90' title="bbox 258 2532 1135 2577; baseline -0.006 -6"><span class='ocrx_word' id='word_1_580' title='bbox 258 2537 407 2571; x_wconf 84' lang='lat' dir='ltr'>nondum</span> <span class='ocrx_word' id='word_1_581' title='bbox 422 2537 524 2570; x_wconf 83' lang='lat' dir='ltr'>fixum</span> <span class='ocrx_word' id='word_1_582' title='bbox 537 2536 648 2569; x_wconf 88' lang='lat' dir='ltr'>locum</span> <span class='ocrx_word' id='word_1_583' title='bbox 662 2543 826 2577; x_wconf 79' lang='lat' dir='ltr'>acceperat</span> <span class='ocrx_word' id='word_1_584' title='bbox 838 2532 983 2576; x_wconf 87' lang='lat' dir='ltr'>lapidum</span> <span class='ocrx_word' id='word_1_585' title='bbox 1005 2544 1043 2567; x_wconf 89' lang='lat' dir='ltr'>ac</span> <span class='ocrx_word' id='word_1_586' title='bbox 1069 2544 1135 2567; x_wconf 88' lang='lat' dir='ltr'>mu—</span> 
     </span>
     <span class='ocr_line' id='line_1_91' title="bbox 257 2582 1137 2632; baseline -0.006 -12"><span class='ocrx_word' id='word_1_587' title='bbox 257 2597 368 2621; x_wconf 87' lang='lat' dir='ltr'>rorum</span> <span class='ocrx_word' id='word_1_588' title='bbox 386 2611 393 2618; x_wconf 94' lang='lat'><strong>.</strong></span> <span class='ocrx_word' id='word_1_589' title='bbox 418 2587 503 2632; x_wconf 83' lang='lat' dir='ltr'>Qae</span> <span class='ocrx_word' id='word_1_590' title='bbox 519 2585 632 2619; x_wconf 87' lang='lat' dir='ltr'>omnia</span> <span class='ocrx_word' id='word_1_591' title='bbox 644 2594 745 2618; x_wconf 87' lang='lat' dir='ltr'>mater</span> <span class='ocrx_word' id='word_1_592' title='bbox 757 2582 820 2617; x_wconf 79' lang='lat' dir='ltr'>alte</span> <span class='ocrx_word' id='word_1_593' title='bbox 840 2584 1062 2622; x_wconf 82' lang='lat' dir='ltr'>considerans,</span> <span class='ocrx_word' id='word_1_594' title='bbox 1091 2583 1137 2616; x_wconf 84' lang='lat' dir='ltr'>su-</span> 
     </span>
     <span class='ocr_line' id='line_1_92' title="bbox 262 2634 1133 2680; baseline -0.005 -9"><span class='ocrx_word' id='word_1_595' title='bbox 262 2639 413 2680; x_wconf 79' lang='lat' dir='ltr'>tutasque</span> <span class='ocrx_word' id='word_1_596' title='bbox 424 2637 516 2670; x_wconf 84' lang='lat' dir='ltr'>istius</span> <span class='ocrx_word' id='word_1_597' title='bbox 535 2644 718 2670; x_wconf 88' lang='lat' dir='ltr'>conventus</span> <span class='ocrx_word' id='word_1_598' title='bbox 738 2634 930 2678; x_wconf 84' lang='lat' dir='ltr'>propagines</span> <span class='ocrx_word' id='word_1_599' title='bbox 942 2635 1051 2677; x_wconf 83' lang='lat' dir='ltr'>spiritu</span> <span class='ocrx_word' id='word_1_600' title='bbox 1062 2644 1133 2676; x_wconf 89' lang='lat' dir='ltr'>prae-</span> 
     </span>
     <span class='ocr_line' id='line_1_93' title="bbox 258 2685 1132 2727; baseline -0.006 -6"><span class='ocrx_word' id='word_1_601' title='bbox 258 2687 371 2722; x_wconf 82' lang='lat' dir='ltr'>videns</span> <span class='ocrx_word' id='word_1_602' title='bbox 383 2711 394 2727; x_wconf 95' lang='lat'>,</span> <span class='ocrx_word' id='word_1_603' title='bbox 419 2685 502 2719; x_wconf 87' lang='lat' dir='ltr'>dixit</span> <span class='ocrx_word' id='word_1_604' title='bbox 516 2711 524 2718; x_wconf 89' lang='lat'><strong><em>.</em></strong></span> <span class='ocrx_word' id='word_1_605' title='bbox 552 2686 617 2719; x_wconf 79' lang='lat' dir='ltr'>Fili</span> <span class='ocrx_word' id='word_1_606' title='bbox 630 2708 640 2723; x_wconf 93' lang='lat'><em>,</em></span> <span class='ocrx_word' id='word_1_607' title='bbox 662 2691 804 2725; x_wconf 85' lang='lat' dir='ltr'>quantum</span> <span class='ocrx_word' id='word_1_608' title='bbox 814 2687 858 2716; x_wconf 83' lang='lat' dir='ltr'>ad</span> <span class='ocrx_word' id='word_1_609' title='bbox 870 2695 914 2716; x_wconf 90' lang='lat' dir='ltr'>me</span> <span class='ocrx_word' id='word_1_610' title='bbox 926 2690 1038 2716; x_wconf 80' lang='lat' dir='ltr'>attinet</span> <span class='ocrx_word' id='word_1_611' title='bbox 1048 2707 1059 2723; x_wconf 86' lang='lat'>,</span> <span class='ocrx_word' id='word_1_612' title='bbox 1072 2685 1132 2716; x_wconf 91' lang='lat' dir='ltr'>nul-</span> 
     </span>
     <span class='ocr_line' id='line_1_94' title="bbox 258 2732 1135 2779; baseline -0.006 -9"><span class='ocrx_word' id='word_1_613' title='bbox 258 2739 362 2779; x_wconf 83' lang='lat' dir='ltr'>lajam</span> <span class='ocrx_word' id='word_1_614' title='bbox 372 2747 402 2770; x_wconf 90' lang='lat' dir='ltr'>re</span> <span class='ocrx_word' id='word_1_615' title='bbox 414 2735 533 2768; x_wconf 70' lang='lat' dir='ltr'>deleltor</span> <span class='ocrx_word' id='word_1_616' title='bbox 544 2741 576 2767; x_wconf 86' lang='lat' dir='ltr'>in</span> <span class='ocrx_word' id='word_1_617' title='bbox 587 2735 641 2766; x_wconf 86' lang='lat' dir='ltr'>hac</span> <span class='ocrx_word' id='word_1_618' title='bbox 653 2739 722 2767; x_wconf 83' lang='lat' dir='ltr'>vita</span> <span class='ocrx_word' id='word_1_619' title='bbox 734 2757 742 2764; x_wconf 92' lang='lat'>.</span> <span class='ocrx_word' id='word_1_620' title='bbox 768 2735 856 2776; x_wconf 77' lang='lat' dir='ltr'>,Quid</span> <span class='ocrx_word' id='word_1_621' title='bbox 878 2732 924 2766; x_wconf 84' lang='lat' dir='ltr'>hic</span> <span class='ocrx_word' id='word_1_622' title='bbox 941 2733 1061 2774; x_wconf 82' lang='lat' dir='ltr'>faciam</span> <span class='ocrx_word' id='word_1_623' title='bbox 1080 2735 1135 2765; x_wconf 86' lang='lat' dir='ltr'>ad-</span> 
     </span>
     <span class='ocr_line' id='line_1_95' title="bbox 258 2781 1128 2828; baseline -0.006 -7"><span class='ocrx_word' id='word_1_624' title='bbox 258 2786 313 2821; x_wconf 86' lang='lat' dir='ltr'>huc</span> <span class='ocrx_word' id='word_1_625' title='bbox 323 2811 336 2828; x_wconf 88' lang='lat'>‚</span> <span class='ocrx_word' id='word_1_626' title='bbox 363 2788 397 2820; x_wconf 71' lang='lat' dir='ltr'>(tt</span> <span class='ocrx_word' id='word_1_627' title='bbox 409 2797 459 2820; x_wconf 89' lang='lat' dir='ltr'>cur</span> <span class='ocrx_word' id='word_1_628' title='bbox 469 2784 576 2828; x_wconf 86' lang='lat' dir='ltr'>hicfim</span> <span class='ocrx_word' id='word_1_629' title='bbox 587 2808 596 2824; x_wconf 95' lang='lat'>,</span> <span class='ocrx_word' id='word_1_630' title='bbox 624 2781 715 2826; x_wconf 83' lang='lat' dir='ltr'>nescio</span> <span class='ocrx_word' id='word_1_631' title='bbox 726 2807 737 2822; x_wconf 89' lang='lat'><strong>,</strong></span> <span class='ocrx_word' id='word_1_632' title='bbox 759 2784 829 2823; x_wconf 82' lang='lat' dir='ltr'>jam</span> <span class='ocrx_word' id='word_1_633' title='bbox 840 2781 1009 2826; x_wconf 82' lang='lat' dir='ltr'>consumpta</span> <span class='ocrx_word' id='word_1_634' title='bbox 1016 2782 1070 2825; x_wconf 85' lang='lat' dir='ltr'>spe</span> <span class='ocrx_word' id='word_1_635' title='bbox 1081 2782 1128 2816; x_wconf 90' lang='lat' dir='ltr'>hu-</span> 
     </span>
     <span class='ocr_line' id='line_1_96' title="bbox 251 2832 1133 2878; baseline -0.007 -8"><span class='ocrx_word' id='word_1_636' title='bbox 251 2839 306 2878; x_wconf 76' lang='lat' dir='ltr'>J&#39;us</span> <span class='ocrx_word' id='word_1_637' title='bbox 329 2835 451 2878; x_wconf 83' lang='lat' dir='ltr'>saeculi.</span> <span class='ocrx_word' id='word_1_638' title='bbox 479 2839 575 2868; x_wconf 89' lang='lat' dir='ltr'>Unum</span> <span class='ocrx_word' id='word_1_639' title='bbox 585 2842 672 2875; x_wconf 87' lang='lat' dir='ltr'>erat,</span> <span class='ocrx_word' id='word_1_640' title='bbox 692 2840 811 2875; x_wconf 85' lang='lat' dir='ltr'>propter</span> <span class='ocrx_word' id='word_1_641' title='bbox 830 2835 908 2874; x_wconf 87' lang='lat' dir='ltr'>quod</span> <span class='ocrx_word' id='word_1_642' title='bbox 928 2841 959 2864; x_wconf 88' lang='lat' dir='ltr'>in</span> <span class='ocrx_word' id='word_1_643' title='bbox 985 2832 1040 2866; x_wconf 89' lang='lat' dir='ltr'>hac</span> <span class='ocrx_word' id='word_1_644' title='bbox 1066 2839 1133 2867; x_wconf 81' lang='lat' dir='ltr'>vita</span> 
     </span>
     <span class='ocr_line' id='line_1_97' title="bbox 258 2881 1132 2928; baseline -0.005 -9"><span class='ocrx_word' id='word_1_645' title='bbox 258 2887 449 2928; x_wconf 85' lang='lat' dir='ltr'>aliquantum</span> <span class='ocrx_word' id='word_1_646' title='bbox 457 2889 608 2918; x_wconf 80' lang='lat' dir='ltr'>immorari</span> <span class='ocrx_word' id='word_1_647' title='bbox 632 2882 782 2925; x_wconf 86' lang='lat' dir='ltr'>cupiebam</span> <span class='ocrx_word' id='word_1_648' title='bbox 795 2907 806 2924; x_wconf 86' lang='lat'>,</span> <span class='ocrx_word' id='word_1_649' title='bbox 831 2892 864 2915; x_wconf 83' lang='lat' dir='ltr'>ut</span> <span class='ocrx_word' id='word_1_650' title='bbox 885 2892 912 2914; x_wconf 85' lang='lat' dir='ltr'>te</span> <span class='ocrx_word' id='word_1_651' title='bbox 933 2881 1132 2923; x_wconf 80' lang='lat' dir='ltr'>Christianum</span> 
     </span>
     <span class='ocr_line' id='line_1_98' title="bbox 258 2934 1131 2976; baseline -0.006 -5"><span class='ocrx_word' id='word_1_652' title='bbox 258 2936 436 2971; x_wconf 87' lang='lat' dir='ltr'>catholicum</span> <span class='ocrx_word' id='word_1_653' title='bbox 453 2936 588 2969; x_wconf 83' lang='lat' dir='ltr'>viderem</span> <span class='ocrx_word' id='word_1_654' title='bbox 594 2934 680 2976; x_wconf 73' lang='lat' dir='ltr'>prius</span> <span class='ocrx_word' id='word_1_655' title='bbox 691 2945 779 2975; x_wconf 85' lang='lat' dir='ltr'>quam</span> <span class='ocrx_word' id='word_1_656' title='bbox 790 2943 917 2966; x_wconf 87' lang='lat' dir='ltr'>morerer</span> <span class='ocrx_word' id='word_1_657' title='bbox 929 2956 936 2964; x_wconf 94' lang='lat'>.</span> <span class='ocrx_word' id='word_1_658' title='bbox 949 2935 1131 2966; x_wconf 83' lang='lat' dir='ltr'>Cumulatius</span> 
     </span>
     <span class='ocr_line' id='line_1_99' title="bbox 256 2982 1131 3026; baseline -0.005 -7"><span class='ocrx_word' id='word_1_659' title='bbox 256 2987 307 3020; x_wconf 86' lang='lat' dir='ltr'>boc</span> <span class='ocrx_word' id='word_1_660' title='bbox 317 2984 391 3020; x_wconf 82' lang='lat' dir='ltr'>mihi</span> <span class='ocrx_word' id='word_1_661' title='bbox 402 2989 485 3019; x_wconf 81' lang='lat' dir='ltr'>Deus</span> <span class='ocrx_word' id='word_1_662' title='bbox 497 2997 579 3019; x_wconf 87' lang='lat' dir='ltr'>meus</span> <span class='ocrx_word' id='word_1_663' title='bbox 589 2982 732 3026; x_wconf 75' lang='lat' dir='ltr'>praests‘tit</span> <span class='ocrx_word' id='word_1_664' title='bbox 752 3007 764 3024; x_wconf 89' lang='lat'><strong>,</strong></span> <span class='ocrx_word' id='word_1_665' title='bbox 782 2991 814 3014; x_wconf 87' lang='lat' dir='ltr'>ut</span> <span class='ocrx_word' id='word_1_666' title='bbox 824 2989 915 3016; x_wconf 85' lang='lat' dir='ltr'>etiam</span> <span class='ocrx_word' id='word_1_667' title='bbox 927 2990 954 3015; x_wconf 82' lang='lat' dir='ltr'>te</span> <span class='ocrx_word' id='word_1_668' title='bbox 963 2992 1131 3024; x_wconf 85' lang='lat' dir='ltr'>contempta</span> 
     </span>
     <span class='ocr_line' id='line_1_100' title="bbox 249 3032 1128 3079; baseline -0.003 -10"><span class='ocrx_word' id='word_1_669' title='bbox 249 3036 396 3079; x_wconf 69' lang='lat' dir='ltr'>felicitate</span> <span class='ocrx_word' id='word_1_670' title='bbox 422 3044 539 3069; x_wconf 83' lang='lat' dir='ltr'>terrena</span> <span class='ocrx_word' id='word_1_671' title='bbox 542 3033 668 3078; x_wconf 82' lang='lat' dir='ltr'>servum</span> <span class='ocrx_word' id='word_1_672' title='bbox 679 3035 745 3075; x_wconf 81' lang='lat' dir='ltr'>ejus</span> <span class='ocrx_word' id='word_1_673' title='bbox 760 3034 880 3067; x_wconf 83' lang='lat' dir='ltr'>videam</span> <span class='ocrx_word' id='word_1_674' title='bbox 891 3056 898 3063; x_wconf 92' lang='lat'><em>.</em></span> <span class='ocrx_word' id='word_1_675' title='bbox 926 3033 1015 3075; x_wconf 77' lang='lat' dir='ltr'>‚Quid</span> <span class='ocrx_word' id='word_1_676' title='bbox 1025 3032 1071 3066; x_wconf 86' lang='lat' dir='ltr'>hic</span> <span class='ocrx_word' id='word_1_677' title='bbox 1078 3033 1128 3074; x_wconf 88' lang='lat' dir='ltr'>fa-</span> 
     </span>
     <span class='ocr_line' id='line_1_101' title="bbox 254 3082 1130 3128; baseline -0.002 -10"><span class='ocrx_word' id='word_1_678' title='bbox 254 3093 295 3119; x_wconf 85' lang='lat' dir='ltr'>cio</span> <span class='ocrx_word' id='word_1_679' title='bbox 307 3088 318 3119; x_wconf 88' lang='lat'>?</span> <span class='ocrx_word' id='word_1_680' title='bbox 330 3085 413 3120; x_wconf 89' lang='lat' dir='ltr'>Non</span> <span class='ocrx_word' id='word_1_681' title='bbox 425 3087 523 3120; x_wconf 86' lang='lat' dir='ltr'>talem</span> <span class='ocrx_word' id='word_1_682' title='bbox 538 3086 651 3128; x_wconf 89' lang='lat' dir='ltr'>utique</span> <span class='ocrx_word' id='word_1_683' title='bbox 662 3084 799 3121; x_wconf 86' lang='lat' dir='ltr'>servum,</span> <span class='ocrx_word' id='word_1_684' title='bbox 810 3082 938 3126; x_wconf 85' lang='lat' dir='ltr'>qualem</span> <span class='ocrx_word' id='word_1_685' title='bbox 950 3082 1130 3118; x_wconf 75' lang='lat' dir='ltr'>necestitate</span> 
     </span>
     <span class='ocr_line' id='line_1_102' title="bbox 252 3132 1132 3178; baseline -0.003 -8"><span class='ocrx_word' id='word_1_686' title='bbox 252 3136 362 3170; x_wconf 84' lang='lat' dir='ltr'>salutis</span> <span class='ocrx_word' id='word_1_687' title='bbox 370 3145 505 3170; x_wconf 87' lang='lat' dir='ltr'>omnem</span> <span class='ocrx_word' id='word_1_688' title='bbox 517 3145 647 3178; x_wconf 83' lang='lat' dir='ltr'>oportet</span> <span class='ocrx_word' id='word_1_689' title='bbox 657 3133 720 3168; x_wconf 80' lang='lat' dir='ltr'>effe</span> <span class='ocrx_word' id='word_1_690' title='bbox 729 3132 977 3174; x_wconf 84' lang='lat' dir='ltr'>Christianum;</span> <span class='ocrx_word' id='word_1_691' title='bbox 990 3132 1041 3166; x_wconf 89' lang='lat' dir='ltr'>sed</span> <span class='ocrx_word' id='word_1_692' title='bbox 1053 3143 1132 3175; x_wconf 88' lang='lat' dir='ltr'>qua-</span> 
     </span>
     <span class='ocr_line' id='line_1_103' title="bbox 253 3182 1128 3224; baseline -0.005 -4"><span class='ocrx_word' id='word_1_693' title='bbox 253 3187 318 3220; x_wconf 86' lang='lat' dir='ltr'>lem</span> <span class='ocrx_word' id='word_1_694' title='bbox 329 3186 480 3219; x_wconf 83' lang='lat' dir='ltr'>describit</span> <span class='ocrx_word' id='word_1_695' title='bbox 493 3186 624 3219; x_wconf 66' lang='lat' dir='ltr'>sanstus</span> <span class='ocrx_word' id='word_1_696' title='bbox 638 3182 798 3217; x_wconf 84' lang='lat' dir='ltr'>Poffidius</span> <span class='ocrx_word' id='word_1_697' title='bbox 810 3207 817 3215; x_wconf 85' lang='lat'><strong>.</strong></span> <span class='ocrx_word' id='word_1_698' title='bbox 827 3186 955 3224; x_wconf 79' lang='lat' dir='ltr'>Moxque</span> <span class='ocrx_word' id='word_1_699' title='bbox 965 3193 1001 3216; x_wconf 82' lang='lat' dir='ltr'>ex</span> <span class='ocrx_word' id='word_1_700' title='bbox 1013 3187 1128 3218; x_wconf 73' lang='lat' dir='ltr'>intImis</span> 
     </span>
     <span class='ocr_line' id='line_1_104' title="bbox 254 3231 1127 3278; baseline -0.001 -10"><span class='ocrx_word' id='word_1_701' title='bbox 254 3237 347 3268; x_wconf 83' lang='lat' dir='ltr'>cordis</span> <span class='ocrx_word' id='word_1_702' title='bbox 362 3236 496 3268; x_wconf 82' lang='lat' dir='ltr'>medullis</span> <span class='ocrx_word' id='word_1_703' title='bbox 504 3234 589 3278; x_wconf 86' lang='lat' dir='ltr'>spem</span> <span class='ocrx_word' id='word_1_704' title='bbox 601 3245 715 3267; x_wconf 82' lang='lat' dir='ltr'>omnem</span> <span class='ocrx_word' id='word_1_705' title='bbox 727 3257 737 3272; x_wconf 92' lang='lat'>,</span> <span class='ocrx_word' id='word_1_706' title='bbox 754 3245 843 3275; x_wconf 85' lang='lat' dir='ltr'>quam</span> <span class='ocrx_word' id='word_1_707' title='bbox 857 3231 983 3265; x_wconf 84' lang='lat' dir='ltr'>hahebat</span> <span class='ocrx_word' id='word_1_708' title='bbox 993 3231 1127 3275; x_wconf 79' lang='lat' dir='ltr'>insaecu-</span> 
     </span>
     <span class='ocr_line' id='line_1_105' title="bbox 254 3283 1129 3329; baseline -0.003 -11"><span class='ocrx_word' id='word_1_709' title='bbox 254 3286 302 3326; x_wconf 88' lang='lat' dir='ltr'>lo,</span> <span class='ocrx_word' id='word_1_710' title='bbox 328 3286 483 3329; x_wconf 77' lang='lat' dir='ltr'>dereliquit</span> <span class='ocrx_word' id='word_1_711' title='bbox 498 3309 509 3325; x_wconf 91' lang='lat'><em>‚</em></span> <span class='ocrx_word' id='word_1_712' title='bbox 528 3287 597 3325; x_wconf 85' lang='lat' dir='ltr'>jam</span> <span class='ocrx_word' id='word_1_713' title='bbox 608 3295 664 3315; x_wconf 89' lang='lat' dir='ltr'>non</span> <span class='ocrx_word' id='word_1_714' title='bbox 676 3294 794 3316; x_wconf 76' lang='lat' dir='ltr'>uxorem</span> <span class='ocrx_word' id='word_1_715' title='bbox 807 3307 818 3323; x_wconf 89' lang='lat'>‚</span> <span class='ocrx_word' id='word_1_716' title='bbox 844 3294 899 3314; x_wconf 89' lang='lat' dir='ltr'>non</span> <span class='ocrx_word' id='word_1_717' title='bbox 910 3283 986 3324; x_wconf 84' lang='lat' dir='ltr'>filios</span> <span class='ocrx_word' id='word_1_718' title='bbox 1005 3285 1105 3316; x_wconf 75' lang='lat' dir='ltr'>carnis</span> <span class='ocrx_word' id='word_1_719' title='bbox 1118 3306 1129 3321; x_wconf 88' lang='lat'>‚</span> 
     </span>
     <span class='ocr_line' id='line_1_106' title="bbox 256 3331 1130 3377; baseline -0.006 -8"><span class='ocrx_word' id='word_1_720' title='bbox 256 3347 314 3369; x_wconf 86' lang='lat' dir='ltr'>non</span> <span class='ocrx_word' id='word_1_721' title='bbox 326 3336 457 3369; x_wconf 81' lang='lat' dir='ltr'>divitias</span> <span class='ocrx_word' id='word_1_722' title='bbox 469 3360 481 3377; x_wconf 88' lang='lat'><em>‚</em></span> <span class='ocrx_word' id='word_1_723' title='bbox 502 3347 559 3368; x_wconf 90' lang='lat' dir='ltr'>non</span> <span class='ocrx_word' id='word_1_724' title='bbox 571 3333 691 3366; x_wconf 86' lang='lat' dir='ltr'>honores</span> <span class='ocrx_word' id='word_1_725' title='bbox 702 3332 803 3377; x_wconf 79' lang='lat' dir='ltr'>saeculi</span> <span class='ocrx_word' id='word_1_726' title='bbox 814 3344 950 3375; x_wconf 67' lang='lat' dir='ltr'>quarens</span> <span class='ocrx_word' id='word_1_727' title='bbox 963 3357 972 3373; x_wconf 84' lang='lat'>,</span> <span class='ocrx_word' id='word_1_728' title='bbox 997 3331 1052 3375; x_wconf 72' lang='lat' dir='ltr'>ftd</span> <span class='ocrx_word' id='word_1_729' title='bbox 1069 3331 1130 3375; x_wconf 82' lang='lat' dir='ltr'>soli</span> 
     </span>
    </p>
   </div>
   <div class='ocr_carea' id='block_1_17' title="bbox 84 2733 213 2818">
    <p class='ocr_par' dir='ltr' id='par_1_18' title="bbox 84 2733 213 2818">
     <span class='ocr_line' id='line_1_107' title="bbox 84 2733 213 2766; baseline -0.016 0"><span class='ocrx_word' id='word_1_730' title='bbox 84 2733 171 2766; x_wconf 85' lang='lat' dir='ltr'>conf.</span> <span class='ocrx_word' id='word_1_731' title='bbox 186 2743 213 2766; x_wconf 93' lang='lat' dir='ltr'>c.</span> 
     </span>
     <span class='ocr_line' id='line_1_108' title="bbox 89 2790 143 2818; baseline 0 -2"><span class='ocrx_word' id='word_1_732' title='bbox 89 2790 143 2818; x_wconf 82' lang='lat'>10.</span> 
     </span>
    </p>
   </div>
   <div class='ocr_carea' id='block_1_18' title="bbox 254 3361 1144 3479">
    <p class='ocr_par' dir='ltr' id='par_1_19' title="bbox 254 3361 1144 3479">
     <span class='ocr_line' id='line_1_109' title="bbox 257 3361 1143 3429; baseline -0.005 -10"><span class='ocrx_word' id='word_1_733' title='bbox 257 3389 320 3419; x_wconf 83' lang='lat' dir='ltr'>Deo</span> <span class='ocrx_word' id='word_1_734' title='bbox 333 3396 395 3418; x_wconf 88' lang='lat' dir='ltr'>cum</span> <span class='ocrx_word' id='word_1_735' title='bbox 405 3384 469 3429; x_wconf 83' lang='lat' dir='ltr'>suis</span> <span class='ocrx_word' id='word_1_736' title='bbox 480 3383 596 3428; x_wconf 84' lang='lat' dir='ltr'>servire</span> <span class='ocrx_word' id='word_1_737' title='bbox 602 3383 708 3424; x_wconf 86' lang='lat' dir='ltr'>statuit</span> <span class='ocrx_word' id='word_1_738' title='bbox 722 3407 732 3423; x_wconf 93' lang='lat'>,</span> <span class='ocrx_word' id='word_1_739' title='bbox 756 3389 788 3416; x_wconf 90' lang='lat' dir='ltr'>in</span> <span class='ocrx_word' id='word_1_740' title='bbox 800 3383 847 3415; x_wconf 83' lang='lat' dir='ltr'>illo</span> <span class='ocrx_word' id='word_1_741' title='bbox 858 3384 890 3415; x_wconf 63' lang='grc' dir='ltr'>(ν</span> <span class='ocrx_word' id='word_1_742' title='bbox 907 3394 943 3415; x_wconf 76' lang='lat' dir='ltr'>tx</span> <span class='ocrx_word' id='word_1_743' title='bbox 965 3383 1013 3416; x_wconf 84' lang='lat' dir='ltr'>illo</span> <span class='ocrx_word' id='word_1_744' title='bbox 1028 3361 1143 3424; x_wconf 70' lang='lat' dir='ltr'>pusillo¹</span> 
     </span>
     <span class='ocr_line' id='line_1_110' title="bbox 254 3411 1144 3479; baseline -0.003 -11"><span class='ocrx_word' id='word_1_745' title='bbox 254 3446 342 3479; x_wconf 79' lang='lat' dir='ltr'>grege</span> <span class='ocrx_word' id='word_1_746' title='bbox 361 3434 410 3476; x_wconf 79' lang='lat' dir='ltr'>effe</span> <span class='ocrx_word' id='word_1_747' title='bbox 427 3434 568 3475; x_wconf 83' lang='lat' dir='ltr'>studens,</span> <span class='ocrx_word' id='word_1_748' title='bbox 588 3445 674 3476; x_wconf 85' lang='lat' dir='ltr'>quem</span> <span class='ocrx_word' id='word_1_749' title='bbox 694 3437 836 3466; x_wconf 85' lang='lat' dir='ltr'>Dominus</span> <span class='ocrx_word' id='word_1_750' title='bbox 849 3434 1005 3475; x_wconf 78' lang='lat' dir='ltr'>alloquitur</span> <span class='ocrx_word' id='word_1_751' title='bbox 1018 3411 1144 3470; x_wconf 58' lang='lat' dir='ltr'>dicens·⁸</span> 
     </span>
    </p>
   </div>
   <div class='ocr_carea' id='block_1_19' title="bbox 343 3483 783 3528">
    <p class='ocr_par' dir='ltr' id='par_1_20' title="bbox 343 3483 783 3528">
     <span class='ocr_line' id='line_1_111' title="bbox 343 3483 783 3528; baseline -0.009 -9"><span class='ocrx_word' id='word_1_752' title='bbox 343 3483 448 3527; x_wconf 76' lang='lat' dir='ltr'>christ.</span> <span class='ocrx_word' id='word_1_753' title='bbox 463 3488 540 3528; x_wconf 84' lang='lat' dir='ltr'>Lupi</span> <span class='ocrx_word' id='word_1_754' title='bbox 551 3488 608 3527; x_wconf 87' lang='lat' dir='ltr'>Op,</span> <span class='ocrx_word' id='word_1_755' title='bbox 621 3487 646 3516; x_wconf 87' lang='lat' dir='ltr'><strong><em>T</em></strong></span> <span class='ocrx_word' id='word_1_756' title='bbox 647 3495 700 3517; x_wconf 90' lang='lat' dir='ltr'>om.</span> <span class='ocrx_word' id='word_1_757' title='bbox 711 3486 743 3515; x_wconf 89' lang='lat' dir='ltr'><strong>X</strong></span> <span class='ocrx_word' id='word_1_758' title='bbox 747 3487 783 3516; x_wconf 91' lang='lat'>11.</span> 
     </span>
    </p>
   </div>
   <div class='ocr_carea' id='block_1_20' title="bbox 1167 406 1209 2763">
    <p class='ocr_par' dir='ltr' id='par_1_21' title="bbox 1167 406 1209 2763">
     <span class='ocr_line' id='line_1_112' title="bbox 1167 406 1209 2763; baseline 0 0"><span class='ocrx_word' id='word_1_759' title='bbox 1167 406 1209 2763; x_wconf 95' lang='lat' dir='ltr'>     </span> 
     </span>
    </p>
   </div>
   <div class='ocr_carea' id='block_1_21' title="bbox 1137 2502 1158 3351">
    <p class='ocr_par' dir='ltr' id='par_1_22' title="bbox 1137 2502 1158 3351">
     <span class='ocr_line' id='line_1_113' title="bbox 1137 2502 1158 3351; baseline 0 -694"><span class='ocrx_word' id='word_1_760' title='bbox 1137 2502 1158 3351; x_wconf 95' lang='lat' dir='ltr'>   </span> 
     </span>
    </p>
   </div>
   <div class='ocr_carea' id='block_1_22' title="bbox 1187 1692 2201 3284">
    <p class='ocr_par' dir='ltr' id='par_1_23' title="bbox 1187 1692 2201 3284">
     <span class='ocr_line' id='line_1_114' title="bbox 1220 1692 2088 1740; baseline -0.001 -10"><span class='ocrx_word' id='word_1_761' title='bbox 1220 1728 1222 1733; x_wconf 81' lang='grc'>,</span> <span class='ocrx_word' id='word_1_762' title='bbox 1309 1692 1529 1739; x_wconf 74' lang='lat' dir='ltr'>Ugussinuse</span> <span class='ocrx_word' id='word_1_763' title='bbox 1542 1705 1638 1739; x_wconf 85' lang='lat' dir='ltr'>portu</span> <span class='ocrx_word' id='word_1_764' title='bbox 1650 1693 1808 1730; x_wconf 83' lang='lat' dir='ltr'>Romano</span> <span class='ocrx_word' id='word_1_765' title='bbox 1821 1693 1862 1730; x_wconf 87' lang='lat' dir='ltr'>ad</span> <span class='ocrx_word' id='word_1_766' title='bbox 1875 1692 2004 1740; x_wconf 79' lang='lat' dir='ltr'>propria</span> <span class='ocrx_word' id='word_1_767' title='bbox 2027 1694 2088 1730; x_wconf 87' lang='lat' dir='ltr'>sol-</span> 
     </span>
     <span class='ocr_line' id='line_1_115' title="bbox 1322 1744 2087 1791; baseline 0.001 -13"><span class='ocrx_word' id='word_1_768' title='bbox 1322 1755 1399 1779; x_wconf 90' lang='lat' dir='ltr'>vens</span> <span class='ocrx_word' id='word_1_769' title='bbox 1410 1746 1491 1780; x_wconf 72' lang='lat' dir='ltr'>reeta</span> <span class='ocrx_word' id='word_1_770' title='bbox 1501 1745 1737 1791; x_wconf 83' lang='lat' dir='ltr'>Carthaginem</span> <span class='ocrx_word' id='word_1_771' title='bbox 1758 1744 1955 1787; x_wconf 90' lang='lat' dir='ltr'>contendit,</span> <span class='ocrx_word' id='word_1_772' title='bbox 1976 1745 2087 1788; x_wconf 88' lang='lat' dir='ltr'>ibique</span> 
     </span>
     <span class='ocr_line' id='line_1_116' title="bbox 1204 1794 2084 1840; baseline -0.001 -10"><span class='ocrx_word' id='word_1_773' title='bbox 1204 1794 1349 1840; x_wconf 81' lang='lat' dir='ltr'>hospitio</span> <span class='ocrx_word' id='word_1_774' title='bbox 1362 1804 1533 1840; x_wconf 52' lang='lat' dir='ltr'>exceptus:</span> <span class='ocrx_word' id='word_1_775' title='bbox 1543 1796 1588 1830; x_wconf 83' lang='lat' dir='ltr'>e&#39;st</span> <span class='ocrx_word' id='word_1_776' title='bbox 1602 1797 1620 1830; x_wconf 75' lang='lat' dir='ltr'>a</span> <span class='ocrx_word' id='word_1_777' title='bbox 1633 1795 1755 1831; x_wconf 84' lang='lat' dir='ltr'>Nobili</span> <span class='ocrx_word' id='word_1_778' title='bbox 1776 1795 1860 1831; x_wconf 88' lang='lat' dir='ltr'>Viro</span> <span class='ocrx_word' id='word_1_779' title='bbox 1881 1794 2084 1829; x_wconf 86' lang='lat' dir='ltr'>Innocentio</span> 
     </span>
     <span class='ocr_line' id='line_1_117' title="bbox 1205 1844 2085 1889; baseline 0.001 -11"><span class='ocrx_word' id='word_1_780' title='bbox 1205 1845 1419 1883; x_wconf 84' lang='lat' dir='ltr'>Exadvocato</span> <span class='ocrx_word' id='word_1_781' title='bbox 1441 1847 1567 1880; x_wconf 72' lang='lat' dir='ltr'>vicariae</span> <span class='ocrx_word' id='word_1_782' title='bbox 1585 1845 1782 1882; x_wconf 75' lang='lat' dir='ltr'>Praefesturae</span> <span class='ocrx_word' id='word_1_783' title='bbox 1803 1866 1814 1883; x_wconf 88' lang='lat'>‚</span> <span class='ocrx_word' id='word_1_784' title='bbox 1848 1854 1929 1879; x_wconf 88' lang='lat' dir='ltr'>tunc</span> <span class='ocrx_word' id='word_1_785' title='bbox 1941 1844 2085 1889; x_wconf 81' lang='lat' dir='ltr'>graviter</span> 
     </span>
     <span class='ocr_line' id='line_1_118' title="bbox 1203 1892 2083 1939; baseline 0.001 -12"><span class='ocrx_word' id='word_1_786' title='bbox 1203 1906 1381 1939; x_wconf 65' lang='lat' dir='ltr'>aegrotante</span> <span class='ocrx_word' id='word_1_787' title='bbox 1402 1921 1411 1929; x_wconf 90' lang='lat'><strong>.</strong></span> <span class='ocrx_word' id='word_1_788' title='bbox 1458 1895 1614 1930; x_wconf 84' lang='lat' dir='ltr'>Testatur</span> <span class='ocrx_word' id='word_1_789' title='bbox 1638 1895 1703 1927; x_wconf 90' lang='lat' dir='ltr'>hoc</span> <span class='ocrx_word' id='word_1_790' title='bbox 1721 1893 1787 1936; x_wconf 87' lang='lat' dir='ltr'>ipse</span> <span class='ocrx_word' id='word_1_791' title='bbox 1809 1892 2015 1938; x_wconf 84' lang='lat' dir='ltr'>Augustinus</span> <span class='ocrx_word' id='word_1_792' title='bbox 2039 1895 2083 1929; x_wconf 84' lang='lat' dir='ltr'>sic</span> 
     </span>
     <span class='ocr_line' id='line_1_119' title="bbox 1204 1942 2080 1980; baseline 0.002 -4"><span class='ocrx_word' id='word_1_793' title='bbox 1204 1943 1345 1977; x_wconf 82' lang='lat' dir='ltr'>scribens</span> <span class='ocrx_word' id='word_1_794' title='bbox 1366 1943 1408 1976; x_wconf 91' lang='lat' dir='ltr'>ad</span> <span class='ocrx_word' id='word_1_795' title='bbox 1425 1943 1567 1977; x_wconf 74' lang='lat' dir='ltr'>sanetum</span> <span class='ocrx_word' id='word_1_796' title='bbox 1590 1942 1759 1977; x_wconf 76' lang='lat' dir='ltr'>Comitem</span> <span class='ocrx_word' id='word_1_797' title='bbox 1790 1942 2024 1980; x_wconf 85' lang='lat' dir='ltr'>Marcellinum</span> <span class='ocrx_word' id='word_1_798' title='bbox 2046 1947 2080 1979; x_wconf 90' lang='lat' dir='ltr'>in</span> 
     </span>
     <span class='ocr_line' id='line_1_120' title="bbox 1204 1983 2201 2037; baseline 0.01 -16"><span class='ocrx_word' id='word_1_799' title='bbox 1204 2002 1302 2034; x_wconf 83' lang='lat' dir='ltr'>opere</span> <span class='ocrx_word' id='word_1_800' title='bbox 1315 1989 1357 2022; x_wconf 88' lang='lat' dir='ltr'>de</span> <span class='ocrx_word' id='word_1_801' title='bbox 1364 1992 1584 2025; x_wconf 27' lang='lat' dir='ltr'>*eivitatoDei</span> <span class='ocrx_word' id='word_1_802' title='bbox 1596 2015 1604 2021; x_wconf 87' lang='lat'><strong>.</strong></span> <span class='ocrx_word' id='word_1_803' title='bbox 1630 1997 1786 2030; x_wconf 71' lang='lat' dir='ltr'>Venientes</span> <span class='ocrx_word' id='word_1_804' title='bbox 1806 1994 1845 2026; x_wconf 86' lang='lat' dir='ltr'>de</span> <span class='ocrx_word' id='word_1_805' title='bbox 1863 1994 2079 2037; x_wconf 80' lang='lat' dir='ltr'>transmarinis</span> <span class='ocrx_word' id='word_1_806' title='bbox 2097 1983 2136 2018; x_wconf 80' lang='lat' dir='ltr'>L·</span> <span class='ocrx_word' id='word_1_807' title='bbox 2148 1995 2201 2023; x_wconf 88' lang='lat'>22.</span> 
     </span>
     <span class='ocr_line' id='line_1_121' title="bbox 1202 2033 2183 2084; baseline 0.013 -16"><span class='ocrx_word' id='word_1_808' title='bbox 1202 2039 1289 2071; x_wconf 68' lang='lat' dir='ltr'>me&amp;</span> <span class='ocrx_word' id='word_1_809' title='bbox 1291 2036 1427 2078; x_wconf 84' lang='lat' dir='ltr'>fratrem</span> <span class='ocrx_word' id='word_1_810' title='bbox 1438 2048 1532 2070; x_wconf 85' lang='lat' dir='ltr'>meum</span> <span class='ocrx_word' id='word_1_811' title='bbox 1555 2039 1683 2078; x_wconf 72' lang='lat' dir='ltr'>alipium</span> <span class='ocrx_word' id='word_1_812' title='bbox 1697 2062 1709 2078; x_wconf 89' lang='lat'>‚</span> <span class='ocrx_word' id='word_1_813' title='bbox 1736 2043 1867 2073; x_wconf 85' lang='lat' dir='ltr'>nondum</span> <span class='ocrx_word' id='word_1_814' title='bbox 1886 2047 2007 2084; x_wconf 80' lang='lat' dir='ltr'>quidem</span> <span class='ocrx_word' id='word_1_815' title='bbox 2026 2047 2081 2080; x_wconf 83' lang='lat' dir='ltr'>cle·</span> <span class='ocrx_word' id='word_1_816' title='bbox 2099 2047 2125 2070; x_wconf 71' lang='lat' dir='ltr'>c·</span> <span class='ocrx_word' id='word_1_817' title='bbox 2155 2033 2183 2073; x_wconf 81' lang='lat'>8·</span> 
     </span>
     <span class='ocr_line' id='line_1_122' title="bbox 1200 2084 2080 2129; baseline 0.014 -12"><span class='ocrx_word' id='word_1_818' title='bbox 1200 2092 1271 2118; x_wconf 82' lang='lat' dir='ltr'>ricos</span> <span class='ocrx_word' id='word_1_819' title='bbox 1281 2109 1292 2126; x_wconf 88' lang='lat'><strong>,</strong></span> <span class='ocrx_word' id='word_1_820' title='bbox 1315 2085 1376 2128; x_wconf 83' lang='lat' dir='ltr'>sed</span> <span class='ocrx_word' id='word_1_821' title='bbox 1380 2088 1452 2126; x_wconf 81' lang='lat' dir='ltr'>jam</span> <span class='ocrx_word' id='word_1_822' title='bbox 1468 2091 1528 2120; x_wconf 86' lang='lat' dir='ltr'>Deo</span> <span class='ocrx_word' id='word_1_823' title='bbox 1532 2084 1702 2129; x_wconf 70' lang='lat' dir='ltr'>servientes</span> <span class='ocrx_word' id='word_1_824' title='bbox 1714 2112 1725 2127; x_wconf 92' lang='lat'>‚</span> <span class='ocrx_word' id='word_1_825' title='bbox 1755 2098 1789 2122; x_wconf 90' lang='lat' dir='ltr'>ut</span> <span class='ocrx_word' id='word_1_826' title='bbox 1805 2100 1868 2124; x_wconf 87' lang='lat' dir='ltr'>erat</span> <span class='ocrx_word' id='word_1_827' title='bbox 1879 2103 1944 2125; x_wconf 87' lang='lat' dir='ltr'>cum</span> <span class='ocrx_word' id='word_1_828' title='bbox 1956 2102 2019 2128; x_wconf 87' lang='lat' dir='ltr'>tota</span> <span class='ocrx_word' id='word_1_829' title='bbox 2030 2097 2080 2129; x_wconf 82' lang='lat' dir='ltr'>do-</span> 
     </span>
     <span class='ocr_line' id='line_1_123' title="bbox 1201 2134 2080 2185; baseline 0.011 -17"><span class='ocrx_word' id='word_1_830' title='bbox 1201 2147 1247 2168; x_wconf 91' lang='lat' dir='ltr'>mo</span> <span class='ocrx_word' id='word_1_831' title='bbox 1251 2134 1309 2178; x_wconf 86' lang='lat' dir='ltr'>sua</span> <span class='ocrx_word' id='word_1_832' title='bbox 1324 2136 1549 2180; x_wconf 81' lang='lat' dir='ltr'>Religiofiffimus</span> <span class='ocrx_word' id='word_1_833' title='bbox 1562 2160 1573 2177; x_wconf 87' lang='lat'><strong>,</strong></span> <span class='ocrx_word' id='word_1_834' title='bbox 1588 2136 1652 2180; x_wconf 77' lang='lat' dir='ltr'>ipse</span> <span class='ocrx_word' id='word_1_835' title='bbox 1658 2136 1825 2181; x_wconf 82' lang='lat' dir='ltr'>susceperat</span> <span class='ocrx_word' id='word_1_836' title='bbox 1839 2164 1849 2179; x_wconf 89' lang='lat'>‚</span> <span class='ocrx_word' id='word_1_837' title='bbox 1875 2144 1909 2176; x_wconf 64' lang='grc'>(9</span> <span class='ocrx_word' id='word_1_838' title='bbox 1919 2145 2006 2185; x_wconf 86' lang='lat' dir='ltr'>apud</span> <span class='ocrx_word' id='word_1_839' title='bbox 2013 2156 2080 2178; x_wconf 90' lang='lat' dir='ltr'>eum</span> 
     </span>
     <span class='ocr_line' id='line_1_124' title="bbox 1200 2185 2083 2229; baseline 0.014 -12"><span class='ocrx_word' id='word_1_840' title='bbox 1200 2194 1266 2224; x_wconf 81' lang='lat' dir='ltr'>tunc</span> <span class='ocrx_word' id='word_1_841' title='bbox 1278 2185 1490 2220; x_wconf 77' lang='lat' dir='ltr'>habitabamus</span> <span class='ocrx_word' id='word_1_842' title='bbox 1503 2213 1511 2221; x_wconf 92' lang='lat'><strong>.</strong></span> <span class='ocrx_word' id='word_1_843' title='bbox 1545 2186 1693 2221; x_wconf 86' lang='lat' dir='ltr'>Verbum</span> <span class='ocrx_word' id='word_1_844' title='bbox 1702 2188 1914 2224; x_wconf 83' lang='lat' dir='ltr'>habitabamus</span> <span class='ocrx_word' id='word_1_845' title='bbox 1938 2195 2083 2229; x_wconf 85' lang='lat' dir='ltr'>nonnul·</span> 
     </span>
     <span class='ocr_line' id='line_1_125' title="bbox 1200 2235 2080 2288; baseline 0.011 -19"><span class='ocrx_word' id='word_1_846' title='bbox 1200 2235 1264 2270; x_wconf 89' lang='lat' dir='ltr'>lam</span> <span class='ocrx_word' id='word_1_847' title='bbox 1277 2236 1311 2269; x_wconf 84' lang='lat' dir='ltr'>in</span> <span class='ocrx_word' id='word_1_848' title='bbox 1324 2236 1427 2271; x_wconf 89' lang='lat' dir='ltr'>domo</span> <span class='ocrx_word' id='word_1_849' title='bbox 1438 2237 1497 2271; x_wconf 86' lang='lat' dir='ltr'>ista</span> <span class='ocrx_word' id='word_1_850' title='bbox 1509 2247 1633 2271; x_wconf 85' lang='lat' dir='ltr'>moram</span> <span class='ocrx_word' id='word_1_851' title='bbox 1655 2239 1814 2283; x_wconf 84' lang='lat' dir='ltr'>significat</span> <span class='ocrx_word' id='word_1_852' title='bbox 1829 2265 1839 2281; x_wconf 94' lang='lat'><em>,</em></span> <span class='ocrx_word' id='word_1_853' title='bbox 1857 2254 2080 2288; x_wconf 85' lang='lat' dir='ltr'>magnumque</span> 
     </span>
     <span class='ocr_line' id='line_1_126' title="bbox 1200 2286 2081 2337; baseline 0.011 -17"><span class='ocrx_word' id='word_1_854' title='bbox 1200 2286 1282 2320; x_wconf 87' lang='lat' dir='ltr'>istud</span> <span class='ocrx_word' id='word_1_855' title='bbox 1297 2287 1443 2332; x_wconf 85' lang='lat' dir='ltr'>sanitatis</span> <span class='ocrx_word' id='word_1_856' title='bbox 1454 2298 1508 2330; x_wconf 86' lang='lat' dir='ltr'>per</span> <span class='ocrx_word' id='word_1_857' title='bbox 1519 2288 1665 2322; x_wconf 71' lang='lat' dir='ltr'>fitnstum</span> <span class='ocrx_word' id='word_1_858' title='bbox 1679 2289 1879 2333; x_wconf 85' lang='lat' dir='ltr'>Stephanum</span> <span class='ocrx_word' id='word_1_859' title='bbox 1893 2317 1904 2332; x_wconf 87' lang='lat'>,</span> <span class='ocrx_word' id='word_1_860' title='bbox 1931 2295 2020 2337; x_wconf 90' lang='lat' dir='ltr'>quod</span> <span class='ocrx_word' id='word_1_861' title='bbox 2033 2296 2081 2330; x_wconf 88' lang='lat' dir='ltr'>ibi</span> 
     </span>
     <span class='ocr_line' id='line_1_127' title="bbox 1201 2335 2079 2380; baseline 0.013 -12"><span class='ocrx_word' id='word_1_862' title='bbox 1201 2335 1405 2380; x_wconf 84' lang='lat' dir='ltr'>Augustinus</span> <span class='ocrx_word' id='word_1_863' title='bbox 1416 2339 1509 2371; x_wconf 87' lang='lat' dir='ltr'>refert</span> <span class='ocrx_word' id='word_1_864' title='bbox 1523 2361 1535 2377; x_wconf 91' lang='lat'><em>‚</em></span> <span class='ocrx_word' id='word_1_865' title='bbox 1558 2337 1685 2372; x_wconf 88' lang='lat' dir='ltr'>donum</span> <span class='ocrx_word' id='word_1_866' title='bbox 1699 2364 1709 2379; x_wconf 95' lang='lat'>,</span> <span class='ocrx_word' id='word_1_867' title='bbox 1734 2339 1853 2375; x_wconf 72' lang='lat' dir='ltr'>fastum</span> <span class='ocrx_word' id='word_1_868' title='bbox 1865 2352 1932 2376; x_wconf 92' lang='lat' dir='ltr'>non</span> <span class='ocrx_word' id='word_1_869' title='bbox 1948 2344 2079 2379; x_wconf 87' lang='lat' dir='ltr'>videtur</span> 
     </span>
     <span class='ocr_line' id='line_1_128' title="bbox 1199 2387 2080 2432; baseline 0.011 -13"><span class='ocrx_word' id='word_1_870' title='bbox 1199 2387 1239 2420; x_wconf 88' lang='lat' dir='ltr'>ad</span> <span class='ocrx_word' id='word_1_871' title='bbox 1261 2388 1399 2429; x_wconf 85' lang='lat' dir='ltr'>primum</span> <span class='ocrx_word' id='word_1_872' title='bbox 1421 2397 1537 2422; x_wconf 84' lang='lat' dir='ltr'>eorum</span> <span class='ocrx_word' id='word_1_873' title='bbox 1559 2387 1756 2432; x_wconf 81' lang='lat' dir='ltr'>ingressum.</span> <span class='ocrx_word' id='word_1_874' title='bbox 1786 2389 1835 2424; x_wconf 81' lang='lat' dir='ltr'>lbi</span> <span class='ocrx_word' id='word_1_875' title='bbox 1854 2390 2009 2428; x_wconf 87' lang='lat' dir='ltr'>inchoata</span> <span class='ocrx_word' id='word_1_876' title='bbox 2034 2395 2080 2429; x_wconf 83' lang='lat' dir='ltr'>est</span> 
     </span>
     <span class='ocr_line' id='line_1_129' title="bbox 1198 2435 2080 2487; baseline 0.011 -19"><span class='ocrx_word' id='word_1_877' title='bbox 1198 2435 1299 2479; x_wconf 81' lang='lat' dir='ltr'>prima</span> <span class='ocrx_word' id='word_1_878' title='bbox 1312 2448 1386 2469; x_wconf 89' lang='lat' dir='ltr'>cum</span> <span class='ocrx_word' id='word_1_879' title='bbox 1399 2436 1504 2471; x_wconf 66' lang='lat' dir='ltr'>sancto</span> <span class='ocrx_word' id='word_1_880' title='bbox 1516 2437 1654 2471; x_wconf 84' lang='lat' dir='ltr'>Aurelio</span> <span class='ocrx_word' id='word_1_881' title='bbox 1667 2438 1914 2485; x_wconf 83' lang='lat' dir='ltr'>Carthaginensi</span> <span class='ocrx_word' id='word_1_882' title='bbox 1940 2443 1966 2475; x_wconf 85' lang='lat' dir='ltr'>E</span> <span class='ocrx_word' id='word_1_883' title='bbox 1971 2444 2080 2487; x_wconf 83' lang='lat' dir='ltr'>pisco-</span> 
     </span>
     <span class='ocr_line' id='line_1_130' title="bbox 1200 2484 2081 2531; baseline 0.009 -12"><span class='ocrx_word' id='word_1_884' title='bbox 1200 2498 1242 2530; x_wconf 89' lang='lat' dir='ltr'>po</span> <span class='ocrx_word' id='word_1_885' title='bbox 1264 2486 1411 2520; x_wconf 88' lang='lat' dir='ltr'>amicitia</span> <span class='ocrx_word' id='word_1_886' title='bbox 1437 2510 1445 2518; x_wconf 90' lang='lat'>.</span> <span class='ocrx_word' id='word_1_887' title='bbox 1492 2486 1678 2522; x_wconf 73' lang='lat' dir='ltr'>visitabant</span> <span class='ocrx_word' id='word_1_888' title='bbox 1711 2490 1890 2531; x_wconf 51' lang='lat' dir='ltr'>Infirmum,</span> <span class='ocrx_word' id='word_1_889' title='bbox 1915 2484 2081 2529; x_wconf 81' lang='lat' dir='ltr'>Innocen-</span> 
     </span>
     <span class='ocr_line' id='line_1_131' title="bbox 1198 2535 2080 2586; baseline 0.01 -17"><span class='ocrx_word' id='word_1_890' title='bbox 1198 2536 1280 2569; x_wconf 86' lang='lat' dir='ltr'>tium</span> <span class='ocrx_word' id='word_1_891' title='bbox 1310 2535 1557 2571; x_wconf 85' lang='lat' dir='ltr'>Exadvocatum</span> <span class='ocrx_word' id='word_1_892' title='bbox 1573 2562 1583 2577; x_wconf 93' lang='lat'>‚</span> <span class='ocrx_word' id='word_1_893' title='bbox 1603 2538 1712 2581; x_wconf 90' lang='lat' dir='ltr'>inquit</span> <span class='ocrx_word' id='word_1_894' title='bbox 1725 2539 1931 2585; x_wconf 83' lang='lat' dir='ltr'>Augustinus</span> <span class='ocrx_word' id='word_1_895' title='bbox 1943 2567 1955 2583; x_wconf 92' lang='lat'>‚</span> <span class='ocrx_word' id='word_1_896' title='bbox 1981 2549 2080 2586; x_wconf 88' lang='lat' dir='ltr'>quoti·</span> 
     </span>
     <span class='ocr_line' id='line_1_132' title="bbox 1197 2584 2075 2634; baseline 0.013 -17"><span class='ocrx_word' id='word_1_897' title='bbox 1197 2587 1245 2620; x_wconf 86' lang='lat' dir='ltr'>die</span> <span class='ocrx_word' id='word_1_898' title='bbox 1263 2584 1363 2629; x_wconf 78' lang='lat' dir='ltr'>sane‘li</span> <span class='ocrx_word' id='word_1_899' title='bbox 1383 2592 1445 2620; x_wconf 84' lang='lat' dir='ltr'>viri</span> <span class='ocrx_word' id='word_1_900' title='bbox 1458 2611 1469 2627; x_wconf 95' lang='lat'><em>‚</em></span> <span class='ocrx_word' id='word_1_901' title='bbox 1487 2586 1653 2630; x_wconf 82' lang='lat' dir='ltr'>Episcopus</span> <span class='ocrx_word' id='word_1_902' title='bbox 1666 2597 1736 2623; x_wconf 88' lang='lat' dir='ltr'>tunc</span> <span class='ocrx_word' id='word_1_903' title='bbox 1747 2591 1893 2634; x_wconf 80' lang='lat' dir='ltr'>Uzalenlts</span> <span class='ocrx_word' id='word_1_904' title='bbox 1902 2593 2001 2628; x_wconf 83' lang='lat' dir='ltr'>heatae</span> <span class='ocrx_word' id='word_1_905' title='bbox 2014 2605 2075 2628; x_wconf 90' lang='lat' dir='ltr'>me-</span> 
     </span>
     <span class='ocr_line' id='line_1_133' title="bbox 1196 2639 2074 2684; baseline 0.013 -17"><span class='ocrx_word' id='word_1_906' title='bbox 1196 2642 1296 2669; x_wconf 84' lang='lat' dir='ltr'>moriae</span> <span class='ocrx_word' id='word_1_907' title='bbox 1311 2639 1492 2670; x_wconf 76' lang='lat' dir='ltr'>saturninus</span> <span class='ocrx_word' id='word_1_908' title='bbox 1504 2662 1516 2678; x_wconf 91' lang='lat'><em>,</em></span> <span class='ocrx_word' id='word_1_909' title='bbox 1545 2639 1579 2671; x_wconf 61' lang='grc' dir='ltr'>(π</span> <span class='ocrx_word' id='word_1_910' title='bbox 1592 2639 1744 2678; x_wconf 72' lang='lat' dir='ltr'>Presbyter</span> <span class='ocrx_word' id='word_1_911' title='bbox 1756 2641 1875 2684; x_wconf 83' lang='lat' dir='ltr'>Gelosus</span> <span class='ocrx_word' id='word_1_912' title='bbox 1886 2667 1898 2683; x_wconf 90' lang='lat'>‚</span> <span class='ocrx_word' id='word_1_913' title='bbox 1919 2645 1953 2677; x_wconf 65' lang='lat'>(5</span> <span class='ocrx_word' id='word_1_914' title='bbox 1964 2646 2074 2678; x_wconf 84' lang='lat' dir='ltr'>Diaco-</span> 
     </span>
     <span class='ocr_line' id='line_1_134' title="bbox 1196 2686 2073 2734; baseline 0.014 -17"><span class='ocrx_word' id='word_1_915' title='bbox 1196 2692 1227 2718; x_wconf 85' lang='lat' dir='ltr'>ni</span> <span class='ocrx_word' id='word_1_916' title='bbox 1253 2686 1498 2730; x_wconf 83' lang='lat' dir='ltr'>carthaginenfis</span> <span class='ocrx_word' id='word_1_917' title='bbox 1514 2687 1647 2729; x_wconf 81' lang='lat' dir='ltr'>Ecclefiae</span> <span class='ocrx_word' id='word_1_918' title='bbox 1661 2713 1672 2729; x_wconf 89' lang='lat'>‚</span> <span class='ocrx_word' id='word_1_919' title='bbox 1697 2691 1847 2733; x_wconf 73' lang='lat' dir='ltr'>inquibus</span> <span class='ocrx_word' id='word_1_920' title='bbox 1868 2702 1954 2734; x_wconf 87' lang='lat' dir='ltr'>erat,</span> <span class='ocrx_word' id='word_1_921' title='bbox 1978 2696 2012 2728; x_wconf 67' lang='grc' dir='ltr'>ό·</span> <span class='ocrx_word' id='word_1_922' title='bbox 2034 2706 2073 2728; x_wconf 74' lang='lat' dir='ltr'>ex</span> 
     </span>
     <span class='ocr_line' id='line_1_135' title="bbox 1194 2735 2071 2787; baseline 0.01 -19"><span class='ocrx_word' id='word_1_923' title='bbox 1194 2736 1300 2778; x_wconf 85' lang='lat' dir='ltr'>quibus</span> <span class='ocrx_word' id='word_1_924' title='bbox 1317 2735 1398 2779; x_wconf 83' lang='lat' dir='ltr'>solus</span> <span class='ocrx_word' id='word_1_925' title='bbox 1420 2736 1456 2777; x_wconf 86' lang='lat' dir='ltr'>est</span> <span class='ocrx_word' id='word_1_926' title='bbox 1469 2748 1545 2770; x_wconf 86' lang='lat' dir='ltr'>nunc</span> <span class='ocrx_word' id='word_1_927' title='bbox 1556 2742 1588 2770; x_wconf 86' lang='lat' dir='ltr'>in</span> <span class='ocrx_word' id='word_1_928' title='bbox 1609 2737 1695 2772; x_wconf 85' lang='lat' dir='ltr'>rebus</span> <span class='ocrx_word' id='word_1_929' title='bbox 1706 2739 1844 2774; x_wconf 71' lang='lat' dir='ltr'>humanIs</span> <span class='ocrx_word' id='word_1_930' title='bbox 1860 2744 1930 2782; x_wconf 84' lang='lat' dir='ltr'>jam</span> <span class='ocrx_word' id='word_1_931' title='bbox 1947 2742 2071 2787; x_wconf 84' lang='lat' dir='ltr'>Episco-</span> 
     </span>
     <span class='ocr_line' id='line_1_136' title="bbox 1190 2786 2072 2833; baseline 0.01 -15"><span class='ocrx_word' id='word_1_932' title='bbox 1190 2794 1252 2827; x_wconf 81' lang='lat' dir='ltr'>pus</span> <span class='ocrx_word' id='word_1_933' title='bbox 1271 2809 1281 2824; x_wconf 91' lang='lat'>‚</span> <span class='ocrx_word' id='word_1_934' title='bbox 1309 2798 1373 2819; x_wconf 82' lang='lat' dir='ltr'>cum</span> <span class='ocrx_word' id='word_1_935' title='bbox 1385 2786 1490 2821; x_wconf 86' lang='lat' dir='ltr'>bonore</span> <span class='ocrx_word' id='word_1_936' title='bbox 1501 2789 1520 2819; x_wconf 76' lang='grc' dir='ltr'><em>ἆ</em></span> <span class='ocrx_word' id='word_1_937' title='bbox 1532 2788 1614 2820; x_wconf 87' lang='lat' dir='ltr'>nobis</span> <span class='ocrx_word' id='word_1_938' title='bbox 1624 2788 1723 2823; x_wconf 84' lang='lat' dir='ltr'>debito</span> <span class='ocrx_word' id='word_1_939' title='bbox 1743 2794 1940 2826; x_wconf 85' lang='lat' dir='ltr'>nominandus</span> <span class='ocrx_word' id='word_1_940' title='bbox 1951 2818 1961 2833; x_wconf 87' lang='lat'><em>,</em></span> <span class='ocrx_word' id='word_1_941' title='bbox 1982 2798 2072 2827; x_wconf 80' lang='lat' dir='ltr'>Aure-</span> 
     </span>
     <span class='ocr_line' id='line_1_137' title="bbox 1191 2837 2070 2884; baseline 0.01 -16"><span class='ocrx_word' id='word_1_942' title='bbox 1191 2837 1272 2876; x_wconf 80' lang='lat' dir='ltr'>lius,</span> <span class='ocrx_word' id='word_1_943' title='bbox 1294 2847 1358 2870; x_wconf 85' lang='lat' dir='ltr'>cum</span> <span class='ocrx_word' id='word_1_944' title='bbox 1376 2848 1433 2879; x_wconf 88' lang='lat' dir='ltr'>quo</span> <span class='ocrx_word' id='word_1_945' title='bbox 1442 2839 1630 2872; x_wconf 80' lang='lat' dir='ltr'>recordantes</span> <span class='ocrx_word' id='word_1_946' title='bbox 1643 2841 1797 2875; x_wconf 82' lang='lat' dir='ltr'>mirabilia</span> <span class='ocrx_word' id='word_1_947' title='bbox 1807 2850 1896 2884; x_wconf 88' lang='lat' dir='ltr'>opera</span> <span class='ocrx_word' id='word_1_948' title='bbox 1921 2846 1978 2876; x_wconf 84' lang='lat' dir='ltr'>Dei</span> <span class='ocrx_word' id='word_1_949' title='bbox 1999 2869 2010 2884; x_wconf 93' lang='lat'>‚</span> <span class='ocrx_word' id='word_1_950' title='bbox 2033 2844 2070 2877; x_wconf 87' lang='lat' dir='ltr'>de</span> 
     </span>
     <span class='ocr_line' id='line_1_138' title="bbox 1193 2884 2067 2937; baseline 0.009 -19"><span class='ocrx_word' id='word_1_951' title='bbox 1193 2885 1248 2918; x_wconf 82' lang='lat' dir='ltr'>hac</span> <span class='ocrx_word' id='word_1_952' title='bbox 1256 2897 1286 2919; x_wconf 87' lang='lat' dir='ltr'>re</span> <span class='ocrx_word' id='word_1_953' title='bbox 1293 2884 1373 2929; x_wconf 80' lang='lat' dir='ltr'>saepe</span> <span class='ocrx_word' id='word_1_954' title='bbox 1384 2889 1510 2921; x_wconf 82' lang='lat' dir='ltr'>collocuti</span> <span class='ocrx_word' id='word_1_955' title='bbox 1519 2887 1623 2931; x_wconf 83' lang='lat' dir='ltr'>sumus</span> <span class='ocrx_word' id='word_1_956' title='bbox 1637 2913 1648 2929; x_wconf 93' lang='lat'>,</span> <span class='ocrx_word' id='word_1_957' title='bbox 1659 2900 1779 2933; x_wconf 86' lang='lat' dir='ltr'>eumque</span> <span class='ocrx_word' id='word_1_958' title='bbox 1794 2893 1887 2925; x_wconf 83' lang='lat' dir='ltr'>valde</span> <span class='ocrx_word' id='word_1_959' title='bbox 1898 2894 2067 2937; x_wconf 61' lang='lat' dir='ltr'>meminffe,</span> 
     </span>
     <span class='ocr_line' id='line_1_139' title="bbox 1190 2937 2180 2987; baseline 0.012 -20"><span class='ocrx_word' id='word_1_960' title='bbox 1190 2937 1271 2978; x_wconf 85' lang='lat' dir='ltr'>quod</span> <span class='ocrx_word' id='word_1_961' title='bbox 1287 2947 1559 2979; x_wconf 83' lang='lat' dir='ltr'>commemoramus,</span> <span class='ocrx_word' id='word_1_962' title='bbox 1584 2944 1767 2974; x_wconf 79' lang='lat' dir='ltr'>invenimus.</span> <span class='ocrx_word' id='word_1_963' title='bbox 1796 2941 1909 2985; x_wconf 86' lang='lat' dir='ltr'>anue</span> <span class='ocrx_word' id='word_1_964' title='bbox 1921 2944 2065 2978; x_wconf 85' lang='lat' dir='ltr'>amicitia</span> <span class='ocrx_word' id='word_1_965' title='bbox 2082 2942 2180 2987; x_wconf 85' lang='lat' dir='ltr'>Epist.</span> 
     </span>
     <span class='ocr_line' id='line_1_140' title="bbox 1191 2984 2133 3040; baseline 0.013 -22"><span class='ocrx_word' id='word_1_966' title='bbox 1191 2984 1276 3019; x_wconf 85' lang='lat' dir='ltr'>brevi</span> <span class='ocrx_word' id='word_1_967' title='bbox 1290 2995 1437 3030; x_wconf 84' lang='lat' dir='ltr'>tempore</span> <span class='ocrx_word' id='word_1_968' title='bbox 1448 2989 1529 3022; x_wconf 68' lang='lat' dir='ltr'>faeta</span> <span class='ocrx_word' id='word_1_969' title='bbox 1539 2988 1584 3022; x_wconf 86' lang='lat' dir='ltr'>est</span> <span class='ocrx_word' id='word_1_970' title='bbox 1605 2998 1696 3024; x_wconf 89' lang='lat' dir='ltr'>tanta</span> <span class='ocrx_word' id='word_1_971' title='bbox 1707 3014 1719 3031; x_wconf 91' lang='lat'>,</span> <span class='ocrx_word' id='word_1_972' title='bbox 1742 2999 1778 3025; x_wconf 91' lang='lat' dir='ltr'>ut</span> <span class='ocrx_word' id='word_1_973' title='bbox 1788 2991 1895 3025; x_wconf 86' lang='lat' dir='ltr'>adhuc</span> <span class='ocrx_word' id='word_1_974' title='bbox 1915 2994 2065 3029; x_wconf 88' lang='lat' dir='ltr'>novellus</span> <span class='ocrx_word' id='word_1_975' title='bbox 2078 2996 2133 3040; x_wconf 72' lang='lat'>64.</span> 
     </span>
     <span class='ocr_line' id='line_1_141' title="bbox 1191 3035 2065 3086; baseline 0.01 -17"><span class='ocrx_word' id='word_1_976' title='bbox 1191 3035 1350 3079; x_wconf 85' lang='lat' dir='ltr'>presbyter</span> <span class='ocrx_word' id='word_1_977' title='bbox 1362 3036 1565 3082; x_wconf 84' lang='lat' dir='ltr'>Augustinus</span> <span class='ocrx_word' id='word_1_978' title='bbox 1578 3037 1709 3075; x_wconf 85' lang='lat' dir='ltr'>haberet</span> <span class='ocrx_word' id='word_1_979' title='bbox 1724 3041 1919 3086; x_wconf 86' lang='lat' dir='ltr'>Episcopum</span> <span class='ocrx_word' id='word_1_980' title='bbox 1934 3044 2065 3078; x_wconf 86' lang='lat' dir='ltr'>Aureli-</span> 
     </span>
     <span class='ocr_line' id='line_1_142' title="bbox 1189 3088 2064 3136; baseline 0.011 -18"><span class='ocrx_word' id='word_1_981' title='bbox 1189 3096 1243 3119; x_wconf 88' lang='lat' dir='ltr'>um</span> <span class='ocrx_word' id='word_1_982' title='bbox 1259 3096 1428 3129; x_wconf 86' lang='lat' dir='ltr'>tamquam</span> <span class='ocrx_word' id='word_1_983' title='bbox 1449 3088 1583 3122; x_wconf 88' lang='lat' dir='ltr'>alterum</span> <span class='ocrx_word' id='word_1_984' title='bbox 1597 3089 1648 3130; x_wconf 91' lang='lat' dir='ltr'>se,</span> <span class='ocrx_word' id='word_1_985' title='bbox 1669 3101 1891 3136; x_wconf 87' lang='lat' dir='ltr'>magnumque</span> <span class='ocrx_word' id='word_1_986' title='bbox 1914 3094 1960 3127; x_wconf 90' lang='lat' dir='ltr'>sui</span> <span class='ocrx_word' id='word_1_987' title='bbox 1986 3094 2064 3129; x_wconf 87' lang='lat' dir='ltr'>Ere-</span> 
     </span>
     <span class='ocr_line' id='line_1_143' title="bbox 1189 3135 1925 3184; baseline 0.008 -15"><span class='ocrx_word' id='word_1_988' title='bbox 1189 3135 1293 3170; x_wconf 86' lang='lat' dir='ltr'>mitici</span> <span class='ocrx_word' id='word_1_989' title='bbox 1305 3136 1445 3171; x_wconf 84' lang='lat' dir='ltr'>instituti</span> <span class='ocrx_word' id='word_1_990' title='bbox 1459 3139 1620 3172; x_wconf 87' lang='lat' dir='ltr'>fautorem</span> <span class='ocrx_word' id='word_1_991' title='bbox 1634 3150 1672 3174; x_wconf 87' lang='lat' dir='ltr'>ac</span> <span class='ocrx_word' id='word_1_992' title='bbox 1684 3151 1925 3184; x_wconf 86' lang='lat' dir='ltr'>promotorem.</span> 
     </span>
     <span class='ocr_line' id='line_1_144' title="bbox 1236 3184 2061 3237; baseline 0.012 -19"><span class='ocrx_word' id='word_1_993' title='bbox 1236 3184 1438 3231; x_wconf 84' lang='lat' dir='ltr'>Carthagine</span> <span class='ocrx_word' id='word_1_994' title='bbox 1451 3187 1629 3231; x_wconf 79' lang='lat' dir='ltr'>progressus</span> <span class='ocrx_word' id='word_1_995' title='bbox 1641 3191 1688 3224; x_wconf 86' lang='lat' dir='ltr'>est</span> <span class='ocrx_word' id='word_1_996' title='bbox 1702 3192 1904 3236; x_wconf 76' lang='lat' dir='ltr'>Augustinus</span> <span class='ocrx_word' id='word_1_997' title='bbox 1925 3192 1966 3227; x_wconf 86' lang='lat' dir='ltr'>ad</span> <span class='ocrx_word' id='word_1_998' title='bbox 1989 3204 2061 3237; x_wconf 86' lang='lat' dir='ltr'>pro-</span> 
     </span>
     <span class='ocr_line' id='line_1_145' title="bbox 1187 3234 2061 3284; baseline 0.013 -17"><span class='ocrx_word' id='word_1_999' title='bbox 1187 3234 1274 3277; x_wconf 85' lang='lat' dir='ltr'>pria,</span> <span class='ocrx_word' id='word_1_1000' title='bbox 1304 3246 1371 3269; x_wconf 90' lang='lat' dir='ltr'>non</span> <span class='ocrx_word' id='word_1_1001' title='bbox 1394 3236 1435 3270; x_wconf 91' lang='lat' dir='ltr'>ad</span> <span class='ocrx_word' id='word_1_1002' title='bbox 1452 3237 1616 3272; x_wconf 85' lang='lat' dir='ltr'>civitatem</span> <span class='ocrx_word' id='word_1_1003' title='bbox 1634 3265 1645 3280; x_wconf 95' lang='lat'>,</span> <span class='ocrx_word' id='word_1_1004' title='bbox 1674 3240 1727 3275; x_wconf 88' lang='lat' dir='ltr'>sed</span> <span class='ocrx_word' id='word_1_1005' title='bbox 1752 3250 1919 3284; x_wconf 86' lang='lat' dir='ltr'>tamquam</span> <span class='ocrx_word' id='word_1_1006' title='bbox 1938 3243 2061 3278; x_wconf 87' lang='lat' dir='ltr'>Mona·</span> 
     </span>
    </p>
   </div>
   <div class='ocr_carea' id='block_1_23' title="bbox 1181 3284 2180 3487">
    <p class='ocr_par' dir='ltr' id='par_1_24' title="bbox 1181 3284 2180 3487">
     <span class='ocr_line' id='line_1_146' title="bbox 1185 3284 2058 3334; baseline 0.013 -17"><span class='ocrx_word' id='word_1_1007' title='bbox 1185 3284 1308 3318; x_wconf 78' lang='lat' dir='ltr'>chusae</span> <span class='ocrx_word' id='word_1_1008' title='bbox 1321 3285 1462 3321; x_wconf 85' lang='lat' dir='ltr'>Eremita</span> <span class='ocrx_word' id='word_1_1009' title='bbox 1474 3285 1513 3319; x_wconf 84' lang='lat' dir='ltr'>ad</span> <span class='ocrx_word' id='word_1_1010' title='bbox 1527 3298 1622 3331; x_wconf 86' lang='lat' dir='ltr'>agros</span> <span class='ocrx_word' id='word_1_1011' title='bbox 1636 3289 1855 3334; x_wconf 72' lang='lat' dir='ltr'>Tagastenses</span> <span class='ocrx_word' id='word_1_1012' title='bbox 1870 3316 1878 3325; x_wconf 90' lang='lat'>.</span> <span class='ocrx_word' id='word_1_1013' title='bbox 1907 3293 1955 3327; x_wconf 83' lang='lat' dir='ltr'>Ita</span> <span class='ocrx_word' id='word_1_1014' title='bbox 1967 3294 2058 3328; x_wconf 87' lang='lat' dir='ltr'>enim</span> 
     </span>
     <span class='ocr_line' id='line_1_147' title="bbox 1185 3334 2180 3392; baseline 0.013 -26"><span class='ocrx_word' id='word_1_1015' title='bbox 1185 3334 1265 3367; x_wconf 88' lang='lat' dir='ltr'>dicit</span> <span class='ocrx_word' id='word_1_1016' title='bbox 1280 3335 1409 3368; x_wconf 64' lang='lat' dir='ltr'>San-stus</span> <span class='ocrx_word' id='word_1_1017' title='bbox 1423 3335 1584 3371; x_wconf 87' lang='lat' dir='ltr'>Poffidius</span> <span class='ocrx_word' id='word_1_1018' title='bbox 1595 3363 1602 3371; x_wconf 93' lang='lat'><em>.</em></span> <span class='ocrx_word' id='word_1_1019' title='bbox 1632 3344 1670 3371; x_wconf 82' lang='lat' dir='ltr'>Ac</span> <span class='ocrx_word' id='word_1_1020' title='bbox 1676 3342 1791 3380; x_wconf 85' lang='lat' dir='ltr'>placuit</span> <span class='ocrx_word' id='word_1_1021' title='bbox 1811 3348 1839 3376; x_wconf 84' lang='lat' dir='ltr'>ei</span> <span class='ocrx_word' id='word_1_1022' title='bbox 1845 3351 1989 3384; x_wconf 83' lang='lat' dir='ltr'>percepta</span> <span class='ocrx_word' id='word_1_1023' title='bbox 2007 3344 2055 3376; x_wconf 85' lang='lat' dir='ltr'>ba·</span> <span class='ocrx_word' id='word_1_1024' title='bbox 2070 3343 2111 3379; x_wconf 87' lang='lat' dir='ltr'>C.</span> <span class='ocrx_word' id='word_1_1025' title='bbox 2133 3346 2180 3392; x_wconf 76' lang='lat'>3.&#39;</span> 
     </span>
     <span class='ocr_line' id='line_1_148' title="bbox 1182 3382 2177 3435; baseline 0.013 -19"><span class='ocrx_word' id='word_1_1026' title='bbox 1182 3382 1286 3427; x_wconf 86' lang='lat' dir='ltr'>ptismi</span> <span class='ocrx_word' id='word_1_1027' title='bbox 1302 3390 1407 3428; x_wconf 87' lang='lat' dir='ltr'>gratia</span> <span class='ocrx_word' id='word_1_1028' title='bbox 1426 3396 1490 3418; x_wconf 88' lang='lat' dir='ltr'>cum</span> <span class='ocrx_word' id='word_1_1029' title='bbox 1514 3387 1584 3419; x_wconf 84' lang='lat' dir='ltr'>aliis</span> <span class='ocrx_word' id='word_1_1030' title='bbox 1606 3388 1771 3425; x_wconf 69' lang='lat' dir='ltr'>civibus&amp;</span> <span class='ocrx_word' id='word_1_1031' title='bbox 1790 3398 1895 3426; x_wconf 82' lang='lat' dir='ltr'>amicis</span> <span class='ocrx_word' id='word_1_1032' title='bbox 1915 3393 1981 3435; x_wconf 79' lang='lat' dir='ltr'>suis</span> <span class='ocrx_word' id='word_1_1033' title='bbox 1995 3395 2056 3428; x_wconf 87' lang='lat' dir='ltr'>Deo</span> <span class='ocrx_word' id='word_1_1034' title='bbox 2171 3389 2177 3394; x_wconf 51' lang='lat'>⁵</span> 
     </span>
     <span class='ocr_line' id='line_1_149' title="bbox 1181 3433 2053 3487; baseline 0.01 -20"><span class='ocrx_word' id='word_1_1035' title='bbox 1181 3439 1296 3476; x_wconf 84' lang='lat' dir='ltr'>pariter</span> <span class='ocrx_word' id='word_1_1036' title='bbox 1311 3433 1514 3479; x_wconf 81' lang='lat' dir='ltr'>servientibus</span> <span class='ocrx_word' id='word_1_1037' title='bbox 1546 3438 1592 3471; x_wconf 86' lang='lat' dir='ltr'>ad</span> <span class='ocrx_word' id='word_1_1038' title='bbox 1622 3437 1756 3479; x_wconf 80' lang='lat' dir='ltr'>Africam</span> <span class='ocrx_word' id='word_1_1039' title='bbox 1779 3466 1792 3485; x_wconf 91' lang='lat'>,</span> <span class='ocrx_word' id='word_1_1040' title='bbox 1837 3445 1872 3478; x_wconf 67' lang='lat'>(9⁶</span> <span class='ocrx_word' id='word_1_1041' title='bbox 1899 3449 2053 3487; x_wconf 78' lang='lat' dir='ltr'>propriam</span> 
     </span>
    </p>
   </div>
   <div class='ocr_carea' id='block_1_24' title="bbox 1574 3485 1656 3527">
    <p class='ocr_par' dir='ltr' id='par_1_25' title="bbox 1574 3485 1656 3527">
     <span class='ocr_line' id='line_1_150' title="bbox 1574 3485 1656 3527; baseline 0 0"><span class='ocrx_word' id='word_1_1042' title='bbox 1574 3485 1656 3527; x_wconf 76' lang='lat' dir='ltr'>Aa</span> 
     </span>
    </p>
   </div>
   <div class='ocr_carea' id='block_1_25' title="bbox 1879 3494 2017 3535">
    <p class='ocr_par' dir='ltr' id='par_1_26' title="bbox 1879 3494 2017 3535">
     <span class='ocr_line' id='line_1_151' title="bbox 1879 3494 2017 3535; baseline 0 -8"><span class='ocrx_word' id='word_1_1043' title='bbox 1879 3494 1998 3528; x_wconf 87' lang='lat' dir='ltr'>domum</span> <span class='ocrx_word' id='word_1_1044' title='bbox 2005 3517 2017 3535; x_wconf 89' lang='lat'>,</span> 
     </span>
    </p>
   </div>
  </div>
 </body>
</html>
