2384 3770
644 181 737 227 Au
773 178 968 234 Cosa.
1003 152 1256 238 Pnooto.
1295 171 1397 219 Sn-
1431 172 1661 223 Setun-r.

253 263 352 299 etiam
381 260 497 308 dirigit
533 260 741 297 voluntatem
771 258 814 295 nd
846 257 1127 294 constructionem

249 313 471 356 imperandam
484 337 496 350 ,
520 313 554 348 ἀ
577 311 773 346 intellectum
791 307 833 343 ad
850 309 1126 344 constructionem
1162 319 1164 322 ’

249 362 400 407 legitime
433 362 649 398 ordinandam
667 383 679 401 ,
718 357 900 394 intellectus
931 360 1022 394 enim
1051 368 1127 392 con-

250 413 462 447 structionem
485 413 615 447 ordinat
634 434 645 451 ,
660 407 824 444 ,voluntas
859 409 997 454 imperat
1015 432 1027 449 ,
1059 407 1129 442 lin·-

248 473 315 507 gua
327 464 519 508 exequitur,
544 462 725 496 &format.
751 460 894 501 Oportet
905 461 1027 505 quippe
1048 457 1125 502 phi-

250 512 414 557 losophari
445 511 486 547 de
512 510 692 545 directione
716 508 972 546 constructionis
997 534 1009 551 ,
1044 509 1124 544 ficut

250 561 516 607 philosophamur
534 561 576 597 de
594 558 775 595 directione
794 559 1047 602 aedificationis;
1073 569 1122 594 at-

250 614 309 655 qui
335 607 449 657 regulae
472 609 732 646 architectonice
753 620 820 646 non
844 610 952 646 solum
978 611 1124 655 dirigunt

251 663 430 706 potentiam
452 662 659 696 executivam
675 660 710 694 in
733 660 951 695 edificatione
962 670 1124 705 exequen-

250 713 292 747 da
319 734 331 755 ,
358 710 409 746 sed
429 710 531 746 etiam
558 711 708 756 dirigunt
729 710 935 746 voluntatem
965 713 1000 746 in
1024 709 1121 745 aedifi·

249 762 383 797 catione
408 762 488 796 reste
514 758 722 805 imperanda,
746 761 782 795 ἀ
807 760 1009 796 ἱοῑοΙΙεᾶιιω
1037 758 1120 806 inil-

252 813 282 846 la
303 814 385 846 reete
405 811 610 852 ordinanda,
635 821 716 856 ergo
736 810 880 845 similiter
902 811 1023 857 regulae
1040 812 1119 846 sum*

240 862 419 905 ,mulisticae
443 861 583 909 dirigere
602 861 723 899 debent
749 862 951 898 nonsolum
982 860 1121 896 constru-

251 913 396 947 ssionem
415 937 426 954 ,
453 912 508 947 sed
526 913 656 956 insuper
677 910 766 945 iuius
787 909 960 954 imperium
982 935 993 950 ,
1017 911 1052 944 dc
1073 919 1122 945 or·

250 961 455 997 dinationem
483 975 498 1005 ς
524 963 614 1006 atqui
641 960 893 996 constructionis
917 961 1085 996 ordinatio
1110 980 1125 1002 ,

251 1013 286 1046 δε
312 1013 484 1056 imperium
506 1012 680 1046 suntaelus
701 1011 886 1046 intellectus
912 1011 947 1046 δι
965 1011 1124 1046 volunta-

250 1063 316 1103 tis,
337 1073 417 1107 ergo
438 1062 591 1107 cognitio
605 1061 891 1106 prodidagmatum
913 1061 961 1096 est
970 1060 1124 1109 cognitio

250 1113 406 1147 direfflva
428 1114 557 1146 aauum
589 1111 792 1146 internorum
813 1112 952 1146 mentis..

303 1160 335 1198 8.
360 1161 446 1205 Resp.
480 1161 706 1196 Concedendo
732 1171 840 1196 totum
863 1171 972 1210 praetet
991 1162 1122 1205 conseq.

251 1210 350 1256 primi
371 1211 578 1256 syllogismi,
605 1212 655 1245 vel
681 1211 790 1255 potius
815 1222 928 1255 praeter
942 1211 1033 1247 illius
1057 1222 1123 1246 ma-

251 1261 355 1305 jorem
375 1286 388 1303 ,
414 1273 485 1305 quae
504 1261 664 1305 distingui
685 1261 782 1295 debet
806 1261 871 1296 hoc
900 1260 1025 1297 modo:
1054 1272 1124 1295 om·

253 1311 304 1344 nis
329 1310 385 1345 illa
406 1309 559 1356 cognitio
579 1321 652 1354 quae
675 1311 722 1344 est
746 1310 898 1346 direaiva
912 1307 1051 1346 'actuum
1077 1311 1125 1345 in-

251 1369 422 1396 ternorum
442 1360 560 1394 mentis
585 1370 717 1395 tantum
740 1383 752 1400 ,
777 1361 822 1395 est
848 1360 1031 1397 scientia&
1056 1372 1124 1396 non

251 1421 326 1450 ars,
351 1409 392 1444 sic
414 1410 585 1446 concedo.-
611 1411 723 1446 omnis
743 1411 800 1444 illa
822 1410 976 1456 cognitio
997 1422 1068 1454 qua
1079 1409 1124 1445 est

253 1459 405 1495 directiva
424 1462 551 1499 adinum
576 1462 780 1495 internorum
803 1460 898 1494 simul
920 1461 955 1495 dt
975 1470 1113 1495 externo

253 1520 345 1551 rum,
370 1510 416 1545 est
437 1511 572 1545 scientia
589 1511 622 1545 ἀ
645 1521 713 1544 non
735 1520 802 1550 ars,
830 1510 872 1543 sic
896 1518 1008 1558 nego;
1030 1511 1063 1545 ἀ
1078 1509 1126 1544 di·

251 1569 294 1595 co
313 1560 392 1595 tales
411 1560 621 1604 cognitiones
640 1560 814 1595 direfflvas
831 1560 894 1595 esse
915 1569 1000 1595 artes
1012 1584 1024 1602 ,
1054 1571 1123 1594 non

252 1609 334 1645 vero
352 1610 501 1645 scientias
522 1623 531 1644 ε
556 1611 588 1646 &
612 1622 667 1655 per
688 1612 892 1654 consequens
915 1620 991 1647 cum
1013 1611 1125 1655 cogni-

252 1659 303 1694 tio
324 1658 608 1708 prodidagmatum
628 1660 666 1695 sit
685 1661 760 1695 talis
778 1661 931 1705 cognitio
943 1684 955 1702 ,
979 1661 1040 1695 erit
1051 1671 1101 1695 ars
1112 1684 1124 1701 ,

253 1719 325 1744 non
345 1708 423 1744 vero
445 1710 605 1751 scientia,
629 1720 761 1754 oportet
772 1722 853 1756 ergo
878 1709 964 1746 bene
984 1710 1125 1755 percipe·

253 1770 288 1793 re
306 1758 524 1796 differentiam
545 1760 685 1796 scientiae
706 1761 850 1805 prasticae
864 1759 906 1795 ab
927 1770 996 1796 arte
1015 1772 1027 1804 ς
1059 1759 1127 1795 haec

252 1809 347 1844 enim
366 1809 436 1845 duo
456 1810 572 1856 partim
589 1811 676 1846 inter
691 1812 724 1846 se
742 1810 953 1847 conveniunt
967 1836 980 1853 ,
1005 1811 1124 1856 partim

251 1858 508 1896 disconveniunt
532 1874 544 1896 .·
573 1861 678 1904 primo
697 1861 788 1897 enim
819 1860 1001 1896 coveniunt
1036 1862 1125 1906 quod

250 1918 389 1954 utraque
407 1911 445 1944 fit
465 1911 620 1955 cognitio
640 1911 795 1946 direaiva
818 1934 830 1952 ‚
857 1911 1003 1947 secundo
1029 1911 1122 1957 quod

251 1967 392 2001 utraque
407 1959 446 1993 fit
465 1960 620 2004 cognitio
641 1960 797 1995 direaiva
820 1962 952 1996 nauum
979 1961 1124 1994 interno-

255 2016 330 2040 rum
351 2009 490 2050 mentm
503 2008 764 2043 disconveniunt
779 2019 859 2043 vcro
881 2032 893 2048 ‚
920 2009 1009 2051 quod
1029 2008 1129 2044 scien-

255 2056 304 2091 tia
337 2056 474 2100 pudica
503 2057 543 2091 sit
572 2057 725 2103 cognitio
750 2058 906 2093 directim
927 2059 1074 2095 solorum
1097 2069 1128 2093 a·

254 2105 365 2139 &uum
386 2105 592 2140 internorum
615 2129 627 2145 ‚
657 2105 813 2150 quodque
833 2106 970 2140 ditectio
992 2108 1061 2149 ejus
1086 2107 1119 2140 si-

254 2154 317 2187 ssat
351 2153 385 2187 in
408 2154 534 2189 astibus
568 2155 705 2188 internis
725 2179 735 2195 ‚
762 2165 868 2199 neque
894 2156 926 2188 se
953 2155 1128 2197 protendat

252 2203 294 2238 ad
305 2202 497 2248 dirigendos
517 2205 604 2239 astus
613 2214 784 2240 externos:
806 2205 893 2239 verbi
913 2206 1016 2250 gratia
1029 2230 1041 2246 ,
1065 2205 1127 2240 Lo-

181 2261 184 2263 ·
253 2253 329 2297 gica
346 2254 379 2287 δι
405 2254 522 2289 Ethica
544 2255 616 2289 sunt
628 2255 770 2289 scientiae
791 2257 959 2298 practica,
985 2256 1063 2299 quia
1077 2268 1128 2290 ea-

255 2314 329 2337 rum
355 2304 503 2337 officium
524 2304 737 2338 solummodo
757 2305 803 2338 cst
826 2307 1000 2340 testificare
1021 2306 1056 2340 &
1079 2306 1128 2339 di·

254 2352 360 2395 rigere
382 2354 526 2386 internas
550 2352 786 2389 intelleaiones
804 2354 836 2388 δε
857 2355 1038 2389 volitiones
1057 2378 1069 2395 ,
1094 2355 1130 2389 ὅ(

255 2401 489 2447 gubernamini
518 2403 650 2437 astuum
671 2413 883 2438 externorum
913 2404 946 2439 sc
967 2415 1037 2438 non
1063 2404 1124 2437 im-

255 2451 404 2495 plicant,
431 2463 491 2486 nec
507 2451 694 2488 immiscent
715 2465 727 2495 ς
752 2463 786 2487 at
803 2453 879 2488 vero
902 2464 953 2489 ars
968 2452 1065 2488 debet
1085 2455 1129 2488 es-

254 2502 288 2535 se
309 2503 462 2545 cognitio
473 2500 627 2536 direstiva
649 2504 780 2537 actuum
803 2504 1054 2539 internorum&
1067 2515 1130 2538 cx-

253 2560 426 2586 ternorum
447 2552 562 2592 simul,
587 2552 651 2586 five
670 2551 766 2586 debet
788 2555 852 2588 effe
862 2555 1017 2599 cognitio
1038 2554 1130 2597 cujus

252 2600 391 2635 directio
413 2612 480 2636 non
509 2602 588 2636 sistit
609 2603 643 2635 in
667 2601 791 2637 adtibus
815 2603 953 2638 internis
979 2627 992 2645 ,
1018 2604 1070 2638 sed
1098 2605 1130 2638 se

252 2651 405 2686 extendit
421 2652 464 2686 ad
473 2653 562 2686 astus
582 2662 758 2692 externos,
784 2664 869 2698 quos
888 2654 990 2688 etiam
1012 2654 1127 2699 guber·

253 2710 334 2742 nat,
359 2700 476 2746 dirigit
491 2725 502 2742 ,
529 2701 678 2745 reeteque
698 2702 767 2736 fieri
789 2702 888 2739 docet
914 2716 926 2737 .·
952 2703 1041 2738 verbi
1062 2715 1127 2749 gra-

253 2751 302 2785 tia
325 2772 340 2791 ‚
363 2752 518 2795 cognitio
540 2750 795 2787 architestonica
813 2752 860 2787 est
891 2764 943 2788 ars
960 2779 972 2795 ,
999 2755 1033 2790 &
1059 2766 1127 2790 non

254 2800 391 2835 scientia
410 2812 423 2843 3
453 2801 531 2844 quia
553 2801 622 2843 ejus
642 2801 791 2838 officium
814 2802 860 2836 est
892 2803 1032 2848 dirigere
1056 2815 1124 2839 non

254 2850 468 2886 solummodo
490 2850 692 2886 intellectum
713 2851 748 2886 in
773 2851 915 2887 edificio
941 2852 1025 2888 bene
1051 2865 1128 2889 con·

254 2900 410 2944 cipiendo
428 2925 438 2941 ,
464 2901 499 2936 ἀ
527 2901 718 2936 ordinando
741 2925 753 2943 ,
786 2913 824 2935 ac
861 2902 1066 2940 voluntatem
1092 2905 1126 2939 in

254 2950 396 2986 edificio
415 2949 500 2986 bene
522 2951 716 2996 imperando
743 2975 755 2992 ,
777 2952 833 2987 sed
860 2952 992 2996 insuper
1017 2952 1126 2997 poten-
1152 2951 1156 2984 ἰ

254 3001 318 3036 tias
345 3002 534 3046 exceptivas
564 3003 599 3036 in
621 3001 764 3041 adifieio
790 3003 875 3038 bene
908 3004 1129 3039 construendo

254 3050 289 3086 ὰ
307 3049 485 3086 formando
505 3062 515 3084 ε
541 3050 690 3096 adeoque
709 3051 778 3095 ejus
802 3053 936 3088 directio
959 3065 1028 3088 non
1051 3055 1128 3089 sistit
1153 3072 1155 3074 ·

255 3101 341 3135 intra
360 3103 447 3137 aelus
467 3101 614 3137 internos
644 3103 766 3137 mentis
788 3127 800 3144 ,
826 3103 882 3138 sed
904 3103 936 3137 se
963 3105 1128 3146 protendit
1151 3105 1153 3109 ’

254 3150 359 3193 usque
378 3152 421 3186 ad
442 3153 528 3186 actus
550 3162 706 3188 externos
725 3154 871 3197 corporis
892 3177 899 3185 .
930 3153 1036 3189 Unde
1065 3165 1131 3199 ego

254 3211 358 3235 artem
376 3201 410 3235 ἁ
433 3202 601 3236 scientiam
614 3201 789 3246 practicam
810 3202 875 3238 hoc
898 3202 999 3238 modo
1010 3204 1127 3239 defini-

253 3261 290 3285 re
311 3250 403 3285 soleo
424 3264 437 3284 .-
463 3251 526 3285 Δις
548 3252 594 3287 est
617 3253 772 3298 cognitio
791 3254 882 3297 cujus
907 3253 984 3288 finis
1003 3254 1050 3289 est
1076 3267 1129 3290 ex·

252 3309 345 3335 terna
369 3301 469 3335 faeiio
492 3313 502 3344 3
531 3303 665 3338 scientia
690 3304 885 3348 speculativa
910 3304 957 3339 est
977 3306 1131 3350 cognitio

255 3350 348 3392 cujus
368 3352 444 3385 finis
472 3352 518 3386 est
548 3353 635 3387 nuda
659 3354 706 3388 rei
735 3353 975 3398 contemplatio
997 3367 1007 3398 ;
1033 3356 1130 3391 scicn-

254 3404 302 3434 tia
330 3402 464 3443 practica
485 3401 531 3436 est
556 3403 707 3447 cognitio
731 3404 824 3447 cujus
857 3404 933 3438 finis
958 3403 1005 3439 est
1036 3406 1132 3441 inter-

257 3460 300 3484 na
333 3452 482 3493 operatio
506 3465 514 3484 ε
532 3464 607 3487 cum
629 3464 711 3498 ergo
735 3455 887 3499 cognitio
907 3453 1133 3502 prodidagma-

1971 172 2039 236 87

1189 256 1334 291 &ionem
1361 280 1373 297 ,
1399 257 1462 291 erit
1483 267 1556 291 vera
1572 268 1623 291 ars
1642 281 1653 297 ,
1676 267 1744 292 non
1766 263 1878 293 autem
1895 254 2033 291 scientia
2056 279 2067 288 .

1240 317 1272 354 9.
1299 306 1431 349 objicies
1458 307 1601 342 secundo
1621 320 1636 341 .·»
1657 307 1809 351 cognitio
1835 305 2068 351 prodidagm·

1190 368 1262 392 tum
1285 357 1331 391 est
1344 368 1416 400 pars
1428 357 1562 402 Logicae
1573 382 1584 397 ,
1604 357 1696 399 atqui
1714 355 1838 400 Logica
1851 368 1920 392 non
1932 357 1978 390 est
1991 366 2042 392 ars
2052 379 2067 399 ,

1190 406 1245 442 sed
1258 417 1330 440 vera
1345 408 1478 442 scientia
1489 432 1500 449 ,
1522 406 1686 451 habetque
1697 417 1754 450 pro
1765 405 1890 447 objecto
1903 417 1971 440 non
1986 417 2068 440 con-

1184 458 1398 497 structiones,
1409 458 1461 491 sed
1476 459 1597 492 mentis
1610 458 1755 491 internas
1766 456 2070 501 operationes,ergo

1189 506 1341 542 similiter
1351 508 1504 552 cognitio
1521 507 1811 552 prodidagmatum
1822 502 1867 537 est
1880 515 1953 539 vera
1967 508 2073 540 scien·

1188 558 1235 592 tia
1249 581 1257 589 .
1282 558 1439 591 Probatur
1453 564 1522 590 mat.
1536 559 1615 602 quia
1628 555 1789 602 quidquid
1802 554 1941 588 docetur
1951 554 1985 588 in
2000 556 2073 590 Lo-

1187 608 1262 652 gica
1286 608 1332 642 est
1360 618 1429 653 pars
1456 609 1594 653 logicae,
1618 606 1709 652 atqui
1733 602 1993 649 Prodidagmata
2013 604 2072 639 do·

1187 668 1302 692 centur
1326 658 1360 692 in
1385 658 1517 703 logica,
1539 669 1620 704 ergo
1646 659 1720 692 sunt
1735 665 1805 699 pars
1817 655 1955 700 logica.
1982 652 2073 696 Resp.

1187 719 1252 753 neg.
1267 714 1338 742 mal.
1350 707 1502 752 utriusque
1509 707 1689 753 fillogism13
1716 704 1963 751 prodidagmata
1975 703 2069 740 enim

1188 759 1208 791 si
1243 770 1314 802 pars
1339 758 1456 804 logicae
1475 759 1583 793 forent
1606 783 1618 798 ,
1642 756 1841 799 ineptiffime
1874 762 2069 788 vocarentur

1189 807 1444 854 Prodidagmata
1456 820 1471 850 ,·
1499 820 1574 844 nam
1589 809 1830 852 Prodidagmara
1841 802 1927 838 idem
1949 804 2069 845 sonat,

1186 859 1276 902 quod
1307 861 1564 893 ante-documenta
1586 883 1597 898 ‚
1624 858 1713 904 quasi
1742 855 1833 891 dicas
1867 853 2068 888 documenta

1188 909 1334 953 quadam
1360 908 1482 944 traditu
1505 910 1678 944 necessaria
1698 915 1875 953 antequam
1898 903 2069 938 tradantur

1187 959 1386 995 documenta
1407 958 1556 1004 βοείοις
1581 960 1656 994 sunt
1682 969 1762 1003 ergo
1786 954 2069 1000 Prodidagmata‚

1187 1018 1223 1043 ut
1245 1008 1355 1043 statim
1375 1008 1484 1044 dicam
1497 1034 1508 1055 2
1532 1021 1602 1053 pars
1621 1007 1839 1055 grammatica
1864 1030 1875 1046 ,
1897 1004 2069 1040 traduntur

1187 1068 1295 1093 tamen
1308 1058 1343 1093 in
1367 1059 1476 1103 logica
1489 1083 1501 1100 ,
1521 1060 1554 1093 ἀ
1565 1061 1766 1094 omittuntur
1781 1059 1817 1092 in
1831 1054 2063 1102 grammatica,

1188 1120 1266 1154 quia
1290 1108 1467 1143 continent
1479 1109 1626 1153 quaedam
1639 1109 1840 1144 documenta
1852 1103 2069 1150 philosophiae

1187 1158 1389 1194 addiscenda
1401 1159 1496 1203 plane
1509 1159 1682 1194 necessaria
1695 1183 1707 1199 ,
1725 1159 1758 1192 dt
1769 1156 1919 1192 difficilia
1943 1154 2045 1189 nimis
2055 1175 2068 1194 ‚

1188 1219 1287 1251 quarn
1323 1219 1360 1245 ut
1381 1208 1400 1244 a
1421 1208 1527 1254 pueris
1546 1209 1767 1255 grammaticae
1789 1204 1995 1243 studentibus
2020 1213 2074 1239 ca·

1188 1270 1324 1304 piantur
1343 1283 1353 1292 .

1244 1318 1296 1345 10.
1323 1309 1455 1351 objicies
1477 1308 1576 1344 tertio
1597 1321 1606 1342 ε
1639 1321 1689 1346 ars
1708 1307 1806 1343 debet
1829 1306 1894 1342 esse
1917 1304 2077 1351 cognitio

1190 1359 1328 1403 practica
1351 1383 1363 1399 ,
1388 1359 1480 1403 atqui
1508 1361 1663 1405 cognitio
1684 1357 1983 1402 Prodidagmatum
2011 1365 2069 1399 pro

1189 1419 1309 1454 magna
1331 1409 1382 1443 sui
1401 1419 1491 1453 parte
1509 1410 1554 1445 est
1567 1409 1854 1454 purespeculativa
1865 1431 1877 1448 ,
1900 1417 1982 1451 ergo
2002 1415 2071 1439 ma-

1189 1459 1220 1493 le
1238 1460 1362 1494 dicitnr
1375 1461 1439 1494 effe
1451 1470 1500 1494 ars
1518 1485 1526 1493 .
1564 1461 1719 1494 Probatur
1728 1465 1800 1493 mm.
1822 1458 1899 1502 quia
1910 1456 1943 1490 in
1958 1453 2074 1490 Prodi·

1187 1508 1352 1554 dagmatis
1367 1511 1523 1545 tractatur
1540 1510 1619 1554 quid
1642 1511 1681 1545 sit
1693 1520 1781 1550 vox,
1806 1507 1886 1552 quid
1906 1505 2070 1560 fignifica-

1188 1560 1239 1593 tio
1262 1560 1377 1602 vocis,
1399 1560 1574 1602 quomodo
1597 1560 1793 1605 significatio
1817 1558 1836 1591 a
1856 1567 1939 1590 voce
1958 1554 2074 1589 distm-

1187 1614 1307 1655 gua’tur
1319 1634 1332 1651 ,
1356 1608 1438 1653 quid
1448 1609 1487 1644 sit
1512 1610 1692 1654 suppositio
1704 1634 1721 1650 ‚.
1732 1619 1773 1642 an
1789 1607 1827 1641 sit
1846 1607 1935 1640 aetus
1948 1603 2074 1639 Intelle-

1192 1662 1283 1700 etus,
1308 1669 1350 1693 an
1366 1659 1567 1701 voluntatis,
1594 1661 1659 1694 ἀσ.
1675 1659 1780 1704 Atqui
1793 1655 1985 1691 haecomnia
1997 1655 2073 1688 sunt

1190 1721 1268 1753 pure
1293 1709 1490 1753 speculativa
1512 1734 1524 1751 ‚
1548 1720 1630 1755 ergo
1662 1709 1815 1755 cognitio
1838 1705 2077 1749 Prodidagma·

1189 1770 1262 1794 tum
1285 1771 1353 1794 non
1374 1759 1420 1794 est
1444 1760 1606 1804 predica.
1633 1758 1723 1804 Resp.
1749 1768 1819 1803 neg:
1842 1762 1914 1791 min.
1939 1753 1980 1789 ad
2001 1765 2077 1798 pro-

1191 1809 1362 1844 bationem
1382 1809 1484 1853 dico,
1501 1809 1559 1846 ina
1580 1812 1694 1845 omnia
1723 1809 1858 1854 quidem
1885 1806 2011 1840 tractari
2038 1804 2075 1840 in

1191 1858 1506 1905 Prodidgamatibus
1524 1884 1536 1901 ,
1562 1861 1617 1894 sed
1640 1858 1826 1904 praepostere
1846 1855 1882 1889 δε
1911 1866 2004 1890 extra
2024 1865 2076 1891 ors

1190 1909 1338 1949 dinem,
1372 1921 1411 1943 ac
1445 1909 1611 1952 proprium
1642 1911 1735 1943 suum
1769 1909 1880 1941 locum
1905 1917 1915 1948 ·‚
1953 1915 2070 1939 eorum

1188 1959 1279 1993 enim
1303 1958 1396 1993 locus
1408 1959 1556 2000 proprius
1582 1959 1616 1991 in
1638 1957 1768 2001 physica
1788 1957 1823 1991 in
1845 1955 2074 1990 librisdeani·

1189 2019 1242 2042 ma
1254 2005 1300 2041 est
1318 2018 1326 2038 :
1354 2006 1486 2046 ratioest
1500 2031 1512 2049 ‚
1536 2007 1612 2049 quia
1623 2008 1777 2053 cognitio
1790 2005 1987 2051 speculativa
1999 2016 2078 2050 qua-

1189 2057 1320 2091 litatum
1344 2068 1596 2099 corporearum,
1616 2057 1651 2090 ἀ
1677 2059 1808 2092 actuum
1828 2056 2013 2091 intellectus
2031 2066 2075 2090 nc

1189 2105 1370 2139 voluntatis
1395 2104 1544 2139 humana
1575 2106 1616 2139 ad
1641 2105 1806 2150 physicam
1829 2107 1975 2150 spestant
1998 2129 2011 2147 ‚
2030 2116 2077 2140 at-

1188 2154 1244 2198 qui
1266 2165 1332 2187 vox
1352 2153 1399 2188 est
1422 2154 1565 2199 qualitas
1583 2166 1741 2198 corporea
1756 2180 1767 2198 ,
1796 2155 1998 2200 significatio
2021 2166 2076 2189 ve-

1189 2205 1226 2238 ro
1246 2203 1379 2239 naualis
1391 2203 1436 2238 est
1450 2205 1538 2238 adius
1549 2205 1749 2247 intellectus,
1778 2204 1978 2250 significatio
1989 2205 2077 2247 apti·

1189 2253 1349 2288 tudinalis
1372 2254 1559 2298 velestipsa
1571 2266 1661 2295 vox,
1687 2256 1740 2290 vel
1754 2257 1844 2291 astus
1867 2255 2048 2290 voluntatis
2062 2278 2076 2296 ,

1191 2314 1227 2338 ut
1240 2304 1325 2337 infra
1347 2302 1479 2344 dicam,
1493 2305 1696 2347 suppositio,
1718 2305 1913 2348 ampliatio,
1933 2304 2077 2349 appella·

1190 2353 1263 2393 tio,
1289 2352 1447 2387 &c.Sunt
1468 2356 1614 2389 astiones
1633 2364 1796 2397 corporeae
1821 2355 1978 2389 nimirum
2003 2365 2077 2398 pro·

1189 2402 1303 2437 duffio
1324 2403 1378 2437 seu
1394 2403 1623 2439 dearticulatio
1644 2405 1732 2439 vocis
1757 2426 1770 2443 ,
1786 2404 1879 2438 simul
1901 2414 1978 2438 cum
1999 2406 2074 2439 astu

1191 2451 1372 2487 voluntatis
1395 2454 1580 2488 ordinantis
1613 2465 1730 2489 vocem
1762 2452 2009 2490 dearticulatam
2030 2454 2075 2489 ad

1190 2502 1443 2548 significandum
1471 2505 1565 2538 suum
1577 2504 1796 2549 significatum
1807 2529 1819 2546 ‚
1841 2505 1890 2539 uti
1901 2505 2002 2538 etiarn
2014 2504 2075 2539 suo

1195 2553 1276 2588 loco
1297 2553 1330 2587 &
1350 2563 1497 2597 tempore
1520 2554 1628 2589 dicam
1640 2579 1651 2596 ‚
1674 2566 1755 2600 ergo
1777 2554 1898 2589 horum
1921 2554 2075 2589 omnium

1189 2603 1383 2646 speculativa
1405 2605 1559 2648 cognitio
1574 2616 1643 2639 non
1655 2605 1696 2640 ad
1713 2605 1969 2650 Prodidngmata
1983 2628 1995 2646 ,
2012 2603 2069 2640 sed

1189 2651 1230 2688 ad
1253 2652 1463 2696 physicamin
1485 2653 1574 2688 libris
1594 2654 1635 2689 de
1658 2654 1767 2689 anima
1793 2657 1931 2700 spestat.

1241 2713 1293 2739 11.
1323 2706 1369 2735 Et
1380 2710 1457 2737 ratio
1471 2704 1604 2739 ulterior
1616 2728 1627 2745 ,
1650 2717 1688 2740 ac
1713 2706 1819 2750 magis
1835 2706 1855 2740 a
1876 2703 1976 2748 priori
1995 2703 2041 2738 est
2053 2715 2069 2738 e

1189 2752 1266 2797 quia
1297 2764 1380 2787 artes
1400 2754 1436 2788 &
1456 2754 1594 2789 scientiae
1623 2756 1767 2798 prasticae
1788 2755 1829 2789 de
1853 2754 1982 2797 objecto
2006 2754 2067 2789 suo

1191 2814 1372 2847 numquam
1384 2803 1505 2839 docent
1517 2803 1595 2848 quid
1607 2805 1647 2839 sit
1658 2830 1668 2846 ‚
1697 2804 1749 2839 sed
1765 2804 1977 2839 solummodo
1986 2815 2072 2848 quo-

1188 2852 1290 2887 modo
1311 2854 1580 2898 faciendum-'siu
1606 2855 1692 2890 verbi
1706 2855 1810 2900 gratia
1823 2879 1834 2895 ,
1862 2854 1989 2899 Logica
2002 2862 2072 2889 non

1187 2903 1285 2939 docet
1306 2903 1386 2947 quid
1411 2904 1448 2938 sit
1471 2905 1680 2950 syllogismus
1699 2930 1710 2947 ‚
1737 2905 1816 2949 quid
1839 2905 1876 2939 fit
1900 2913 2072 2949 argumen-

1188 2954 1296 2994 tatio,
1321 2954 1400 2997 quid
1414 2955 1450 2989 fit
1475 2956 1675 2999 propositio,
1701 2956 1763 2990 &c.
1774 2955 1835 2989 Sed
1861 2954 1967 2990 solum
1990 2965 2071 2998 quo·

1188 3003 1290 3038 modo
1309 3004 1374 3038 haec
1407 3002 1558 3040 facienda
1581 3007 1614 3041 dt
1634 3005 1837 3039 efformanda
1856 3005 1922 3039 *fint
1944 3016 1956 3047 ς
1986 3005 2070 3039 item

1187 3065 1237 3088 ars
1272 3054 1526 3090 architectonica
1550 3066 1620 3090 non
1638 3056 1739 3090 docet
1759 3055 1846 3099 quid.
1872 3055 1911 3089 fit
1932 3053 2069 3089 aedifica-

1188 3103 1238 3138 tio
1256 3128 1267 3145 ,
1298 3115 1358 3138 nec
1382 3117 1432 3139 ars
1451 3105 1677 3149 cytharizandi
1699 3105 1780 3150 quid
1814 3105 1852 3139 fit
1886 3102 2069 3148 cythariza-

1187 3154 1254 3195 tio‚
1283 3166 1391 3198 neque
1410 3166 1461 3189 ars
1479 3155 1592 3189 arandi
1604 3155 1683 3199 quid
1706 3156 1743 3191 fit
1765 3155 1891 3195 aratiO,
1917 3155 1982 3189 ἃς.
2003 3150 2070 3189 Sed

1190 3204 1296 3239 solum
1319 3203 1440 3239 docent
1451 3205 1588 3240 modum
1610 3205 1666 3240 has
1690 3206 1834 3241 actiones
1854 3205 1936 3239 recle
1947 3204 2069 3239 facien·

1191 3254 1226 3289 di
1241 3278 1252 3295 ‚
1277 3254 1310 3287 ἃ.
1327 3254 1519 3299 exercendi;
1545 3266 1656 3291 earum
1670 3267 1745 3291 vero
1758 3255 1987 3299 cognitionem
2001 3254 2070 3298 spo·

1190 3303 1369 3338 culativam
1391 3327 1402 3344 ,
1430 3305 1494 3340 five
1513 3305 1747 3340 definitionem
1768 3307 2016 3350 praesupponunt
2036 3304 2071 3339 3:

1192 3364 1383 3388 mutuantur
1409 3353 1454 3389 ab
1478 3355 1549 3389 aliis
1575 3356 1719 3390 scientiis
1744 3367 1754 3398 3
1781 3355 1873 3399 atqui
1905 3355 2065 3401 cognitio

1196 3402 1494 3449 Prodidagmatum
1513 3406 1558 3440 est
1582 3416 1654 3445 ars,
1676 3405 1711 3440 δι’
1738 3404 1890 3451 cognitio
1908 3405 2074 3451 practica,

1195 3465 1277 3498 ergo
1298 3454 1353 3488 illa
1374 3466 1443 3489 non
1467 3454 1566 3490 debet
1581 3455 1796 3500 tradereq-uid
1817 3455 1854 3490 sit
1877 3466 1972 3497 vox,
1990 3452 2074 3499 quid

260 3510 332 3535 tum
356 3512 416 3546 pro
443 3501 635 3538 sinehabeat
645 3514 814 3541 externam
841 3516 962 3541 vocum
988 3506 1134 3543 constru-
1197 3503 1396 3552 fignificatio
1430 3530 1443 3548 ,
1481 3504 1564 3552 quid
1588 3505 1786 3542 Praedicatio
1814 3506 1940 3546 vocalis
1956 3529 1967 3545 ,
1994 3502 2076 3547 quid

1958 3553 2029 3598 sup-
