2384 3770
766 139 851 183 De
893 139 1055 194 Quln.
1093 134 1230 179 Res.
1267 135 1419 179 Sura
1455 135 1584 180 Cor.

275 231 330 258 cut
351 224 441 258 enim
461 221 583 255 dantur
606 220 703 255 multi
720 218 896 259 homines,
921 216 1059 261 quinon
1072 217 1144 250 sunt

274 272 340 309 albi
362 298 374 314 ‚
396 272 442 306 ira
465 271 583 305 dantur
604 270 699 305 multi
721 295 734 311 ,
767 270 825 313 qui
846 279 914 302 non
935 268 1013 302 sunt
1032 265 1144 300 Deus.

274 323 401 367 Atqui,
427 322 450 356 si
472 322 530 355 ista
551 320 726 365 propositio
748 317 879 353 haberet
899 315 1077 359 subjeetum
1098 314 1144 349 di-

272 372 442 407 stributum
455 395 467 412 ,
492 383 562 405 non
572 372 657 405 foret
666 380 735 404 vera
745 390 757 406 ,
782 368 834 401 sed
846 367 923 401 falsa
935 367 967 400 ὅ(
979 365 1143 401 haeretica:

270 423 474 466 :quivaleret
496 422 585 455 enim
605 419 681 453 huic'
699 442 710 458 ‚
736 419 849 450 Nullus
875 416 957 450 bomo
982 416 1021 456 eli
1042 418 1123 451 Deus
1136 441 1143 449 .

271 472 364 517 Ergo
384 472 441 506 isla
461 470 637 515 propositio
658 467 754 501 habet
776 465 950 510 subjeetum
963 492 975 508 ,
1005 478 1073 500 non
1097 467 1142 501 di·

273 522 461 561 stributive‚
486 520 538 555 sed
558 517 749 553 difiunaive
761 518 978 562 suppositum3
1004 516 1139 561 &aequi-

270 572 443 607 valerhuic
452 595 463 610 ,
490 571 606 611 Aliquis
618 566 702 600 bomo
713 579 771 601 non
782 567 820 610 el}
833 572 912 602 Deus
922 593 930 601 .

320 633 374 670 17.
401 621 528 661 objicies
552 630 560 650 2
586 617 729 652 Materia
750 616 828 659 illa,
852 630 921 662 quae
940 618 976 652 in
999 617 1141 662 proposi-

267 672 361 707 tione
369 670 486 704 cauffat
500 667 712 702 universalem
721 669 979 706 ‚verificationem
991 694 1002 709 ‚
1022 667 1140 703 caussat

268 722 303 755 in
325 719 414 754 istius
435 718 664 763 propositionis
685 718 824 762 subjecto
835 718 1050 753 universalem
1066 717 1141 760 sup·

267 771 483 815 pontionem
510 768 687 813 propositio
705 770 826 812 quippe
850 780 918 802 non
931 765 1032 812 potest
1046 766 1141 801 habe-

266 833 301 855 re
322 819 532 854 universalem
554 819 809 853 verificationem
831 842 842 858 ,
878 819 937 852 nisi
965 817 1138 861 subjeetum

265 871 334 914 ejus
353 869 500 904 habuerit
511 868 723 903 universalem
733 867 994 902 distributionem
1007 881 1020 901 .-
1047 877 1083 900 ut
1094 866 1139 900 est

265 919 473 956 manifestum
481 944 490 952 .
519 918 625 962 Atqui
635 917 767 952 materia
778 928 962 962 repugnans
972 917 1090 951 caussat
1103 916 1138 949 in

265 969 442 1015 negatione
456 968 625 1003 indefinita
635 967 843 1002 universalem
858 967 1113 1001 verificationem
1128 980 1139 1000 .-

264 1031 344 1066 ergo
366 1020 400 1054 in
419 1019 487 1063 ejus
507 1018 646 1061 subjeeto
666 1020 785 1053 causs'at
799 1018 1016 1053 ‚universalem
1027 1018 1140 1061 suppo·

263 1070 436 1105 fitionem.
466 1069 615 1103 Probatur
644 1074 757 1101 minor:
782 1068 871 1116 Qia
892 1068 970 1102 sicut
981 1068 1139 1101 universa-

264 1120 305 1154 lis
326 1120 504 1155 verificatio
520 1119 746 1154 affirmationis
767 1118 822 1153 sita
841 1117 886 1152 est
908 1118 943 1152 in
965 1117 1137 1153 existentia

264 1171 427 1214 predicati
447 1171 482 1204 in
500 1169 653 1204 omnibus
667 1168 842 1213 &singulis
854 1167 1060 1203 inferioribus
1072 1166 1140 1201 sub·

263 1221 351 1263 jeslk
384 1221 429 1254 ita
452 1219 639 1254 universalis
661 1220 777 1253 veritas
803 1218 989 1263 negationis
1012 1218 1069 1252 sita
1093 1216 1137 1251 est

261 1271 298 1304 in
321 1269 466 1303 absentia
495 1268 658 1312 praedicati
681 1269 722 1302 ab
733 1268 932 1303 omnibus&
947 1268 1138 1313 singulisin·

262 1318 435 1354 ferioribus
456 1318 606 1362 subjecti:
632 1317 721 1362 atqui
749 1318 880 1352 materia
898 1328 1083 1362 repugnans
1103 1316 1135 1349 in

263 1369 486 1413 propositione
498 1368 648 1413 negativa
668 1369 790 1408 caussat
801 1367 978 1403 absentiam
990 1366 1137 1412 praedica'·

262 1419 289 1453 ti
308 1419 349 1453 ab
370 1419 525 1453 omnibus
547 1420 579 1453 &
600 1419 734 1463 singulis
754 1418 885 1461 subjesti
905 1416 1112 1453 inferioribus
1128 1430 1139 1450 .-

261 1479 340 1513 ergo
361 1469 479 1503 caussat
498 1470 530 1503 in
554 1469 610 1502 illa
628 1469 843 1502 universalem
856 1468 1022 1501 veritatem
1034 1491 1042 1499 .
1069 1469 1138 1499 Pro-

261 1519 351 1551 batur
372 1523 485 1551 minor:
512 1518 602 1564 Quia
623 1518 757 1551 materia
778 1527 964 1560 repugnans
984 1515 1068 1550 nihil
1091 1515 1135 1549 est

259 1562 349 1603 uliud
371 1592 382 1608 ,
408 1579 505 1613 quam
528 1568 596 1601 duo
618 1566 752 1601 termini
772 1577 988 1612 repugnantes
1011 1579 1018 1599 :
1046 1567 1134 1611 atqui

258 1619 390 1653 termini
411 1627 630 1663 repugnantes
653 1618 727 1652 sunt
750 1616 822 1657 illi,
849 1628 988 1660 quorum
1000 1617 1137 1651 formale

259 1668 475 1714 significatum
498 1668 596 1702 unius
615 1666 703 1703 abest
725 1667 767 1702 ab
789 1667 944 1701 omnibus
960 1666 1136 1712 &singulis

257 1718 448 1763 significatis
468 1719 559 1753 restis
583 1717 715 1753 alterius
738 1731 749 1751 .·
776 1717 849 1752 sunt
868 1717 957 1750 enim
979 1716 1050 1758 illi,
1077 1716 1134 1759 qui

257 1767 300 1803 de
321 1769 386 1802 sese
405 1778 521 1802 mutuo
533 1768 754 1802 universaliter
764 1777 943 1812 negantur.
971 1767 1062 1811 Ergo
1072 1777 1139 1801 mav

257 1817 338 1852 teria
358 1828 544 1863 repugnans
553 1819 673 1853 caussat
697 1818 730 1850 in
753 1815 1027 1860 propositionibus
1039 1827 1134 1861 nega·

255 1867 334 1902 tivis
358 1867 537 1903 absentiam
555 1866 715 1911 praedicati
738 1866 942 1902 abomnibus
955 1866 989 1902 δε
1001 1867 1137 1912 singulis

255 1917 461 1952 inferioribus
472 1918 600 1961 subjesti
613 1943 621 1950 .

311 1976 363 2014 13.
389 1964 620 2010 Resp.negando
631 1971 768 1999 minorem
778 1971 811 1997 in
821 1965 932 1998 duobus
942 1968 1050 2007 primis
1064 1988 1075 2005 ‚
1099 1965 1134 1998 Θ

256 2015 461 2060 dt'stInguendo
479 2022 620 2049 minorem
630 2021 662 2049 m
678 2021 766 2050 tertio
774 2013 950 2058 fillogismo.
977 2014 1131 2048 Termini

255 2072 471 2109 repugnantes
488 2067 561 2099 sunt
582 2065 653 2106 illi,
677 2076 817 2108 quorum
832 2064 970 2098 formale
979 2064 1132 2108 significa·

253 2123 326 2149 turn
349 2115 447 2147 unius
466 2113 551 2147 abest
572 2113 613 2146 ab
622 2114 824 2146 omnibus&
834 2114 967 2155 singulis
978 2112 1132 2156 significa·
1155 2144 1157 2147 ,

252 2164 296 2199 tis
308 2163 400 2199 restis
422 2163 556 2197 alterius
576 2160 746 2204 loquendo
757 2161 966 2195 naturaliter:
988 2161 1027 2202 J't'c
1037 2171 1131 2194 conce-

253 2215 308 2247 do.
336 2212 648 2257 Supernaturaliter:
667 2210 707 2253 fic
720 2223 790 2254 nego
807 2236 816 2243 .
842 2210 931 2245 Nam
945 2215 1024 2243 Deus
1037 2211 1070 2245 ὅ(
1081 2210 1128 2243 bo·

250 2275 301 2296 mo
312 2264 383 2296 sunt
404 2263 536 2295 termini
555 2259 625 2293 vere
638 2269 871 2303 repugnantes:
899 2259 1011 2292 nonne
1021 2270 1131 2293 tamen

254 2312 474 2356 significatum
485 2309 620 2343 formale
643 2307 831 2342 uniusinest
845 2318 896 2350 per
908 2309 1044 2350 gratiam
1066 2309 1129 2341 Dei

254 2362 439 2408 significato
448 2362 533 2394 resto
546 2359 677 2393 alterius
694 2357 711 2389 ,ἲ
738 2357 819 2391 Non
839 2368 919 2401 ergo
931 2357 1062 2390 :ermini
1085 2369 1128 2391 re·

255 2421 453 2456 pugnantes,
479 2411 544 2444 sive
567 2409 699 2443 materia
716 2418 901 2452 repugnans
922 2408 1042 2450 semper
1052 2406 1127 2441 facit

253 2462 473 2506 significatum
493 2459 630 2494 formale
651 2458 815 2502 praedicati
835 2457 939 2491 abeffe
962 2457 1003 2492 ab
1024 2457 1125 2491 omni·

254 2511 314 2546 bus
330 2511 363 2544 δι
385 2509 517 2554 singulis
538 2508 725 2554 significatis
743 2509 832 2541 restis
855 2507 1006 2550 subjecti:
1033 2506 1124 2541 adeo-

252 2571 316 2603 que
327 2571 394 2596 non
404 2558 506 2603 potest
519 2558 692 2602 subjeetum
704 2557 892 2592 distribuere
906 2581 917 2597 ‚
945 2557 998 2591 sed
1012 2557 1126 2591 solum-

251 2610 356 2646 modo
381 2610 565 2653 disiungere
581 2633 589 2640 .
622 2608 728 2646 Unde
750 2618 857 2641 totum
874 2605 938 2641 hoc
959 2618 1125 2652 argumen-

252 2672 324 2696 tum
347 2661 380 2693 in
403 2670 434 2692 te
461 2668 631 2701 retorqueo
653 2656 717 2691 hoc
745 2658 864 2691 modo:
893 2658 950 2691 llla
972 2659 1125 2698 materia,

252 2721 322 2753 quar
344 2708 519 2743 indefinitae
543 2707 711 2752 negationi
734 2708 848 2749 nequit
869 2707 944 2741 dare
970 2709 1124 2741 universa·

252 2761 316 2794 lem
341 2758 594 2793 verificationem
614 2781 625 2797 ‚
653 2757 766 2799 nequit
788 2755 877 2789 illins
901 2756 1040 2798 subjecto
1050 2757 1124 2791 dare

251 2809 463 2845 universalem
486 2808 736 2852 suppositionem
749 2820 759 2839 .·
785 2806 876 2847 atqui
893 2806 1024 2840 materia
1037 2818 1112 2851 repu

251 2871 356 2905 gnans
368 2870 434 2894 non
447 2858 550 2902 potest
573 2857 653 2892 illud
667 2870 677 2891 .-
702 2868 781 2901 ergo
795 2866 899 2897 neque
920 2856 1022 2899 potest
1038 2856 1120 2893 hoc.

254 2910 403 2944 Probatur
415 2915 529 2942 minor:
558 2908 648 2956 Qia
670 2907 840 2952 negationi
863 2905 1037 2945 indefinitae
1051 2907 1125 2941 dare

249 2960 461 2995 universalem
491 2959 657 2993 veritatem
695 2957 740 2991 est
778 2957 827 2992 illi
849 2956 924 2990 dare
945 2957 1123 2991 absentiam

249 3010 408 3053 praedicati
420 3009 460 3044 ab
471 3009 626 3044 omnibus
646 3009 680 3043 ἀ
690 3007 821 3052 singulis
835 3006 1044 3040 inferioribus
1056 3007 1123 3041 sub·

250 3060 343 3104 jeeti:
372 3062 462 3104 atqui
487 3059 618 3094 materia
640 3068 823 3103 repugnans
849 3056 883 3090 id
906 3068 975 3090 non
997 3057 1123 3101 potest3

250 3119 286 3142 ut
309 3110 372 3152 jam
384 3110 529 3144 ostendi:
559 3120 638 3154 ergo
652 3120 719 3144 nou
732 3107 837 3152 potest
850 3106 898 3140 illi
909 3106 984 3141 dare
996 3107 1119 3142 univer-

248 3158 347 3193 salem
365 3161 530 3194 veritatem
544 3185 552 3192 .

303 3208 354 3255 192
384 3209 426 3242 Et
439 3208 517 3243 hinc
529 3219 617 3254 patet
630 3208 728 3254 longe
741 3208 862 3242 diversa
876 3207 1044 3250 proportio
1057 3219 1121 3241 rna-

247 3260 334 3295 teriae
362 3258 535 3293 necessariae
559 3260 600 3294 ad
624 3259 828 3293 indefinitam
851 3258 1122 3296 affirmationem,

247 3321 345 3354 quam
358 3311 393 3344 fit
417 3309 584 3353 proportio
606 3311 746 3344 materiae
762 3309 973 3354 repugnantis
982 3308 1022 3341 ad
1035 3308 1123 3343 inde·

249 3361 377 3396 finitam
390 3359 615 3405 negationem.
644 3361 756 3400 Hinc,
785 3361 940 3402 inquam,
976 3368 1061 3400 patet
1076 3370 1123 3392 ra-

249 3410 298 3442 tio
311 3434 322 3450 ,
346 3421 403 3445 cur
426 3410 558 3444 materia
580 3411 747 3445 necessaria
761 3408 995 3452 potiuscausset
1013 3408 1121 3442 distri-

251 3458 423 3496 butionem
448 3460 484 3496 in
504 3459 644 3502 subjecto
668 3459 844 3496 indefinitae
865 3458 1089 3494 affirmationis
1111 3482 1123 3499 ,

1952 143 2045 188 235

1210 224 1310 258 quam
1327 214 1460 248 materia
1476 221 1669 261 ‘repugnans
1690 213 1779 249 illam
1797 213 1918 248 cauffet
1931 211 1964 248 in
1978 211 2085 256 subje-

1209 267 1262 300 ἑὶο
1282 262 1458 298 indefinitae
1473 263 1682 308 negationis.
1708 264 1840 305 Ratioefl
1852 263 1934 297 baec:
1966 263 2055 310 Qia
2068 287 2080 304 ‚

1209 313 1325 356 u‘tjam
1346 314 1416 348 dixi
1436 339 1447 355 ,
1485 313 1619 347 materia
1642 323 1821 355 repugnans
1842 314 1875 347 in
1904 312 2080 354 indefinita

1209 364 1384 408 negatione
1406 374 1473 398 non
1497 365 1616 406 semper
1644 363 1762 395 caussat
1787 386 1798 401 ‚
1833 374 1937 407 neque
1958 365 2080 407 semper

1207 413 1347 449 cauffare
1389 413 1490 457 potest
1528 412 1740 446 universalem
1778 412 2033 448 verificationem
2063 427 2079 455 ,-

1208 465 1354 507 adeoque
1375 475 1477 509 neque
1506 464 1540 496 in
1565 461 1706 506 subjeito
1727 461 1796 504 ejus
1815 463 1951 496 caussare
1973 463 2076 505 potest

1207 514 1418 548 universalem
1440 513 1714 557 suppositionem.-
1740 521 1774 544 at
1797 509 1870 543 vero
1880 513 2010 546 materia
2024 523 2081 547 ne-

1204 566 1332 598 cessaria
1355 564 1389 598 in
1412 563 1583 598 indefinita
1602 562 1822 598 affirmatione
1842 560 1966 603 semper
1987 563 2079 596 caus-

1206 615 1249 648 sat
1262 638 1273 653 ,
1302 625 1406 658 neque
1429 614 1532 658 potest
1553 625 1620 648 non
1640 614 1780 648 caussare
1803 609 2016 644 universalem
2029 622 2080 644 ve·

1205 665 1423 697 rificationem
1443 677 1453 701 t
1488 664 1635 707 adeoque
1667 665 1700 697 in
1723 662 1793 704 ejus
1816 659 1958 703 subjesto
1979 660 2080 694 etiam

1204 715 1343 747 caussare
1362 714 1457 748 debet
1477 714 1695 747 universalem
1708 711 1963 754 suppositionem
1977 734 1985 741 .
2018 712 2082 743 Pa-

1204 773 1247 797 tet
1259 764 1451 811 affumptum:
1478 763 1566 807 Quia
1588 761 1799 808 propositioni
1819 760 2016 796 affirmativae
2028 761 2082 794 da-

1203 825 1237 847 re
1259 814 1470 848 universalem
1492 814 1656 848 veritatem
1670 813 1713 847 est
1726 811 1774 846 illi
1786 811 1860 845 dare
1870 810 2080 845 existentiam

1203 864 1365 907 praedicati
1386 865 1419 898 in
1431 863 1586 898 omnibus
1599 862 1806 897 inferioribus
1817 860 1969 903 subjecti:
1988 860 2079 901 atqui

1204 914 1333 949 materia
1361 915 1533 950 necessaria
1567 914 1623 948 dat
1655 912 1832 948 indefinitae
1866 910 2080 945 affirmationi

1203 965 1325 1006 semper
1344 964 1551 998 existentiam
1571 964 1733 1008 praedicati
1758 964 1800 1004 in,
1817 961 1972 995 omnibus
1994 983 2006 1000 ‚
2041 971 2079 994 ac

1202 1011 1335 1057 singulis
1357 1013 1564 1048 inferioribus
1582 1015 1733 1056 subiecti:
1761 1014 1895 1045 materia
1917 1010 2004 1044 enim
2028 1021 2081 1044 ne-

1202 1064 1330 1098 cessaria
1352 1065 1424 1098 sunt
1446 1064 1621 1106 subjectum
1645 1065 1677 1097 ὅ(
1704 1062 1912 1106 praedicatum
1935 1061 2077 1094 necessa-

1202 1114 1283 1147 rium
1296 1138 1307 1154 ,
1333 1124 1370 1148 ac
1382 1113 1588 1157 inseparabile
1602 1138 1614 1153 ,
1638 1114 1725 1156 quod
1741 1123 1798 1146 nec
1810 1113 1827 1145 a
1841 1111 2001 1155 subjecto,
2017 1122 2077 1144 nec

1202 1164 1241 1197 ab
1261 1165 1330 1197 ullo
1351 1164 1418 1206 ejus
1440 1163 1587 1197 inferiori
1610 1164 1710 1205 potest
1730 1162 1884 1205 separari:
1911 1172 1945 1194 ut
1966 1162 2079 1195 dicam

1203 1215 1335 1248 inferius
1346 1215 1403 1248 suo
1416 1214 1510 1248 loco.
1540 1214 1631 1258 Ergo
1654 1214 1785 1247 materia
1801 1210 2079 1244 necessariainin-

1201 1264 1337 1298 definita
1354 1265 1572 1298 affirmatione
1594 1264 1714 1307 semper
1734 1264 1851 1296 causlat
1865 1261 2079 1294 universalem

1204 1315 1372 1349 veritatem
1396 1337 1404 1347 .
1430 1314 1496 1348 His
1515 1315 1623 1354 cesso,
1650 1314 1791 1357 aliasque
1813 1311 1941 1355 regulas
1955 1321 2013 1343 nec
2025 1309 2081 1343 ad·

1202 1365 1290 1404 fero,
1318 1376 1378 1399 nec
1396 1365 1550 1398 examino
1574 1376 1584 1406 ;
1612 1364 1664 1399 sed
1687 1365 1727 1397 ad
1751 1361 1832 1396 alios
1853 1361 2079 1399 Dialesticos,

1202 1426 1239 1448 ac
1262 1414 1429 1465 praesertim
1452 1414 1492 1449 ad
1506 1414 1719 1448 Laurentium
1732 1411 1875 1456 Gyffene
1888 1435 1900 1451 ,
1925 1413 1981 1455 qui
1994 1410 2080 1445 hanc

1204 1465 1407 1508 provinciam
1421 1466 1603 1500 luculenter
1615 1464 1707 1509 gessit
1718 1489 1730 1505 ‚
1755 1475 1788 1497 te
1805 1462 1937 1496 remitto
1949 1485 1956 1493 .

1412 1614 1448 1648 D
1476 1613 1516 1648 U
1544 1613 1571 1646 B
1598 1613 1611 1646 l
1641 1611 1679 1647 U
1708 1611 1748 1645 M
1809 1611 1868 1644 111.

1302 1717 1348 1747 De
1359 1711 1550 1757 suppositione
1561 1713 1702 1756 copulata
1714 1736 1726 1753 ,
1743 1709 1798 1755 seu
1808 1710 1961 1746 collec‘ltva
1973 1734 1981 1742 .

1201 1822 1257 1850 20.
1352 1812 1535 1856 Uppofitio
1554 1810 1622 1848 haec
1644 1812 1726 1847 nihil
1757 1814 1802 1847 est
1825 1811 1914 1845 aliud
1937 1835 1949 1852 ‚
1979 1797 2079 1853 quani

1370 1864 1536 1906 usurpatio
1547 1866 1636 1898 vocis
1645 1862 1830 1897 communis
1844 1873 1901 1904 pro
1923 1861 2082 1895 omnibus

1200 1912 1493 1947 suis'inferioribus
1513 1937 1524 1952 ,
1565 1915 1613 1946 vel
1647 1911 1871 1945 denominatis
1895 1906 2078 1954 'copulatim

1198 1960 1427 1995 enumerandis
1442 1985 1453 1993 .
1474 1963 1514 1995 Id
1534 1961 1594 2002 est.-
1622 1960 1862 1995 Enumerandis
1873 1973 1927 2005 per
1937 1961 2079 2004 conjun-

1185 2010 1345 2046 ¹&ionem
1363 2012 1582 2054 copulativam
1593 2013 1774 2055 copulatim
1786 2012 1946 2055 sumptam
1962 2023 1972 2050 ·.
2001 2023 2029 2045 ν.
2043 2022 2075 2055 g.

1198 2071 1272 2094 cum
1286 2060 1383 2100 dico,
1411 2065 1519 2093 Omnes
1549 2062 1806 2103 Apostoltfuerum
1822 2064 1991 2099 duodecim,
2018 2073 2079 2094 om-

1197 2119 1249 2140 nes
1273 2108 1408 2151 Religiofi
1421 2108 1674 2150 sunt-conventus
1691 2134 1701 2149 ,
1726 2122 1824 2143 omnes
1851 2111 2075 2152 christifideles

1195 2155 1267 2199 sunt
1286 2156 1437 2198 Ecclesia,
1464 2165 1563 2191 omma
1571 2161 1743 2200 practicam
1753 2161 1916 2202 essentialia
1924 2160 1979 2201 fibt'
1992 2167 2077 2193 mvl-

1196 2218 1255 2239 cem
1273 2209 1331 2241 riti
1345 2205 1544 2249 subordlnata
1564 2207 1640 2250 sunt
1660 2211 1934 2250 praedicamentum
1962 2234 1972 2250 ‚
2013 2211 2071 2243 &c-

1197 2257 1320 2289 Omnia
1331 2256 1466 2290 istarum.
1480 2259 1735 2300 propositionum
1753 2259 1884 2301 subjecta
1908 2260 2074 2303 accipiun-

1198 2315 1248 2337 tur
1281 2304 1458 2347 cop'ulatim
1484 2329 1496 2346 ,
1524 2309 1581 2339 seu
1613 2307 1781 2340 collective
1802 2331 1809 2338 .
1848 2310 2072 2351 Accipiuntur

1197 2354 1314 2398 quippe
1334 2366 1391 2397 pro
1413 2354 1475 2388 suis
1496 2355 1711 2390 inferioribus.
1729 2380 1739 2396 ,
1767 2368 1833 2389 non
1859 2359 2071 2400 copulative,

1197 2405 1247 2437 sed
1259 2421 1262 2424 ·
1272 2404 1440 2439 collective
1450 2406 1503 2439 seu
1515 2405 1934 2449 copulatim‘enumerandis
1943 2430 1951 2439 .
1976 2408 2070 2455 Qia

1194 2453 1301 2488 dicere
1313 2465 1379 2488 nou
1394 2465 1506 2498 potes,
1531 2455 1646 2490 Petrus
1657 2456 1702 2490 est
1714 2455 1890 2490 duodecim
1903 2482 1913 2498 ‚
1941 2456 2070 2492 &Pau-

1194 2504 1243 2538 lus
1264 2504 1309 2538 est
1332 2503 1528 2545 duodecim,
1559 2507 1595 2541 δε
1616 2506 1795 2550 Philippus
1810 2506 1853 2540 est
1868 2507 2068 2549 duodecim,
2114 2507 2116 2509 ’

1193 2554 1344 2588 &ehem
1360 2554 1464 2590 dicere
1476 2567 1542 2590 non
1557 2567 1650 2599 potes
1664 2580 1674 2595 ,
1699 2567 1763 2601 ego
1776 2558 1844 2591 sum
1861 2568 2065 2599 conventus,

1191 2604 1224 2638 ἀ
1247 2615 1282 2639 tu
1303 2615 1339 2638 es
1362 2616 1569 2646 conventus,
1594 2606 1693 2640 &ille
1715 2607 1759 2653 est
1771 2618 1975 2648 conventus,
2002 2609 2064 2642 διο.

1192 2654 1252 2688 Sed
1276 2655 1381 2689 dicere
1400 2665 1550 2699 oportet,
1573 2656 1686 2690 Petrus
1710 2657 1744 2691 dc
1768 2656 1914 2698 Paulus,
1936 2660 1969 2692 δι
1983 2656 2066 2691 Phi-

1190 2703 1295 2747 lippus
1314 2706 1347 2739 &
1371 2705 1426 2739 alii
1450 2717 1570 2740 novem
1593 2706 1683 2739 simul
1706 2707 1825 2749 sumpti
1843 2708 1916 2740 sunt
1940 2708 2063 2743 duode-

1189 2756 1270 2788 cim.
1301 2755 1395 2800 Ego,
1423 2756 1456 2789 &
1479 2767 1513 2789 tu
1535 2780 1547 2796 ,
1573 2757 1606 2790 δε
1629 2756 1678 2790 illi
1697 2757 1789 2790 simul
1810 2758 1929 2801 sumpti
1953 2759 2063 2792 sumus

1188 2815 1388 2838 conventus.
1419 2806 1461 2839 Et
1478 2807 1518 2839 sie
1538 2805 1579 2840 de
1590 2806 1663 2841 aliis

1239 2867 1292 2892 21.
1306 2855 1367 2888 Sed
1379 2853 1455 2890 hinc
1467 2857 1569 2890 oritur
1581 2856 1752 2891 difficultas
1766 2868 1830 2891 non
1844 2867 2061 2891 contemnen-

1188 2905 1243 2939 da:
1272 2905 1457 2952 Qomodo
1483 2906 1633 2941 videlicet
1655 2907 1988 2951 suppofitiocopulata
2000 2908 2061 2941 dif-

1187 2957 1263 2990 ferat
1277 2955 1294 2988 a
1308 2955 1525 2999 suppositione
1538 2957 1698 3001 simplici?
1725 2957 1888 2992 Videntur
1907 2959 1997 2992 enim
2010 2957 2059 2992 hae

1186 3007 1254 3040 duae
1278 3007 1510 3049 suppositiones
1537 3019 1605 3042 non
1624 3006 1783 3053 distingui
1803 3034 1813 3050 ,
1842 3009 1893 3042 sed
1918 3010 2003 3043 inter
2026 3010 2058 3041 se

1188 3056 1281 3099 plane
1301 3055 1482 3097 confundi,
1509 3068 1546 3091 ac
1569 3057 1780 3092 identificari.
1808 3061 1878 3093 Tale
1897 3070 1961 3102 ergo
1978 3066 2058 3100 pono

1186 3115 1391 3150 argumentum
1410 3119 1420 3142 ι
1448 3108 1634 3150 suppositio
1653 3109 1811 3151 copulata.
1829 3122 1896 3143 non
1916 3110 1960 3143 est
1985 3109 2056 3152 sup-

1187 3157 1301 3199 positio
1313 3157 1491 3199 personalis
1503 3180 1514 3196 ,
1540 3158 1591 3192 sed
1603 3157 1753 3201 simplex:
1780 3171 1861 3203 ergo
1873 3159 1958 3194 male
1968 3168 2055 3193 com·

1187 3216 1316 3249 putatur
1340 3206 1425 3240 inter
1448 3207 1568 3250 species
1595 3209 1821 3251 suppofitionis
1847 3208 2022 3252 personalis
2043 3220 2053 3251 ;

1187 3255 1332 3296 maleque
1355 3256 1509 3289 dicuntur
1525 3258 1588 3290 esse
1608 3268 1746 3301 quatuor
1760 3258 1853 3302 hujus
1865 3260 2053 3305 suppositio·

1187 3306 1237 3338 nis
1257 3306 1390 3348 species.
1419 3306 1568 3340 Probatur
1591 3310 1763 3342 antecedens
1786 3323 1798 3342 :
1826 3310 1914 3354 Quia
1939 3312 2054 3353 suppo-

1186 3355 1258 3388 sitio
1282 3355 1415 3399 simplex
1428 3356 1472 3389 est
1497 3358 1674 3402 suppositio
1696 3360 1782 3392 vocis
1805 3361 1940 3402 prosolo
1954 3362 2011 3394 suo
2024 3359 2058 3392 fi-

1186 3405 1345 3450 gnificato
1370 3406 1523 3448 primario
1545 3419 1552 3439 :
1591 3410 1680 3452 atqui
1709 3410 1882 3453 suppositio
1903 3411 2056 3454 copulata

1188 3456 1232 3492 est
1252 3455 1428 3501 suppositio
1448 3457 1538 3492 vocis
1559 3460 1747 3495 communis
1765 3470 1823 3503 pro
1846 3461 1916 3496 solo
1939 3458 2056 3502 fignifi-

1935 3518 2010 3541 cato
