2384 3770
479 101 550 143 ΑΝ
578 97 692 142 Voc.
722 95 847 140 Sene.
874 60 958 138 Iti.
983 91 1069 136 Sic.
1094 92 1170 135 Ar)
1195 91 1332 148 Quot>
1360 90 1448 135 Sto.
1475 85 1501 135 ὲ
1529 91 1649 152 LoQ
1672 94 1789 141 Snpp.

268 186 300 215 ta
322 181 362 217 ad
374 181 496 217 visum:
524 180 765 224 approximatio
787 178 897 213 debita
917 175 957 210 ad
978 175 1129 210 auditum

266 231 310 264 est
323 233 500 275 suppositio
511 232 626 274 speciei
648 229 798 264 audibilis
819 228 995 270 impressae.
1022 225 1065 258 Et
1085 226 1128 260 fic

266 283 307 318 de
318 283 406 317 aliis.
435 281 588 320 Ratroest:
614 280 703 327 Qia
726 276 902 321 suppositio
913 275 994 319 signi
1008 275 1054 309 est
1075 287 1129 308 ex-

251 332 404 377 ·plicatio
414 332 493 376 signi
508 333 548 366 ad
571 329 841 375 significandum,
865 326 898 360 &
921 324 1127 359 cauffaudam

266 383 301 416 in
314 384 460 426 potentia
471 381 636 426 cognitiva
648 376 820 422 significati
832 375 1075 420 cognitionem:
1085 385 1127 409 at-

265 434 323 476 qui
336 431 400 467 haec
412 433 499 477 signa
511 429 669 465 naturalia
679 426 718 459 ad
731 425 940 461 cauffandatn
953 425 1000 458 sui
1025 425 1129 470 signi—

265 482 355 517 ficati
375 482 603 527 cognitionem
620 476 815 511 sufficienter
847 475 1050 519 applicantur
1073 486 1129 518 per

265 532 405 570 localem
418 533 467 566 sui
488 530 529 565 ad
549 527 732 572 potentiam
754 526 958 570 cognitivam
982 526 1130 569 approxi-

263 585 467 622 mationem;
494 580 571 611 sicut
592 577 722 622 agentia
743 576 899 610 naturalia
922 575 964 609 ad
987 576 1127 609 caussan-

263 635 345 669 dum
355 633 446 666 suum
457 629 608 662 effectum
631 626 827 662 sufficienter
848 625 1050 669 applicantur
1073 637 1135 670 perp

263 682 401 717 localem
411 678 457 713 sui
469 678 508 712 ad
520 677 694 719 subjectum
718 674 1032 720 approximationem
1049 688 1060 711 ,·
1078 685 1126 709 er-

263 733 311 778 go
331 731 431 766 etiam
442 727 560 763 horum
581 728 746 772 signorum
770 727 946 769 suppositio
970 724 1055 759 nihil
1082 725 1125 759 vi-

264 779 520 818 detureffealiud
532 803 543 820 ‚
569 788 666 820 quam
678 776 744 810 haec
754 787 867 810 eorum
888 773 994 809 debita
1012 774 1126 808 localis

261 829 520 875 approximatio.
549 826 761 870 Nequeenim
774 825 828 859 hic
848 826 985 859 ulterius
1008 824 1124 868 requiri

263 879 366 926 potest
389 880 531 914 intentio
544 877 595 911 vel
607 874 723 910 volitio
743 873 999 918 approximantis
1018 887 1029 906 .·
1049 874 1125 916 quia

262 932 367 966 caussa
379 928 609 974 approximans
624 923 786 960 ordinarie
796 925 900 959 caussa
915 924 1023 966 aliqua
1035 934 1128 957 natu·

262 981 336 1016 ulis
347 979 382 1014 δε
403 978 572 1014 neceffaria
583 975 628 1011 est
641 999 652 1016 ,
677 975 710 1013 ἀ
722 974 762 1010 ad
775 973 976 1019 significandi
991 974 1121 1010 intenti*

260 1041 361 1066 onem
376 1027 580 1063 formandam
599 1026 710 1069 inepta
720 1037 757 1059 ac
781 1023 917 1067 incapax
932 1047 939 1055 .
965 1021 1126 1066 Disputari

260 1081 308 1114 bic
315 1082 420 1123 poffet:
436 1075 619 1124 Qomodo
632 1076 665 1109 in
678 1076 776 1119 signis
787 1073 959 1109 arbitrariis
970 1072 1122 1115 differant

259 1128 436 1173 suppositio
447 1130 479 1163 δι
493 1125 676 1162 institutio?
699 1123 760 1167 Sed
772 1123 836 1160 hoc
847 1125 901 1170 egi
913 1123 1002 1168 supra
1025 1124 1126 1161 abun-

183 1159 186 1160 γ
260 1180 373 1216 danter
384 1177 460 1224 disp.
472 1188 506 1225 3.
517 1177 584 1212 dub.
597 1187 628 1225 3.

463 1251 621 1322 ouss
647 1275 663 1308 1
691 1275 731 1312 u
757 1276 799 1309 M
849 1274 926 1310 111.

258 1383 310 1416 'An
329 1392 413 1416 voces
429 1378 543 1424 semper
565 1378 641 1411 illud
656 1375 836 1421 fignificent,
865 1377 910 1410 ad
929 1376 1008 1419 quod
1018 1372 1125 1419 fignifi-

411 1432 539 1464 candum
559 1430 578 1460 ἂ
597 1430 726 1470 loquente
743 1425 966 1469 supponuntur.

258 1479 316 1530 38.
418 1481 451 1514 N
469 1477 578 1515 schola
589 1477 840 1511 Summularum-
853 1473 934 1509 nihil
956 1475 1020 1509 hoc
1038 1474 1125 1510 axio·

357 1479 407 1566 I
434 1540 522 1563 mate
532 1527 740 1561 familiarius:
772 1525 831 1559 illo
844 1525 932 1558 enim
951 1524 1029 1559 hinc
1051 1524 1127 1559 inde

256 1581 383 1616 fuimus
393 1580 462 1615 usi?
483 1581 639 1623 ‚Quaritur
649 1588 718 1621 ergo
727 1575 773 1610 hic
784 1589 795 1608 .·
821 1575 909 1623 Qis
920 1575 958 1610 sit
974 1576 1061 1610 illius
1076 1586 1125 1610 ve·

258 1643 335 1671 rus,
354 1642 392 1665 ac
405 1629 568 1673 legitimus
589 1627 726 1661 sensus?
754 1625 863 1661 Potest
892 1626 966 1660 vero
994 1626 1124 1661 axioma
1153 1649 1156 1651 -

258 1681 344 1716 istud
360 1679 500 1722 intelligi
523 1675 769 1712 duobusmodis
781 1701 788 1709 .
817 1678 938 1709 Prima:
968 1677 1020 1710 De
1031 1676 1124 1721 figni—

256 1731 415 1766 ficatione
437 1727 647 1772 aptitudinali
659 1753 667 1761 .
693 1726 772 1759 Hoc
795 1726 886 1760 sensu
903 1738 911 1758 ε
942 1727 996 1760 An
1029 1738 1126 1761 voces

255 1782 384 1824 semper
396 1777 654 1822 aptitudinaliter
667 1776 847 1822 significent
858 1776 940 1810 illud
955 1799 966 1815 ,
983 1775 1023 1810 ad
1037 1776 1124 1820 quod

254 1827 507 1875 significandum
526 1828 545 1862 a
557 1828 711 1871 loquente
721 1827 948 1869 supponuntur
961 1827 1124 1860 metanda:

254 1879 405 1925 intelligi
417 1879 516 1921 potest
526 1878 566 1912 de
577 1876 815 1922 figmficatione
826 1878 942 1911 actuali
955 1902 964 1917 ‚
991 1886 1028 1911 ut
1052 1879 1127 1911 sen-

255 1931 309 1963 sus
321 1930 355 1961 sit
368 1954 376 1961 .
404 1929 459 1961 An
472 1938 565 1961 voces
588 1926 803 1968 semperillud
826 1927 1007 1968 significent
1029 1928 1100 1959 actu
1115 1950 1125 1964 ,

256 1977 297 2012 ad
311 1975 399 2021 quod
412 1975 655 2020 significandum
668 1977 686 2007 a.
699 1973 851 2017 loquente
876 1974 1100 2017 supponuntur
1112 1975 1125 2007 ἶ

255 2028 303 2061 Et
316 2027 368 2060 hic
382 2027 492 2060 sensus
502 2023 548 2057 est
562 2026 736 2067 praecipuus
747 2023 801 2062 ,ἀ
815 2025 919 2068 magis
930 2022 1124 2063 ordinarius,

254 2077 292 2110 in
306 2088 373 2118 quo
384 2074 468 2110 istud
480 2075 610 2107 axioma
631 2074 650 2106 a
672 2073 882 2113 politioribus
905 2073 1124 2105 Summulistis

252 2125 365 2168 pamm
388 2124 555 2165 usurpatur
569 2144 576 2152 .
603 2119 763 2152 Attamen
786 2120 954 2161 amplioris
974 2119 1124 2153 doctrinar

250 2175 356 2220 gratia
370 2181 543 2215 utrumque
552 2170 675 2203 sensum
687 2169 756 2210 ejus
773 2168 881 2218 paucis
902 2169 1043 2212 aperiam
1059 2183 1070 2202 .·
1091 2180 1122 2203 u—

250 2225 397 2265 triusque
407 2223 496 2256 enim
509 2221 613 2254 sensus
623 2218 804 2252 intellectus
821 2229 890 2252 non
901 2218 946 2253 est
971 2217 1121 2253 Philoso-

252 2271 320 2316 pho
333 2270 547 2316 negligendus
557 2293 565 2301 .
874 2287 876 2290 >

307 2332 361 2369 39.
386 2318 548 2362 Resp.ergo
561 2319 594 2351 ω
605 2316 666 2349 dico
672 2318 791 2357 prima:
807 2315 914 2350 Voces
926 2317 1048 2359 semper
1070 2327 1124 2360 ap·

253 2370 470 2407 titudinaliter
482 2367 664 2412 significant
680 2365 776 2404 illud,
787 2364 828 2399 ad
839 2364 927 2408 quod
938 2365 1121 2410 significan·

252 2420 334 2456 dum
355 2420 374 2454 a
393 2422 546 2462 loquente
566 2420 810 2459 supponuntur.
841 2416 1007 2449 Probatur:
1031 2416 1119 2463 Qia

250 2470 339 2504 illud
352 2495 363 2511 ,
380 2470 418 2503 ad
432 2468 520 2512 quod
544 2463 794 2511 fignificandum
807 2476 903 2500 voces
923 2466 941 2499 ὲ
962 2465 1119 2508 loquente

250 2521 503 2564 supponuntur,
528 2517 572 2551 est
587 2515 691 2556 illud,
711 2514 801 2558 quod
825 2516 963 2558 loquens
985 2527 1039 2559 per
1065 2526 1118 2550 vo-

250 2581 305 2604 ces
324 2569 502 2614 significare
526 2565 690 2601 intendit:
718 2565 810 2598 vocis
827 2565 917 2599 enim
943 2565 1116 2608 suppositio

249 2620 341 2654 idem
352 2619 396 2653 est
410 2642 421 2658 ‚
436 2616 524 2660 quod
536 2615 741 2659 significandi
767 2616 924 2650 intentio.
956 2615 1061 2657 Atqui
1082 2616 1113 2648 il.

251 2669 332 2709 lud,
355 2667 444 2710 quod
469 2667 606 2708 loquens
624 2674 678 2707 per
699 2675 796 2698 voces
819 2664 887 2699 vult
909 2665 1092 2709 significare
1107 2691 1116 2706 ,

250 2719 371 2753 debent
396 2726 496 2750 voces
515 2713 690 2758 significare
712 2713 983 2756 aptitudinaliter:
1006 2726 1039 2749 ut
1053 2716 1115 2749 cla·

249 2778 322 2804 rum
342 2767 389 2802 est
399 2792 406 2799 .
422 2767 508 2811 Ergo
519 2774 613 2798 voces
627 2764 749 2807 semper
759 2763 1014 2805 aptitudinaliter
1023 2765 1114 2809 signi-

250 2819 351 2853 ficant
365 2814 445 2850 illud
460 2840 471 2856 ,
491 2814 530 2849 ad
544 2813 633 2858 quod
647 2811 895 2857 fignificandum
920 2814 937 2847 ὲ
959 2814 1114 2858 loquente

249 2870 492 2911 supponuntur.
519 2868 565 2903 Er
575 2869 654 2897 rano
672 2865 796 2905 aptiori
814 2862 870 2903 est:
899 2863 988 2909 Qia
1003 2874 1113 2906 poten.

249 2918 296 2952 tia
308 2917 532 2962 significativa,
541 2913 604 2947 five
616 2913 811 2958 significatio
824 2913 1051 2956 aptitudinalis
1062 2926 1113 2949 vo-

248 2969 296 3003 cis
319 2966 417 3001 habet
439 2968 471 3000 se
491 2965 532 2999 ad
544 2963 794 3008 suppositionem
810 2965 899 2997 vocis
919 2987 931 3004 ‚
953 2963 1032 2998 ficut
1059 2976 1113 3008 po-

248 3019 352 3053 tentia
363 3016 538 3052 caussativa
550 3016 661 3049 cauffae
674 3012 769 3048 habet
783 3013 815 3048 se
825 3013 865 3047 ad
880 3014 1115 3056 approximath

247 3078 347 3102 onem
369 3067 503 3101 caussae:
529 3074 564 3100 ut
584 3065 653 3100 dixi
681 3061 760 3098 hinc
783 3062 859 3097 inde
884 3062 978 3106 saepe.
1006 3062 1109 3107 Atqui

249 3117 353 3152 caussa
365 3127 431 3150 non
447 3115 548 3160 potest
559 3112 774 3159 approximari
787 3111 827 3146 ad
838 3110 1043 3148 cauffandum
1056 3114 1109 3148 ali-

249 3178 348 3211 quem
361 3167 508 3200 efsestum
519 3190 530 3206 ‚
557 3165 649 3209 cujus
662 3175 728 3199 non
742 3163 841 3198 habet
860 3163 1039 3206 potentiam
1053 3175 1108 3198 ca-

249 3216 438 3251 uffativam:
465 3215 545 3261 ergo
558 3214 701 3250 similiter
714 3225 778 3248 vox
791 3225 858 3247 non
871 3213 972 3255 potest
994 3214 1106 3258 suppo-

249 3267 286 3301 ni
300 3266 339 3300 ad
352 3265 593 3310 significandam
604 3265 745 3310 aliquam
759 3275 824 3298 rem
836 3287 846 3304 ,
873 3261 962 3304 cujus
974 3275 1040 3298 non
1055 3263 1106 3299 ha-

250 3316 306 3351 bet
316 3315 495 3359 potentiam
508 3314 770 3360 significativam:
799 3313 943 3355 adeoque
956 3324 1021 3347 vox
1030 3315 1105 3348 sem-

250 3376 307 3410 per
330 3365 509 3410 significare
535 3363 789 3408 aptitudinaliter
813 3361 907 3397 debet
931 3362 1012 3397 illud
1033 3387 1045 3405 ,
1066 3366 1104 3400 ad
1171 3365 1320 3399 homines
1361 3366 1429 3399 suas
1478 3367 1663 3403 voluntates
1701 3395 1712 3411 ,

251 3414 339 3461 quod
349 3414 626 3461 fignificanduma
638 3414 793 3459 loquente
804 3412 1011 3460 supponitur.
1039 3452 1041 3454 v
1106 3463 1108 3465 v

331 3464 435 3507 christ.
449 3468 528 3507 Lupi
539 3470 636 3508 opera
657 3466 813 3499 Tam-XII.

1934 112 2025 156 215

1242 186 1296 222 40.
1314 175 1539 218 Dicose‘cundb:
1570 178 1675 214 Voces
1687 194 1753 217 non
1770 185 1890 227 semper
1901 183 1919 219 a
1931 185 2066 229 loquen-

1193 237 1226 261 ω
1238 229 1463 270 supponuntur
1483 226 1522 259 ad
1535 226 1744 269 significanda
1754 236 1866 268 omnia
1879 235 1934 269 illa
1958 258 1969 274 ‚
1992 247 2062 278 quae

1192 277 1450 319 aptitudinaliter
1473 276 1680 320 significant:
1710 283 1771 315 rive
1786 296 1880 319 voces
1891 297 1958 319 non
1985 287 2060 321 sem-

1192 337 1246 369 per
1258 328 1275 360 a
1288 327 1445 369 loquente
1459 327 1686 369 supponuntur
1701 340 1758 371 pro
1783 335 1934 368 omnibus
1954 335 2061 370 omni-

1192 375 1237 410 no
1248 377 1308 410 suis
1321 376 1507 420 fignificatis
1519 389 1533 418 ;
1560 376 1612 410 sed
1624 376 1802 420 aliquando
1813 393 1869 423 pro
1880 396 1992 418 eorum
2004 387 2062 420 ali·

1191 426 1324 470 quibus,
1351 425 1399 460 vel
1411 425 1521 469 aliquo
1531 435 1660 461 tantum
1675 450 1685 466 ,
1713 428 1887 469 aliquando
1899 446 1955 476 pro
1967 434 2032 469 hoc
2043 460 2055 476 ,

1190 476 1370 519 aliquando
1392 488 1450 519 pro
1472 477 1546 509 illo.
1575 477 1742 510 Probatur:
1777 479 1866 525 Qria
1890 493 1952 515 vox
1977 485 2059 518 bomo

1166 541 1169 543 ·
1190 527 1427 569 &generaliter
1438 529 1620 560 omnisvox
1631 538 1784 561 concreta
1809 528 2001 567 substantiva
2024 536 2060 568 fi-

1189 576 1326 620 gnificat
1341 576 1597 619 aptitudinaliter
1610 588 1758 612 naturam
1773 590 1848 612 cum
1875 580 2035 623 supposito
2050 597 2060 616 .-

1190 626 1388 669 suppositum
1404 626 1436 659 in
1453 628 1536 661 resto
1549 638 1564 667 ;
1589 637 1734 662 naturam
1750 628 1824 662 vero
1843 653 1852 668 ,
1867 641 1894 661 v.
1906 640 1939 673 g.
1951 630 2063 665 huma-

1189 676 1324 710 nitatem
1341 678 1374 710 in
1388 676 1546 720 obliquo.
1575 676 1678 721 Atqui
1694 688 1878 713 tamenvox
1893 679 1976 713 homo
1995 692 2062 715 non

1193 726 1225 758 su
1239 728 1391 769 pponitur
1414 728 1535 769 semper
1548 737 1606 768 pro
1618 726 1819 764 humanitate
1834 730 1926 764 fimul
1938 731 1972 764 ἀ
1994 732 2065 775 sup-

1188 776 1290 818 posito
1314 789 1324 819 ;
1369 775 1421 810 sed
1442 777 1638 820 quandoque
1658 789 1718 821 pro
1741 780 1806 813 sola
1833 778 2061 821 humanitate,

1187 825 1381 868 quandoque
1404 838 1460 869 pro
1474 828 1544 861 solo
1570 827 1730 871 supposito
1745 854 1752 862 .
1781 831 1871 875 Ergo
1885 842 1978 864 voces
1992 842 2059 864 non

1189 877 1309 918 semper
1330 878 1557 920 supponuntur
1579 889 1636 920 pto
1647 880 1740 912 omni
1754 880 1813 914 bus
1834 879 1974 914 omnino
1996 880 2060 914 suis

1188 925 1397 970 significatis,
1419 938 1486 969 qua:
1512 929 1773 972 aptitudinaliter
1798 931 1975 974 fignificare
1987 931 2060 974 pos-

1192 976 1281 1010 sunt,
1310 978 1400 1009 Patet
1425 982 1538 1011 minor:
1569 979 1605 1011 ln
1622 976 1682 1013 hac
1697 979 1909 1023 vulgatissima
1922 980 2062 1023 propoli-

1189 1025 1280 1059 tione
1302 1026 1332 1060 S.
1346 1025 1544 1070 Augustini:
1577 1031 1620 1061 Tu
1640 1030 1685 1062 ad
1705 1029 1890 1063 liberandum
1911 1029 2061 1074 susceptu·

1188 1086 1238 1108 rus
1261 1074 1427 1117 bominem,
1449 1077 1498 1110 vel
1525 1081 1602 1123 Dea<
1622 1077 1749 1121 suſsepit
1766 1079 1913 1114 hominem
1941 1105 1949 1112 .
1982 1080 2061 1116 Ubi

1191 1138 1256 1159 vox
1281 1125 1429 1159 bominem
1450 1127 1642 1169 supponitur
1663 1140 1721 1170 pro
1745 1131 1812 1164 sola
1834 1130 2060 1173 humanitate;

1192 1187 1258 1209 non
1278 1187 1386 1210 autem
1400 1187 1459 1219 pro
1477 1178 1635 1220 supposito
1650 1192 1660 1210 :
1685 1179 1705 1211 si
1726 1179 1813 1213 enim
1828 1192 1892 1214 vox
1914 1181 2060 1214 bominem

1189 1226 1288 1259 etiam
1312 1237 1371 1268 pro
1392 1227 1552 1269 supposito
1583 1228 1814 1271 supponeretur
1838 1254 1849 1270 ,
1883 1230 2060 1273 propositio

1189 1275 1271 1310 foret
1292 1276 1370 1309 falsa
1394 1288 1430 1310 ac
1452 1276 1595 1311 haeretica
1609 1291 1620 1310 :
1638 1288 1673 1312 ut
1700 1280 1795 1312 novit
1816 1281 1924 1313 omnis
1950 1279 2060 1313 Chris-

1190 1326 1312 1360 tianus.
1340 1325 1511 1370 Possetque
1535 1325 1600 1362 hoc
1623 1327 1729 1371 ipsum
1751 1330 1939 1364 confirmari
1962 1330 2060 1373 pluri·

1189 1375 1247 1410 bus
1258 1375 1412 1419 exemplis
1423 1401 1434 1416 ,
1452 1387 1639 1429 quaetamen
1655 1402 1666 1418 ‚
1679 1390 1721 1412 ne
1732 1379 1787 1413 sim
1799 1380 1930 1424 longior
1940 1404 1950 1420 ,
1962 1379 2060 1414 omit·

1189 1436 1248 1460 to.-
1268 1426 1432 1469 multaque
1443 1434 1614 1462 occurrent
1636 1426 1712 1464 hinc
1746 1430 1823 1464 inde
1846 1431 1880 1464 in
1905 1430 2058 1464 decursu.

1189 1482 1228 1508 Ac
1252 1483 1328 1509 ram
1345 1475 1526 1517 conclufionis
1547 1479 1567 1510 ἃ
1587 1483 1680 1520 priori
1700 1479 1758 1519 est:
1792 1480 1882 1527 Qia
1902 1481 2060 1524 significa«

1188 1527 1237 1560 tio
1249 1526 1476 1570 aptitudinalis
1489 1525 1584 1560 habet
1608 1528 1638 1560 se
1662 1528 1703 1561 ad
1727 1530 1978 1571 suppositionem
1995 1553 2006 1569 ‚
2025 1530 2061 1562 fi·-

1187 1586 1242 1610 cut
1257 1577 1287 1609 se
1299 1575 1395 1613 habet
1404 1575 1551 1619 potentia
1563 1576 1729 1617 cauffandi
1741 1579 1782 1611 ad
1797 1580 2059 1621 applicationem:

1187 1627 1276 1671 atqui
1290 1626 1395 1660 caussa
1409 1637 1475 1659 non
1491 1626 1612 1669 semper
1626 1626 1807 1670 applicatur
1816 1629 1858 1661 ad
1870 1628 2061 1662 enarrandos

1186 1688 1302 1712 omnes
1329 1676 1480 1716 effeetus,
1510 1687 1591 1720 quos
1614 1678 1900 1721 caussarepotest3
1927 1678 1981 1712 sed
2004 1677 2061 1712 ali·-

1187 1728 1320 1770 quando
1342 1727 1522 1773 applicatur
1543 1725 1671 1760 tantum
1694 1727 1734 1762 ad
1752 1725 1816 1762 ‚hos
1840 1753 1850 1768 ,
1884 1728 2061 1772 aliquando

1187 1780 1315 1813 tantum
1333 1778 1372 1812 ad
1384 1778 1462 1811 istos
1474 1789 1526 1811 :v.
1538 1789 1570 1823 g.
1594 1776 1700 1813 homo
1715 1779 2061 1822 non-applicatursem=

1188 1840 1243 1871 per
1263 1829 1304 1862 ad
1329 1826 1505 1863 videndum
1527 1854 1538 1871 ,
1564 1827 1767 1864 audiendum
1796 1853 1806 1869 ,
1838 1828 2061 1872 gustandum,

1186 1878 1457 1922 imaginandum,
1480 1880 1542 1913 ἀς.
1563 1881 1675 1922 simul;
1704 1879 1756 1912 sed
1767 1879 1949 1921 applicatur
1961 1890 2063 1922 quan-

1187 1928 1297 1969 doque
1330 1929 1570 1961 tantummodo
1596 1929 1636 1962 ad
1658 1927 1837 1964 videndum
1864 1955 1876 1971 ‚
1912 1931 2060 1971 quando·

1187 1986 1249 2018 que
1284 1976 1513 2010 tantummodo
1538 1977 1579 2011 ad
1605 1977 1801 2014 audiendum
1824 1995 1837 2019 ,>
1871 1981 1936 2014 διε.
1970 1979 2061 2024 Ergo

1186 2025 1331 2058 similiter
1351 2036 1416 2058 vox-
1439 2037 1505 2059 non
1526 2027 1647 2071 semper
1678 2029 1837 2073 applicari·
1857 2030 1891 2063 δε
1922 2027 2062 2073 supponi

1185 2074 1281 2107 debet
1304 2073 1343 2106 ad
1364 2075 1578 2118 significanda
1606 2079 1720 2111 omnia
1748 2102 1759 2117 ,
1784 2090 1855 2121 quae
1880 2079 2060 2124 significare

1185 2121 1310 2164 potest3
1336 2121 1389 2155 scd
1417 2123 1614 2166 quandoque
1642 2126 1780 2168 supponi
1803 2129 1907 2171 potest
1929 2130 1970 2163 ad
1991 2140 2060 2163 tan-

1186 2170 1359 2205 tummodo
1386 2171 1639 2216 significandum
1665 2174 1730 2210 hoc
1753 2200 1764 2217 ‚
1791 2178 1991 2222 quandoque
2010 2178 2061 2217 ,ad

1183 2220 1416 2254 tantummodo
1439 2223 1691 2265 significandum
1720 2226 1801 2260 illud
1825 2252 1833 2260 .
1875 2227 1963 2262 Nam
1993 2240 2060 2263 vox

1182 2270 1370 2311 supponitur
1397 2270 1437 2303 ad
1476 2271 1735 2314 significandum
1767 2276 1850 2310 illud
1872 2298 1883 2315 ,
1921 2279 2010 2320 quod
2038 2279 2063 2314 ὲ

1182 2318 1337 2361 loquente
1362 2318 1533 2362 significari
1566 2321 1771 2356 intenditur:
1798 2326 1888 2366 atqui
1917 2326 2058 2369 loquens

1182 2379 1249 2401 non
1278 2369 1399 2411 semper
1426 2369 1571 2403 intendit
1597 2370 1746 2406 audienti
1783 2372 1962 2418 significare
1987 2387 2060 2411 om-

1181 2418 1236 2451 nia
1266 2419 1355 2451 vocis
1382 2418 1581 2462 significata;
1606 2421 1657 2455 sed
1685 2423 1884 2466 quandoque
1911 2426 2056 2461 intendit

1180 2467 1358 2512 significare
1385 2467 1472 2507 hoc,
1498 2471 1697 2514 quandoque
1726 2473 1868 2507 intendit
1895 2474 2055 2519 significa-

1179 2529 1210 2551 re
1239 2517 1340 2552 illud:
1369 2529 1450 2563 ergo
1476 2519 1576 2554 etiarn
1603 2532 1668 2555 vox
1696 2533 1763 2556 non
1794 2524 1914 2567 semper
1940 2526 2054 2569 suppo·-

1179 2567 1267 2601 nitur
1304 2567 1346 2603 ad
1388 2568 1598 2612 significanda
1626 2572 1740 2606 omnia
1769 2573 1822 2607 sua
1849 2574 2048 2619 fignificata;

1178 2617 1228 2650 sed
1255 2617 1452 2661 quandoque
1478 2618 1518 2652 ad
1546 2620 1800 2664 significandum
1826 2621 1892 2659 hoc
1917 2649 1928 2665 ,
1954 2636 2055 2670 quam

1176 2667 1282 2711 doque
1308 2666 1347 2701 ad
1373 2668 1623 2712 significandum
1653 2671 1753 2706 illud.
1812 2694 1814 2697 -

1224 2728 1285 2763 41.
1323 2721 1394 2750 Dico
1420 2724 1533 2752 tertio:
1573 2718 1652 2754 Vox
1679 2721 1721 2755 de
1760 2722 1832 2764 Jure
1870 2724 2054 2767 significare

1176 2769 1246 2800 astu
1287 2767 1383 2802 debet
1422 2768 1505 2802 illud
1530 2794 1540 2810 ‚
1594 2770 1635 2805 ad
1673 2772 1760 2815 quod
1798 2772 2049 2817 significandum

1174 2818 1192 2850 a
1231 2817 1384 2860 loquente
1421 2819 1614 2861 supponitur
1641 2846 1650 2854 .
1687 2822 1838 2855 Probatur
1853 2843 1855 2846 <
1873 2822 1923 2856 hoc
1950 2837 1957 2856 :
2008 2825 2049 2859 In

1174 2867 1286 2910 primis
1324 2878 1365 2900 ex
1403 2868 1557 2903 omnibus
1584 2870 1650 2904 illis
1684 2871 1806 2914 juribus
1833 2897 1844 2912 ‚
1897 2885 1968 2917 quae
2003 2874 2053 2909 di*

1171 2928 1251 2950 cunt
1280 2929 1376 2951 voces
1402 2919 1463 2952 esse
1488 2918 1724 2964 intelligendas
1762 2922 1803 2956 ab
1840 2923 2047 2959 audientibus

1153 2965 1260 3008 -juxta
1274 2969 1411 3009 sensum,
1438 2978 1580 3003 mentem
1596 2993 1606 3008 ‚
1634 2971 1899 3008 &intentionem
1911 2974 2047 3018 loquen-

1170 3017 1280 3057 tium,
1324 3018 1413 3061 quod
1449 3017 1533 3052 nihil
1569 3019 1657 3054 aliud
1688 3022 1796 3056 dicere
1829 3024 1873 3058 est
1903 3049 1912 3064 ‚
1946 3035 2048 3067 quam

1169 3067 1257 3110 quod
1296 3078 1391 3102 voces
1424 3068 1465 3102 de
1499 3069 1572 3112 Jure
1609 3070 1730 3105 debent
1763 3074 1834 3107 astu
1868 3074 2049 3118 significare·

1170 3116 1277 3157 illud,
1299 3118 1340 3151 ad
1362 3117 1451 3161 quod
1478 3118 1723 3162 significandum
1748 3121 1766 3155 a
1794 3123 1949 3165 loquente
1974 3125 2044 3169 sup-

1169 3177 1335 3209 ponuntur
1368 3192 1375 3199 .
1404 3170 1449 3199 Et
1484 3174 1564 3200 ratio
1588 3170 1625 3211 est
1675 3173 1759 3205 clara
1783 3186 1794 3205 .·
1833 3174 1921 3220 Quia
1949 3184 2045 3209 voce!

1168 3217 1239 3250 sunt
1262 3217 1475 3250 instrumenta
1512 3217 1662 3254 humanae
1696 3223 2008 3258 communicationis
2033 3236 2046 3258 .·

1168 3267 1240 3299 sunt
1267 3265 1414 3300 vehicula
1439 3276 1627 3304 mutuorum
1651 3281 1869 3316 conceptuum
1890 3299 1902 3315 ,
1939 3285 2042 3309 mutu.

1168 3326 1322 3358 arumque
1365 3315 1569 3351 voluntatum
1606 3332 1614 3351 ι
1649 3322 1723 3355 sunt
1756 3323 1842 3366 ligna
1875 3347 1888 3363 ‚
1925 3323 2043 3368 quibus

1760 3373 1894 3416 suosque
1927 3383 2043 3407 conce-

1171 3425 1244 3460 ptus
1282 3415 1339 3450 sibi
1378 3426 1495 3452 mutuo
1532 3419 1742 3456 manifestant
1762 3445 1771 3455 .
1799 3422 1902 3459 Unde
1922 3422 2042 3457 debent

1582 3468 1620 3501 T
1668 3481 1691 3507 2
1923 3470 2005 3515 apud
