2384 3770
83 1092 219 1137 Epistol.

85 1153 164 1190 239-

89 1419 182 1465 Epist
189 1419 235 1456 ol.

85 1479 164 1518 225.

82 1597 149 1631 Ser.
174 1606 232 1644 49.

81 1644 125 1680 de
135 1646 235 1682 diver.

79 1706 149 1741 cap.
179 1709 210 1734 ι.

81 2100 160 2144 Cap.
177 2097 227 2138 18-

73 3002 147 3047 Epi.
166 3003 224 3049 46.

70 3063 127 3102 47.
146 3061 188 3099 25
194 3053 226 3090 6.

70 3227 133 3272 Ep.
147 3238 222 3276 147.

67 3351 126 3397 ΕΡ·
166 3353 218 3393 81.

676 117 1017 164 SA‘Ncrr

258 214 315 239 tas
332 199 510 238 scelestas.
538 201 668 249 Quinta
690 204 724 237 in
750 202 801 238 his
825 204 942 237 verbis.
970 199 1066 241 Vestes
1087 212 1136 236 ve.

1099 111 1661 166 'Avarus-rtur.

1968 130 2011 166 Ὀ,
2019 134 2041 178 5

1198 200 1343 244 aliosque
1366 198 1400 234 id
1420 210 1524 244 genus
1537 200 1754 237 Ere-mitarum
1775 204 1907 240 suorum
1927 203 1964 239 in
1977 204 2082 250 publi-

254 252 336 295 ,βαι
355 255 389 284 tn
408 262 501 286 unum
519 251 677 287 habebatis
692 253 748 297 sub
758 265 814 288 uno
822 252 951 293 custode,
979 253 1137 286 neatinea
1198 261 1274 285 cum
1288 250 1471 294 progressus
1482 249 1873 296 respiciensAugustinus
1894 255 1931 290 in
1948 254 2082 302 Regula

259 303 429 337 laedantur.
450 303 523 338 Nec
537 301 647 338 hocin
663 303 822 340 Eremitas
833 302 970 346 quadrat
979 325 989 342 ,
999 301 1056 346 qui
1069 302 1134 335 uni-

259 362 299 387 ca
317 353 467 387 contenti
487 354 599 388 tunica
617 364 688 387 non
711 352 852 387 habuere
873 353 974 388 vestes
995 361 1136 387 mutato·

261 401 341 438 rias.
368 403 463 438 Sexta
475 404 509 438 in
523 402 574 436 his
585 401 689 436 verbis
699 427 706 435 .
736 403 917 443 Vestimenta
928 403 1024 443 vestra
1037 401 1136 445 seeun-

259 453 333 486 dum
352 453 514 487 arbitrium
537 451 694 494 Praepositi
712 453 855 487 laventur
876 479 887 494 ,

259 508 371 536 animae
387 502 487 546 sordes
504 500 661 536 contrahat
686 505 806 538 mundae
826 503 916 547 vestis
927 508 1037 538 nimius
1047 511 1133 546 appt-

257 557 352 589 titus.
378 553 467 600 Qia
487 551 682 587 Eremiticus
701 555 813 589 saccus
835 566 904 590 non
914 555 1030 600 egebat
1040 553 1136 589 lotio·

258 613 316 637 ne.
341 604 485 646 Septima
505 600 647 647 denique
666 604 701 637 in
723 602 773 639 his
792 604 896 640 verbis
916 630 924 638 .
964 609 1136 639 Lavacrum

258 658 349 691 etiam
357 658 483 694 corporis
495 655 616 687 minime?
625 655 785 699 denegetur
794 680 806 697 ,
830 667 924 699 neque
938 665 1010 690 eant
1020 656 1065 689 ad
1074 654 1137 688 bal·

257 714 316 739 ma
336 707 436 736 minus
454 714 545 746 quam
554 706 611 737 duo
623 705 674 738 vel
685 714 747 739 tres
761 731 768 738 .
797 706 951 741 Eremitae
962 707 1051 741 enim
1066 714 1133 738 non

256 751 476 794 balneabant,
503 754 592 789 unde
611 756 737 789 sanstus
757 757 952 802 Fulgentius
972 757 1071 791 etiam
1100 757 1134 788 in

256 802 323 840 :fine
341 802 414 836 vitae
432 803 496 838 suae
517 805 677 839 recusavit
697 805 849 840 balneum
861 816 1029 850 tamquam
1051 806 1070 839 ὲ
1082 805 1137 838 sua

256 852 453 896 profeffione
471 853 617 888 alienum
631 879 638 887 .

308 901 434 937 Verum
453 903 638 939 Pennottus
658 905 769 949 quaerit
789 906 915 940 nodum
937 908 972 942 in
996 907 1100 951 scirpo
1130 930 1137 937 -

254 949 313 987 Ad
338 952 480 997 primum
508 979 520 996 ‚
555 964 634 998 peto
661 955 749 990 unde
774 955 926 992 didicerit
951 957 1139 994 Pennottus

253 1002 410 1038 Eremitis
435 1003 639 1040 interdictam
665 1007 759 1040 fuisse
797 1017 1008 1042 communem
1036 1007 1138 1044 bono·

254 1064 328 1088 rum
350 1053 573 1089 immobilium
592 1056 837 1099 possessionem?
872 1057 957 1092 Sane
979 1058 1136 1103 Augusti-

253 1114 317 1138 nus
340 1105 448 1148 palam
470 1104 553 1140 dicit
572 1109 774 1141 contrarium
795 1106 829 1140 in
843 1107 989 1150 Epistola
1000 1109 1041 1142 ad
1068 1110 1138 1143 Ali·

255 1153 368 1197 pium‚
394 1166 496 1199 agens
515 1154 556 1189 de
579 1157 780 1199 patrimonio
797 1158 905 1191 fratris
929 1158 1100 1194 Honorati
1121 1159 1139 1194 ὲ

254 1203 449 1249 Tagastensi
471 1204 674 1240 Eremitorio
694 1208 843 1250 assumpti
868 1206 909 1241 ad
933 1208 1137 1253 Presbytera-

253 1263 327 1291 tum
348 1253 496 1290 Ecclefiae
518 1254 736 1290 Thianensis.
763 1257 877 1291 Palam
899 1258 947 1292 ibi
964 1258 1047 1294 dicit
1071 1270 1136 1294 tam

253 1302 446 1348 Tagastensi
458 1314 557 1346 quam
569 1304 606 1337 H
610 1305 775 1348 ipponensi
790 1306 1008 1342 Eremitarum
1019 1320 1134 1345 mona-

253 1352 355 1388 sterio
375 1363 567 1388 communes
589 1354 681 1389 fuisse
699 1356 846 1391 fundos.-
866 1358 910 1392 Et
934 1357 969 1392 in
984 1358 1133 1403 Epistola

253 1402 295 1438 ad
308 1403 468 1438 Albinam
488 1405 623 1440 testatur
633 1407 790 1449 pauculos
805 1409 882 1441 suos
892 1418 1045 1451 paternos
1056 1410 1136 1454 agel.-

255 1454 305 1487 los
325 1454 343 1487 a
365 1455 397 1488 se
417 1455 558 1489 donatos
579 1456 692 1497 fuisse,
720 1468 789 1491 non
813 1458 1023 1501 Hipponensi
1047 1482 1058 1499 ,
1083 1460 1136 1495 sed

255 1503 445 1548 Tagastensi
458 1506 604 1540 Eccleliae
613 1531 624 1547 ,
652 1506 686 1541 id
698 1507 741 1541 est
756 1531 767 1548 ‚
776 1508 975 1543 monasterio
987 1508 1137 1544 Ecclefiae

253 1554 462 1599 Tagastenfis
473 1580 480 1588 .
507 1556 601 1591 Hinc
613 1567 755 1599 namque
776 1558 812 1592 in
825 1559 974 1594 sermone
987 1561 1136 1604 populari

253 1603 336 1639 dicit
360 1606 392 1638 se
413 1604 649 1651 nihilTagasta
669 1607 867 1652 Hipponem
889 1609 1053 1652 attulisse,
1079 1611 1136 1645 nifi

254 1654 444 1691 vestimenta
456 1681 466 1697 ‚
480 1657 598 1701 quibus
609 1666 688 1692 tunc
699 1658 899 1694 induebatur
909 1672 921 1692 .·
950 1659 1038 1707 Qia
1050 1672 1138 1696 nem-

253 1716 293 1749 pe
317 1716 418 1740 omne
444 1707 679 1750 patrimonium
709 1709 909 1745 monasterio
941 1709 1134 1755 Tagastensi

250 1755 318 1798 jam
341 1755 501 1798 donarat,
530 1758 827 1800 nonclericorum,
853 1760 943 1805 quod
968 1760 1135 1797 adhucibi

250 1805 381 1840 nullum
403 1817 490 1848 erat,
503 1808 555 1842 sed
569 1809 764 1844 monasterio
780 1810 999 1846 Eremitarum
1012 1837 1019 1845 .
1040 1811 1135 1848 Patet

249 1855 362 1899 itaque
374 1855 580 1893 Pennottum
596 1858 651 1894 hic
663 1861 776 1895 misere
789 1860 1001 1896 hallucinari.

300 1906 358 1940 Ad
377 1907 556 1942 secundum
577 1909 674 1952 dico,
699 1922 737 1945 ea
758 1912 854 1946 verba
867 1913 1010 1947 omnino
1020 1912 1135 1948 cadere

250 1953 286 1987 in
306 1954 405 1988 vilem
429 1957 646 1991 Eremiticurn
667 1959 815 1993 habitum
846 1984 854 1992 .
892 1961 1026 1995 Fatetur
1045 1973 1133 1997 nam-

250 2013 313 2046 que
332 2003 519 2039 Pennottus
528 2005 683 2049 ejusmodi
698 2008 796 2043 vilem
809 2008 959 2044 habitum
970 2011 1133 2055 gestatum

251 2053 345 2086 fuisse
363 2053 380 2086 ὲ
402 2054 508 2088 sancto
529 2056 728 2100 Fulgentio:
757 2059 802 2091 Et
825 2067 935 2092 tamen
948 2059 989 2093 de
1000 2061 1071 2103 ipso
1084 2062 1132 2095 di-

248 2101 303 2135 cio
311 2102 377 2144 jam
396 2102 477 2145 saepe
495 2104 615 2138 citatus
637 2105 830 2148 incognitus
859 2106 988 2141 Austor
1007 2132 1019 2147 ,
1039 2109 1130 2151 Casu-

244 2152 308 2186 tam
319 2150 483 2195 pretiosam
493 2154 546 2187 vel
549 2152 674 2195 superbi
688 2156 787 2188 colom
805 2167 855 2189 nec
879 2156 943 2200 ipse
962 2156 1070 2192 babuit
1081 2170 1131 2193 nec

244 2201 400 2237 monachos
416 2201 489 2243 suos
511 2202 620 2237 babere
628 2204 779 2246 permisit.
806 2206 886 2240 Hoc
894 2206 962 2248 est,
990 2208 1097 2243 voluit
1110 2209 1127 2243 ὲ

246 2252 314 2286 suis
334 2250 505 2286 monachis
518 2252 583 2287 hoc
595 2253 734 2298 Regulae
745 2258 901 2298 punctum
912 2257 1127 2293 observatum.

245 2300 294 2334 Et
320 2300 426 2342 quivis
452 2300 631 2345 Augustini
654 2303 784 2338 sedulus
810 2306 929 2340 Lestor
966 2308 1061 2342 novit
1087 2309 1130 2344 ab

245 2349 332 2389 illo,
356 2358 433 2385 non·
450 2350 556 2385 solum
578 2350 633 2386 hic
645 2352 678 2386 in
692 2352 837 2398 Regula,
868 2355 919 2389 sed
933 2356 967 2390 &
978 2356 1057 2391 alibi
1071 2358 1132 2393 fre·

245 2408 383 2443 quenter
392 2401 485 2444 argui
497 2405 554 2435 eo's
564 2425 575 2441 ,
602 2402 657 2446 qui
671 2402 706 2437 in
726 2405 819 2438 sacco
829 2405 863 2439 δε
873 2406 981 2441 cinere
991 2407 1128 2443 nimiam

242 2449 447 2493 vmunditiam
472 2459 619 2494 quaerunt
654 2453 688 2486 δε
721 2453 863 2489 nitorem
893 2480 900 2488 .
936 2456 1129 2503 Eodemque

245 2498 350 2533 modo
368 2500 567 2542 respondens
586 2500 627 2535 ad
651 2503 798 2545 sextum,
824 2505 959 2540 remitto
984 2507 1128 2544 pennot-

244 2559 317 2584 tum
338 2548 379 2584 ad
401 2550 512 2585 fratres
528 2550 701 2593 Minores,
729 2564 939 2598 rogaturum,
967 2569 1047 2592 num
1071 2558 1126 2603 ipsi

243 2599 342 2634 vilem
364 2600 460 2635 suum
482 2599 631 2636 habitum
656 2614 825 2647 nunquam
845 2606 907 2641 sint
917 2607 1066 2643 consueti
1083 2610 1123 2644 la-

243 2660 334 2687 vate.

293 2699 350 2733 Ad
372 2700 508 2735 tertium
522 2702 621 2742 dico,
648 2713 686 2737 ea
704 2705 798 2741 verba
825 2717 923 2750 quam
940 2706 1067 2753 optime
1077 2708 1127 2743 di-

242 2749 307 2793 rigi
328 2747 369 2783 ad
389 2750 550 2787 Eremitas
565 2777 572 2784 .
596 2752 755 2788 solebant
781 2767 922 2800 namque
947 2759 989 2793 de
1002 2760 1127 2794 Eremis

241 2800 305 2833 suis
324 2800 510 2843 frequenter
531 2803 661 2847 egredi.
687 2803 844 2840 Testatur
864 2809 955 2842 enim
979 2818 1046 2843 tam
1061 2809 1127 2844 Au-

241 2848 391 2894 gustinus
412 2863 511 2895 quam
523 2854 647 2887 sanstus
660 2855 828 2890 Salvianus
842 2856 1025 2902 Episcopus
1037 2859 1123 2894 Mas-

240 2900 373 2934 filienfis
392 2911 449 2935 eos
472 2903 657 2947 frequenter
679 2908 858 2948 apparuisse
892 2907 1096 2954 Carthagine
1116 2935 1126 2951 ,

239 2950 348 2985 caussa
368 2950 498 2994 pietatis
519 2963 575 2986 aut
601 2954 743 2989 aliorum
770 2957 983 3001 negotiorum
1006 2984 1013 2990 .
1041 2959 1125 2995 Item

240 3000 437 3035 Cresconius
457 3002 490 3036 ὅ(
503 3003 599 3038 Felix
610 3003 797 3041 Adrumeto
810 3008 1016 3050 Hipponem,
1028 3010 1126 3046 frater

239 3059 348 3087 autem
359 3052 476 3087 Florus
490 3053 676 3090 Adrumeto
687 3056 944 3098 Uzalim,Uzali
956 3058 1126 3105 Carthagi-

238 3112 315 3136 nem
334 3102 531 3139 ambulavit.
561 3106 711 3140 Evodius
723 3108 913 3142 monasterii
929 3109 1125 3153 Hipponen-

236 3155 277 3189 sis
298 3151 391 3189 Prior
409 3156 521 3197 paffim
543 3157 771 3200 frequentabat
781 3159 868 3192 cives
882 3158 1123 3203 Hipponenses,

236 3214 336 3249 atque
357 3205 394 3238 in
418 3215 533 3240 eorum
555 3206 710 3241 domibus
732 3219 801 3242 non
826 3209 921 3243 semel
946 3220 1020 3243 cum
1038 3211 1123 3256 Hip-

236 3254 432 3300 ponenfium
454 3255 707 3291 Donatistarum
731 3259 897 3302 Episcopo
921 3258 1123 3296 Proculiano

236 3306 430 3350 disputavit.
458 3306 622 3341 Eustatius
635 3308 669 3342 &
684 3308 834 3344 Andreas
853 3310 894 3343 de
918 3309 1121 3354 Caprariensi

235 3357 436 3393 Eremitorio
446 3358 559 3402 egreffi
572 3359 691 3393 suntin
703 3370 853 3403 campum
866 3359 1042 3396 militarem
1055 3386 1066 3404 ,
1080 3364 1122 3397 se·

233 3408 303 3442 cuti
325 3407 486 3443 Mazoezil
503 3409 676 3453 perduellis
698 3409 855 3444 Gildonis
878 3410 1026 3452 fratrem,
1053 3412 1122 3456 ejus

232 3456 379 3502 gladium
402 3458 468 3493 suis
486 3459 693 3495 orationibus
705 3459 847 3503 adjuturi
868 3486 874 3494 .
900 3460 1011 3497 Hosce
1019 3472 1099 3508 ergo
1112 3486 1125 3506 ,

320 3507 426 3550 christ.
449 3512 529 3552 Lupi
539 3515 636 3553 Opera
648 3513 727 3544 Tom.
740 3513 813 3544 XII.

1173 2430 1178 2484 Ι

1171 2879 1173 2886 ⁴

1161 3148 1172 3500 J

1200 302 1254 335 sua
1273 299 1379 334 edixit
1398 300 1466 344 jam
1488 299 1626 335 addusta
1638 301 1735 335 verba
1748 327 1756 334 .

1246 348 1302 384 Ad
1311 359 1463 393 quartum
1473 349 1656 395 respondeo
1668 374 1679 390 ‚
1705 362 1743 385 ea
1757 352 1890 396 Regula
1901 356 1999 391 verba
2010 367 2082 404 non

1198 399 1370 445 intelligia
1380 399 1552 435 Pennotto
1564 424 1575 440 ,
1603 401 1694 435 suam
1707 401 1931 439 Ecclesiasticae
1940 406 2082 449 antiqui·

926 465 962 488 ne
984 459 1134 487 interiores
1197 450 1272 485 tatis
1294 450 1493 494 imperitiam
1517 450 1659 485 nimium
1670 449 1838 486 clareillic
1847 455 2002 492 professo.
2029 458 2080 492 Ea

1199 498 1292 535 verba
1311 512 1520 545 nequaquam
1537 501 1659 535 cadunt
1679 500 1715 535 in
1734 501 1915 546 Regulares
1927 504 2082 550 Augusti»

1198 550 1232 584 ni
1252 550 1450 585 canonicos.
1479 551 1530 585 Hi
1550 562 1692 594 namque
1713 549 1794 586 dum
1817 552 1854 585 in
1878 551 2022 591 Ecclesia
2044 557 2083 591 fi,

1198 601 1267 634 mul
1285 602 1410 641 essent,
1436 612 1505 637 non
1527 602 1563 636 in
1586 601 1756 641 ambone,
1782 603 1837 636 seu
1857 603 1944 638 atrio
1966 608 2083 650 populi

1198 662 1276 684 cum
1298 652 1438 686 faeminis
1459 662 1574 692 erant,
1604 652 1657 686 sed
1679 652 1715 686 in
1729 652 1999 690 secretariointra
2010 666 2084 691 can-

1198 701 1320 742 cellos,
1346 712 1413 745 quo
1436 702 1547 736 nullus
1568 700 1711 736 omnino
1734 700 1837 738 laicus
1845 725 1857 742 ‚
1884 714 1928 738 ne
1949 705 2086 749 quidem

1200 750 1266 794 ipse
1293 753 1465 786 Romanus
1486 751 1668 797 Imperator
1685 752 1851 794 intrabat,
1876 753 1927 787 uti
1942 764 2032 798 patet
2042 768 2088 791 ex

1200 812 1239 835 ea
1264 802 1389 845 repulsa
1407 827 1418 843 ,
1445 813 1543 846 quam
1575 802 1763 838 Mediolani
1793 803 1829 838 in
1851 803 2013 846 ejusmodi
2039 807 2088 841 in-

1201 853 1306 897 gressu
1331 851 1544 887 Theodosius
1565 852 1608 888 ab
1629 852 1809 888 Ambrosio
1829 853 1875 888 est
1888 856 2010 898 passus.
2025 857 2088 898 Ita,

1201 904 1335 945 inquam
1352 927 1363 942 ‚
1391 902 1489 937 fiebat
1508 903 1543 937 in
1561 903 1811 939 omniEcclesia
1823 904 1962 940 Latinae.
1993 907 2089 941 Grae«

1201 953 1234 985 ci
1253 952 1330 986 vero
1344 952 1533 997 Augustum
1554 953 1774 989 admittebant
1798 955 1885 990 intra
1897 957 2066 992 cancellos
2079 982 2088 990 .

1202 1002 1307 1036 Hunc
1331 1002 1420 1035 enim
1441 1002 1658 1038 Ecclesiarum
1681 1005 1842 1040 diversum
1856 1016 1982 1042 morem
1993 1007 2091 1053 igno-

1203 1063 1276 1086 rans
1302 1050 1516 1086 Theodosius
1534 1077 1545 1094 ,
1587 1055 1665 1096 quia
1687 1055 1982 1100 Constantinopoli
2002 1059 2090 1093 intra

1204 1102 1372 1137 cancellos
1399 1101 1523 1137 adstare
1555 1102 1681 1138 solebat
1706 1103 1874 1149 Episcopo
1895 1106 2054 1143 Nestario
2078 1134 2091 1150 ‚

1205 1152 1338 1197 putabat
1359 1153 1393 1187 ὃ(
1415 1151 1602 1187 Mediolani
1624 1154 1689 1188 sese
1712 1154 1891 1189 Ambrosio
1917 1158 2090 1193 associare.

1204 1204 1350 1246 Hocque
1371 1202 1545 1237 discrimen
1571 1203 1729 1248 Episcopi
1747 1205 1853 1239 Graeci
1874 1206 1944 1249 post
1964 1209 2091 1243 sextam

1203 1252 1378 1297 Synodurn
1405 1253 1598 1299 congregati
1623 1255 1657 1287 in
1685 1254 1810 1292 Trullo
1837 1256 2036 1302 redegerunt
2055 1258 2092 1292 in

1204 1303 1294 1338 hunc
1314 1314 1477 1339 canonem
1489 1327 1496 1336 ·
1524 1304 1616 1338 Nulli
1635 1310 1767 1339 omnium
1783 1328 1794 1345 ‚
1821 1311 1874 1349 qui
1887 1306 1927 1348 fit
1950 1312 1982 1340 in
2005 1311 2092 1344 laica·
2107 1299 2188 1345 Cap.
2205 1304 2265 1348 69·

1202 1365 1271 1388 rum
1291 1364 1411 1388 numero
1427 1377 1442 1398 ‚
1474 1355 1563 1388 liceat
1582 1360 1666 1388 intra
1682 1354 1801 1398 sacrum
1820 1357 1918 1391 altare
1939 1361 2057 1404 ingredi
2078 1372 2091 1392 t

1205 1404 1250 1437 Ab
1274 1415 1307 1438 eo
1326 1413 1430 1438 tamen
1449 1415 1638 1448 nequaquam
1655 1405 1812 1447 prohibita
1826 1406 1971 1448 Potestate
1982 1411 2092 1444 &Au-

1203 1455 1342 1488 &oritate
1365 1459 1461 1499 Regta
1482 1479 1493 1495 ‚
1519 1458 1641 1497 quando
1660 1458 1780 1498 quidem
1799 1459 1926 1492 voluerit
1951 1463 2092 1494 Creatori

1202 1505 1282 1538 dona
1303 1503 1408 1544 offerre
1429 1518 1468 1540 ex
1478 1507 1674 1548 antiquifflma
1694 1506 1915 1550 consuetudine.
1943 1509 2092 1544 Proinde

1203 1554 1387 1589 Canonicis
1410 1555 1630 1601 Regularibus
1642 1580 1654 1596 ‚
1681 1557 1762 1591 dum
1773 1558 1867 1591 simul
1880 1567 1970 1593 erant
1983 1559 2017 1593 in
2030 1559 2094 1594 Ec-

1201 1605 1293 1639 clesia
1305 1630 1316 1646 ,
1342 1605 1472 1640 nullum
1484 1607 1613 1648 penitus
1631 1608 1893 1651 eratpericulum
1902 1608 2092 1653 adspicien-

1201 1655 1317 1690 darum
1334 1655 1555 1691 faeminarum.
1580 1656 1672 1691 Dico
1684 1657 1793 1700 itaque
1807 1658 2093 1703 Augustinumlo·

1202 1707 1259 1750 qui
1283 1706 1498 1742 conformiter
1512 1708 1554 1742 ad
1579 1705 1665 1741 hanc
1679 1706 1909 1752 Apostolicam
1922 1710 2089 1746 constitu-

1201 1758 1329 1792 tionem
1348 1757 1535 1792 Clementis
1561 1757 1708 1793 Romani
1727 1785 1735 1792 .
1766 1759 2010 1796 Eucharistiam
2028 1761 2091 1805 pri·

1199 1806 1257 1842 md
1274 1806 1375 1851 sumat
1394 1808 1584 1851 Episcopus,
1615 1811 1722 1843 deinde
1750 1812 1943 1851 Presbyteri,
1970 1813 2090 1846 &Dim
2105 1803 2262 1844 Lib.8.c‚

1198 1863 1285 1899 coni,
1311 1860 1346 1893 (δ’
1372 1860 1569 1901 Hypodiaconi
1588 1883 1597 1899 ,
1629 1862 1663 1893 (ν’
1689 1859 1858 1904 Anagntstae
1880 1885 1892 1902 ‚
1924 1862 1958 1895 (ν
1978 1867 2090 1898 Canto-
2105 1866 2163 1896 20.

1197 1920 1268 1948 res,
1295 1909 1329 1942 (vt
1347 1907 1456 1950 Ascetae
1473 1935 1484 1951 ,
1511 1911 1546 1943 (9
1565 1920 1605 1942 ex
1627 1910 1800 1944 mulieribus
1825 1911 1996 1955 Dlaconissae
2015 1938 2027 1956 ‚
2055 1912 2090 1949 <9

1197 1963 1333 2001 virgines
1360 1959 1394 1991 (7
1413 1961 1517 1993 viduae
1527 1983 1537 1998 ‚
1562 1959 1660 2000 postea
1666 1966 1770 2003 pueri,
1798 1962 1833 1996 Θ·
1844 1968 1940 1997 omnIs
1948 1966 2091 2008 populus,

1198 2009 1301 2041 ordino
1310 2031 1322 2047 ‚
1347 2018 1413 2041 cum
1426 2010 1540 2050 pudore
1550 2011 1583 2042 (ν
1594 2017 1767 2045 reverentia
1776 2036 1788 2052 ,
1817 2011 1926 2056 absque
1935 2017 2070 2049 tumultu
2081 2041 2088 2048 .

1197 2058 1276 2090 Hoc
1297 2057 1415 2090 ordine
1441 2057 1568 2100 antiqui
1592 2059 1704 2094 fideles
1714 2060 1953 2098 Eucharistiam
1973 2076 2095 2100 comu-

1196 2104 1350 2139 nicabant
1363 2131 1370 2137 .
1398 2105 1519 2150 Neque
1544 2108 1621 2140 vero
1631 2120 1749 2143 omnes
1760 2110 1857 2146 istiin
1874 2115 1992 2149 eodem
2003 2116 2094 2158 loco,

1195 2155 1248 2189 sed
1270 2155 1361 2198 juxta
1383 2158 1603 2199 praescriptum
1618 2168 1737 2201 quarta:
1751 2162 1884 2203 Synodi
1896 2164 2093 2203 Toletanaez

1193 2207 1416 2239 sacramentum
1437 2206 1578 2249 firmatur
1603 2220 1634 2241 eo
1657 2210 1781 2251 ordine,
1809 2221 1845 2246 ut
1869 2215 2045 2249 sacerdotes
2058 2218 2093 2251 <⁰5
2109 2214 2191 2261 Cap.
2206 2224 2261 2267 17-

1196 2258 1314 2289 Levitae
1339 2265 1411 2290 ante
1436 2259 1535 2291 altare
1555 2266 1790 2301 communicent,
1815 2267 1850 2296 in
1876 2263 1959 2298 choro
1970 2266 2090 2309 clerus,

1193 2315 1284 2339 extra
1310 2304 1429 2339 chorum
1449 2309 1599 2349 populus.
1629 2309 1744 2352 Atque
1766 2310 1811 2344 ita
1838 2315 1999 2351 servarum
2008 2318 2091 2352 fuis-

1193 2357 1226 2390 se
1247 2357 1281 2389 in
1306 2358 1400 2390 omni
1422 2356 1553 2400 penitus
1579 2358 1638 2392 sub
1669 2361 1749 2394 caelo
1778 2360 1920 2398 Ecclesia
1946 2389 1958 2405 ,
1986 2367 2089 2403 fidem

1193 2406 1317 2440 faciunt
1339 2407 1520 2442 concilium
1541 2406 1766 2452 Laodicense‚
1791 2412 1934 2454 primum
1947 2414 2090 2453 Bracha·

1192 2457 1304 2497 rense,
1331 2457 1511 2492 secundum
1523 2457 1742 2501 Turonense‚
1771 2462 1902 2506 aliaque
1917 2465 2009 2509 plura
2020 2490 2032 2506 ‚
2045 2467 2089 2503 de

1192 2504 1309 2550 quibus
1330 2507 1389 2542 suo
1400 2517 1547 2552 tempore
1561 2533 1568 2540 .
1598 2509 1763 2546 Monachi
1776 2509 1888 2557 itaque
1899 2522 1998 2560 atque
2010 2516 2091 2552 Ere-i

1191 2557 1300 2598 mitae,
1327 2558 1404 2599 quia
1424 2556 1517 2593 domi
1538 2560 1601 2593 suae
1624 2571 1692 2595 non
1716 2562 1898 2605 Ecclefias,
1925 2566 1979 2600 sed
1991 2565 2088 2602 dum-

1192 2617 1283 2641 taxat
1304 2608 1457 2643 Oratoria
1476 2607 1641 2644 habebant
1659 2634 1669 2650 ,
1697 2611 1788 2647 statis
1813 2616 2016 2658 temporibus
2042 2616 2087 2652 ad

1189 2656 1399 2692 Parochiales
1425 2669 1462 2692 ac
1490 2658 1705 2695 Cathedrales
1734 2663 1893 2699 Ecclesias
1922 2666 2087 2702 sumendae

1191 2704 1401 2742 Eucharistiae
1421 2720 1459 2743 ac
1479 2709 1648 2745 audiendae
1660 2711 1863 2757 Episcopalis
1874 2715 1972 2750 miss‘ae
1981 2718 2087 2762 gratia

1188 2758 1435 2793 conveniebant
1455 2770 1493 2794 ac
1514 2762 1691 2796 convenire
1713 2762 1891 2799 debebant:
1922 2767 2087 2809 Dumque

1188 2809 1427 2850 convenirent,
1454 2813 1531 2853 quia
1554 2811 1634 2846 meri
1646 2812 1723 2847 laici
1734 2824 1851 2854 erant,
1877 2826 1946 2849 non
1958 2816 1994 2850 in
2005 2815 2086 2851 cho-

1188 2870 1225 2893 ro
1249 2859 1331 2892 intra
1344 2860 1510 2895 cancellos
1521 2886 1533 2902 ,
1560 2861 1614 2896 sed
1626 2862 1704 2897 foris
1714 2874 1789 2899 cum
1803 2864 1942 2899 faeminis
1953 2866 1986 2900 in
1999 2866 2086 2904 atrio

1191 2909 1303 2953 populi
1326 2911 1576 2954 permanebant.
1604 2912 1681 2947 Hos
1700 2912 1811 2957 itaque
1830 2925 2014 2952 conventus
2036 2927 2085 2951 re-

1188 2961 1324 3003 spiciens
1341 2960 1546 3005 Augustinus
1568 2962 1649 2996 dicit
1673 2963 1826 2999 Eremitis
1847 2965 1912 2999 suis
1922 2967 1955 2999 in
1967 2967 2084 3012 Regu·

1188 3010 1238 3043 la:
1268 3013 1347 3043 Dum
1365 3010 1456 3053 fimul
1475 3012 1540 3051 estis
1563 3018 1596 3045 in
1609 3012 1754 3055 Ecclesia,
1782 3016 1817 3049 ὀ·
1835 3014 2009 3059 ubicumque
2018 3016 2084 3058 fae·

1187 3066 1279 3094 minae
1296 3059 1372 3103 sunt
1389 3086 1399 3101 ,
1425 3066 1554 3096 invicem
1574 3061 1705 3104 vestram
1720 3065 1899 3106 pudicitiam
1920 3065 2081 3107 custodire.

1188 3111 1278 3144 Dum
1301 3111 1396 3145 simul
1408 3112 1528 3146 estisin
1546 3113 1710 3154 Ecclesia,
1737 3125 1805 3149 non
1818 3117 1946 3159 propria
1957 3126 2080 3160 ‚quam

1185 3160 1332 3195 oratorio
1356 3161 1508 3195 contenti
1527 3173 1597 3196 non
1620 3162 1785 3200 habebant
1805 3166 1956 3203 Eremitae
1975 3191 1987 3208 ,
2024 3166 2080 3202 sed

1185 3212 1220 3245 in
1246 3210 1432 3246 parochiali
1453 3220 1509 3246 aut
1521 3211 1731 3249 cathedrali.
1977 3262 1979 3264 Ι

1238 3259 1294 3295 Ad
1315 3261 1467 3303 quintum
1490 3263 1670 3307 respondeo
1680 3264 1885 3301 Pennottum
1908 3266 2083 3312 augurari:

1188 3310 1293 3345 Unde
1316 3310 1436 3356 quippe
1459 3313 1554 3348 novit
1575 3314 1730 3349 Eremitis
1751 3326 1820 3350 non
1854 3316 1949 3352 fuisse
1975 3317 2080 3352 vestes

1186 3361 1401 3396 mutatorias.
1428 3362 1476 3397 At
1500 3363 1647 3406 inquies,
1675 3365 1798 3399 sanstus
1808 3366 2006 3412 Fulgentius
2026 3377 2079 3402 eas

1184 3422 1253 3445 non
1276 3410 1394 3445 habuit
1415 3424 1422 3444 ι
1451 3412 1542 3457 Ergo
1563 3425 1626 3449 nec
1648 3414 1890 3451 aliiEremitae.
1918 3418 2011 3452 Deus
2022 3417 2078 3451 b'o·

1184 3472 1248 3502 ne,
1275 3461 1380 3506 qualis
1390 3463 1537 3507 sequela.
1565 3463 1778 3510 Similemque
1793 3465 2078 3512 sequelamobtru-

1682 3515 1711 3550 F
1762 3526 1783 3563 3
1985 3514 2035 3551 dit
