2384 3770
467 165 771 229 Qiomono
805 162 1029 213 Stomr.
1066 161 1322 205 Acron.
1360 158 1522 204 Disr.
1559 172 1587 204 A
1622 142 1848 207 Statio?

260 249 349 288 nenti
372 248 512 290 albedo,
539 249 615 294 quia
636 249 682 286 est
703 249 807 286 caussa
829 245 974 284 ,formalis
986 243 1052 279 albi
1065 255 1138 287 prz-

259 301 322 335 eise
333 301 484 344 importat
497 299 577 334 illud
589 324 601 343 ‚
626 310 693 343 quo
712 298 836 341 posito,
862 295 912 332 vel
931 294 1059 329 sublato
1069 305 1138 331 cor-

259 360 331 392 pus1
349 349 476 394 praecise
511 350 628 393 incipit
649 372 661 389 ‚
687 347 737 381 vel
764 346 880 379 desinit
902 345 971 381 fieri
992 342 1103 377 album
1129 368 1137 381 ,

1947 174 1950 179 ’
1980 171 2048 212 99

1201 242 1275 277 titas
1300 241 1345 279 rei
1373 236 1598 286 fignificabilis
1623 241 1714 278 simul
1740 255 1814 278 cum
1827 241 1973 287 potentia
1985 241 2081 288 figni-

1201 291 1330 330 ficativa
1353 291 1452 338 ligni,
1485 289 1540 327 cui
1568 289 1693 332 subest,
1722 292 1755 327 δε
1778 293 1796 325 ἰ
1818 304 1880 336 qua
1904 290 2077 338 significari

1201 340 1327 386 porest3
1354 339 1495 375 includit
1518 340 1639 382 quippe
1660 339 1727 374 duo
1750 351 1759 382 ;
1787 341 1940 377 nimirum
1961 343 2079 375 entita-

259 399 410 436 Probatur
429 405 521 437 ettam
546 405 662 434 minor:
690 396 766 439 quia
787 395 936 439 colores,
963 393 1140 438 omniaque
1200 402 1267 430 tem
1287 392 1331 424 rei
1354 389 1577 436 fignificabilis
1599 392 1631 424 in
1656 391 1763 428 resto,
1791 390 1825 426 &
1846 395 2023 433 potentiam
2042 391 2078 424 fi-

257 460 394 494 corpora
427 447 619 486 eolorararia
655 447 727 479 sunt
747 444 887 481 visibilia
911 468 923 485 ‚
961 455 995 479 at
1019 446 1095 480 vero
1115 444 1137 482 fi
1200 441 1422 486 gnificativam
1448 465 1460 481 ,
1485 440 1550 476 five
1578 439 1847 486 significationem
1881 436 2078 482 aptitudin'a-

258 499 351 537 Deus
374 498 546 536 destrueret
567 507 700 533 omnem
715 496 895 539 potentiam
908 494 1041 530 visivam
1054 518 1065 535 ‚
1086 494 1139 529 fie-

260 560 332 588 rent
355 547 546 585 invisibilum
573 546 652 582 item
676 557 789 580 natura
807 543 969 583 humana,
998 545 1031 579 ἀ
1052 553 1138 581 natu-

259 610 293 635 ra
314 598 461 636 animalis
487 595 589 633 modo
609 594 940 641 suntfignifieabile53
967 595 988 628 fi
1001 594 1077 628 vero
1086 593 1141 627 dev

261 650 399 685 linerent
420 658 535 681 omnes
559 646 712 690 potentiae
733 645 954 690 significativae
980 669 990 685 ,
1026 644 1138 681 fierent

260 709 327 732 riori
353 696 611 742 fignificabiles;
640 707 718 740 ergo
741 696 840 740 pofita
863 695 912 730 vel
936 694 1055 732 sublata
1083 705 1137 738 po·

259 749 362 784 tentia
377 747 471 782 visiva
483 771 493 789 ‚
514 757 569 780 aut
582 746 793 790 significativa
805 769 817 789 ,
843 745 951 781 statim
963 744 1139 787 incipiunt,

260 798 311 830 vel
332 797 481 835 defluunt
504 808 550 831 res
571 797 639 833 fieri
660 795 801 832 vifibiles
824 819 834 835 ,
868 806 924 831 ant
945 792 1137 838 significabi-

260 848 326 881 les.
356 848 503 884 Probatur
524 854 618 883 antec,
644 847 720 889 quia
749 844 884 880 vifiv'um
917 846 950 882 ἀ
977 843 1099 877 visibile
1126 864 1138 884 ‚

259 895 508 941 significativum
538 897 570 930 δε
600 893 813 940 fignificabile
844 894 906 931 sese
939 903 1056 930 mutuo
1083 904 1138 936 po-

259 956 344 981 nunt
357 970 368 987 ,
394 959 432 980 ac
451 946 573 983 tollunt
586 956 607 990 ς.
622 944 702 990 ergo
715 944 888 981 necessario
898 942 1030 988 quando
1044 953 1135 987 agen·

260 997 306 1031 tia
325 997 475 1034 desinunt
500 998 562 1029 efle
586 995 680 1030 viiiva
702 1019 712 1034 ,
739 1005 794 1027 aut
818 993 1032 1041 significativa
1052 1017 1062 1032 ,
1087 990 1136 1025 de·

261 1047 338 1081 bent
364 1047 478 1091 passiva
499 1044 642 1082 desinere
662 1047 722 1078 effe
747 1043 883 1080 visibilia
905 1053 961 1077 aut
982 1042 1138 1087 fignifica-

261 1096 360 1133 bilia.
390 1096 538 1129 Probamr
560 1096 756 1131 antecedens:
783 1095 860 1139 quia
886 1092 1037 1133 visibile,
1062 1091 1138 1126 &ss-

258 1144 449 1191 gnificabile
469 1146 543 1181 sunt
565 1144 651 1181 idem
665 1167 675 1183 ‚
701 1144 789 1188 quod
812 1153 926 1187 potens
947 1141 1047 1179 videri
1065 1166 1076 1182 ,
1103 1152 1140 1174 ac

259 1195 452 1241 fignificari3
467 1194 719 1239 significativum
734 1218 744 1234 ,
755 1205 791 1230 ac
805 1195 937 1227 vilivum
951 1194 1024 1226 sunt
1038 1191 1140 1231 idem,

261 1244 350 1290 quod
377 1254 492 1288 potens
510 1243 620 1279 videre
637 1268 649 1283 ,
675 1245 714 1278 ai:
733 1243 911 1288 fignificare
933 1256 944 1281 ,-
972 1241 1062 1285 atqui
1088 1251 1139 1285 po-

261 1305 335 1330 tens
356 1293 463 1330 videre
484 1293 516 1329 δε
539 1301 655 1334 poteris
678 1292 798 1333 videri,
827 1303 943 1337 poteris
961 1292 1141 1337 significare

262 1345 296 1381 dc
319 1352 435 1387 potens
456 1341 630 1385 significari
643 1367 653 1383 ,
680 1343 747 1376 sese
768 1352 884 1379 mutuo
904 1340 1075 1379 manifeste
1089 1352 1137 1383 po-

265 1404 350 1428 nunt
372 1394 406 1427 ἀ
426 1392 574 1436 tollunt3
600 1392 771 1435 quomodo
790 1392 877 1429 enim
890 1402 954 1436 ego
965 1391 1086 1435 possem
1098 1391 1141 1425 vi·

262 1444 354 1484 deri,
381 1451 437 1476 aut
458 1442 617 1489 tangiaut
629 1442 801 1486 significari
814 1464 827 1486 ‚
854 1443 874 1473 fi
890 1441 996 1476 nullus
1012 1451 1064 1476 me
1074 1440 1141 1484 pos·

263 1495 312 1531 set
334 1493 462 1531 videre,
487 1500 544 1524 aut
565 1500 717 1535 tangere,
745 1502 801 1524 aut
826 1491 1038 1539 significare?
1063 1488 1143 1534 ergo

262 1542 410 1578 fimiliter
428 1540 679 1588 fignificativum
699 1541 981 1589 &fignificabile‚
1010 1540 1142 1574 visivum

262 1594 298 1629 ὃς
321 1591 444 1629 vifibile
466 1591 531 1627 sese
551 1602 669 1627 mutuo
689 1602 817 1634 ponunt
841 1589 1040 1634 &vtollunt3
1067 1589 1142 1633 pos-

266 1644 336 1678 sent
359 1642 394 1676 &
422 1639 574 1677 deberent
595 1651 653 1683 pro
673 1641 918 1684 complemento
940 1639 1034 1682 hujus
1055 1650 1142 1681 quae-

266 1691 381 1727 aionis
399 1691 416 1725 a
434 1690 526 1724 nullo
547 1688 699 1725 hactenus
718 1702 759 1724 ex
782 1690 920 1732 profesto
941 1691 975 1723 in
1000 1688 1143 1724 medium

266 1742 408 1776 addustae
427 1763 438 1780 ,
461 1741 526 1775 dici
549 1741 638 1783 plura
664 1751 674 1782 3
702 1740 754 1774 sed
779 1739 832 1773 hic
853 1750 987 1774 manum
1010 1740 1044 1773 ὄε
1066 1739 1145 1772 cala-

265 1802 357 1828 mum
382 1791 456 1828 fisso
470 1805 481 1827 .-
502 1789 563 1824 erit
582 1789 662 1824 alibi
683 1791 900 1839 opportunior
910 1789 1042 1826 dicendi
1054 1788 1145 1824 locus

264 1843 300 1879 ἀ
322 1841 467 1878 occafio.

317 1901 371 1938 44.
397 1893 446 1924 Ex
466 1890 559 1927 dictis
582 1890 745 1937 sequiturt
773 1887 831 1926 has
844 1889 1146 1930 denominationes,

267 1941 332 1973 five
354 1940 601 1982 praedicationes
622 1964 634 1979 ,
659 1949 767 1972 natura
791 1939 922 1974 bumana
942 1940 979 1978 est
1008 1937 1144 1982 figmfica-

268 1989 339 2025 bilis
358 2012 368 2027 ,
394 1987 498 2021 colores
521 1988 595 2031 sunt
615 1987 739 2028 visibiles
764 2011 774 2027 ,
799 1996 903 2030 corpus
925 1987 1088 2020 humanum
1108 1987 1146 2027 est

266 2038 487 2080 calffafflbtle,
514 2038 548 2073 δε
572 2037 709 2077 similes,
735 2039 797 2071 effe
818 2037 1146 2083 partimintrinsecas,

269 2087 387 2131 partim
410 2087 605 2121 extrinsecas
628 2110 635 2119 .
658 2089 748 2119 Ratio
768 2086 804 2126 est
825 2099 837 2121 .-
862 2086 938 2129 quia
961 2086 1145 2128 praedicatio

264 2137 383 2180 partim
405 2135 574 2171 intrinseca
597 2159 607 2176 ,
633 2134 747 2175 partim
771 2135 948 2169 extrinseca
974 2135 1018 2169 est
1052 2133 1107 2166 illa
1135 2157 1146 2173 ‚

266 2186 358 2229 eujus
383 2184 586 2231 praedicatum
607 2183 652 2217 est
673 2183 811 2227 subJeao
834 2185 893 2218 suo
906 2182 1146 2228 partimintrin-

265 2237 374 2274 fecum
388 2259 399 2277 ,
425 2235 542 2278 partim
562 2233 802 2274 extrinsecum,
828 2235 918 2279 atqui
933 2233 1068 2277 praefatae
1082 2233 1146 2267 istae

266 2284 510 2329 pradicationes
536 2284 688 2319 coustant
714 2281 832 2316 talibus
853 2283 1031 2325 praedicatis
1043 2282 1147 2327 ,ergo

267 2336 345 2369 finit
376 2332 619 2376 pradicationes
652 2331 767 2374 partim
793 2332 972 2367 intrinsecae
994 2355 1005 2372 ,
1033 2332 1147 2375 partim

268 2383 454 2420 extrinseca:
465 2407 472 2417 .
501 2381 649 2418 Probmr
661 2386 766 2414 minor.
777 2381 851 2425 quia
863 2381 1068 2424 praedicatum
1082 2392 1145 2422 par-

271 2434 333 2469 tim
358 2432 592 2473 intrinsecum,
619 2431 736 2475 partim
758 2431 975 2467 extrinsecum
997 2430 1042 2465 est
1056 2430 1147 2471 illud,

265 2482 359 2526 cujus
389 2482 604 2525 significatum
638 2482 775 2518 formale
808 2481 854 2514 est
879 2482 982 2516 forma
1002 2481 1147 2523 subjecto

264 2532 382 2578 partim
406 2531 578 2567 intrinseca
591 2556 602 2572 ‚
629 2529 743 2574 partim
755 2532 933 2567 extrinseca
949 2532 1059 2575 ,atqui
1075 2542 1145 2573 prae·

265 2583 373 2616 dicata
397 2580 594 2625 praefatarurn
622 2580 890 2626 praedicationum
923 2580 1045 2616 habent
1070 2580 1146 2615 talia

266 2631 446 2677 fignificata
466 2630 614 2667 formalia
628 2655 640 2673 ,
664 2641 744 2674 ergo
759 2631 833 2665 sunt
856 2629 1018 2673 praedicata
1030 2631 1146 2674 partim

266 2682 465 2719 intrinseca,
493 2681 606 2722 partim
623 2681 823 2723 extrinsec23
844 2687 1047 2724 patetminor.
1071 2681 1146 2724 quia

266 2731 403 2765 istorum
435 2728 678 2773 praedicatorum
703 2729 878 2773 fignificata
896 2731 1050 2768 ‘formalia
1074 2732 1148 2765 sunt

267 2779 524 2825 significabilitas
546 2804 557 2820 ‚
586 2779 752 2815 visibilitas
768 2804 777 2819 ‚
805 2779 839 2815 ἀ
858 2780 1112 2816 calefaaibilitas
1136 2805 1146 2821 ‚

265 2832 363 2876 atqui
385 2831 440 2866 illa
466 2831 541 2866 sunt
566 2829 710 2873 subjectis
729 2830 792 2863 suis
819 2830 936 2870 partim
962 2831 1148 2871 intrinseca,

266 2882 385 2925 partim
406 2880 607 2920 extrinseca,
635 2880 683 2916 uti
708 2878 994 2914 hastenusdistum
1006 2880 1076 2917 est,
1101 2890 1144 2914 er·

266 2940 313 2975 go
338 2932 534 2974 praefatarum
557 2929 824 2973 praedicationum
848 2928 1014 2971 praedicata
1027 2929 1146 2965 haberit

267 2981 444 3025 significata
465 2980 618 3017 formalia
643 2980 787 3022 subjectis
810 2979 874 3013 suis
897 2979 1013 3022 partim
1034 2980 1147 3015 intrin-

267 3031 358 3071 seca,
385 3032 498 3073 partim
519 3030 719 3065 extrinseca.

316 3091 369 3125 45.
399 3085 468 3113 Dico
477 3083 581 3126 quinto
594 3094 605 3115 .·
634 3080 825 3124 significatio
839 3077 1062 3122 aptitudinalis
1075 3078 1145 3115 aisti-

267 3141 305 3165 va
327 3133 361 3164 &
386 3131 501 3175 paffiva
524 3141 592 3165 non
619 3132 692 3167 sunt
715 3131 827 3165 eadem
862 3129 988 3163 realiter
1011 3130 1116 3163 forma
1135 3151 1146 3167 ‚

267 3180 316 3214 uti
340 3181 414 3215 sunt
434 3179 630 3224 significatio
655 3180 757 3214 activa
785 3180 818 3213 &
840 3178 958 3222 paffiva
979 3179 1114 3215 actualis
1135 3190 1145 3222 3

267 3230 321 3264 (ed
343 3229 590 3275 distinguuntur
608 3230 626 3266 ὲ
649 3231 712 3264 sese
734 3240 850 3264 mutuo
877 3228 1001 3263 realiter
1025 3227 1147 3265 inadae-

267 3280 384 3322 quate,
410 3280 489 3315 sicut
511 3281 681 3316 includens
701 3280 736 3316 &
758 3280 938 3315 inclusum:
965 3279 1008 3313 ita
1031 3289 1067 3313 ut
1092 3279 1146 3312 in-

266 3329 401 3366 cludens
423 3330 459 3363 fit
483 3330 681 3374 fignificatio
704 3329 926 3376 aptitudipalis
937 3329 1146 3372 paffiva‚five

268 3379 525 3422 fignificabilitas
548 3404 558 3419 ,
599 3379 761 3415 inclusum
797 3378 872 3415 vero
899 3379 933 3412 fir
955 3378 1147 3423 significatio

270 3429 492 3471 aptitudinalis
514 3430 635 3464 activa.
666 3430 833 3463 Probatur:
859 3429 934 3473 quia
959 3428 1145 3473 significabi-

271 3479 343 3516 litas
367 3479 429 3513 sive
446 3479 641 3525 fignificario
663 3479 886 3525 aptitudinalis
911 3479 1025 3524 paffiva
1036 3478 1080 3513 est
1092 3490 1146 3513 en-

1201 494 1263 528 lem
1286 491 1422 528 astivam
1446 490 1481 528 in
1504 489 1640 534 obliquo
1664 502 1675 525 .-
1701 487 1781 536 ergd
1809 489 2078 530 comparaturad

1200 540 1476 586 significationem
1497 538 1744 582 aptitudinalem
1767 538 1905 574 activam
1931 537 2009 571 sicut
2030 540 2078 572 in-

1197 591 1333 627 cludens
1351 592 1390 626 ad
1413 589 1574 626 inclusum
1589 614 1598 628 ,
1623 588 1702 632 ergo
1727 598 1794 621 non
1813 586 1857 622 est
1868 597 1943 624 cum
1956 598 1992 620 ea
2003 597 2079 622 om-

1201 642 1282 675 nino
1303 639 1412 681 idem,
1440 639 1490 673 sed
1515 638 1726 683 distinguitur
1745 637 1785 672 ab
1807 648 1843 670 ea
1867 636 1993 670 realiter
2017 636 2079 672 ina·

1198 690 1362 733 daequate3
1394 688 1577 733 eodemque
1599 688 1700 722 modo
1718 685 2022 731 philosophandum
2034 685 2078 719 est

1198 741 1240 775 de
1260 739 1535 775 calefactibilitate
1554 739 1587 772 δε
1612 739 1764 782 potentiav
1787 736 1972 771 calefaaiva
1994 759 2006 776 ‚
2039 735 2081 771 de

1200 790 1387 828 visibilitate
1406 790 1438 826 &
1459 798 1605 833 potentia
1626 788 1724 822 viiiva
1745 788 1808 823 &a

1424 877 1907 942 DUBIUMVJ·

1200 989 1355 1038 ‚Quomodo
1374 987 1547 1032 fignifican’o
1569 987 1696 1022 aequalis
1716 987 1914 1031 distinguatur
1938 1010 1949 1029 ‚
1977 993 2041 1021 tam
2061 987 2082 1019 ἃ

1419 1036 1497 1083 figno
1519 1049 1609 1081 quam
1632 1041 1652 1074 ᾶ
1666 1037 1828 1086 figmfifato
1841 1037 1858 1069 ἓ

1198 1141 1261 1186 46.
1382 1135 1458 1172 Uid
1476 1137 1515 1174 fit
1536 1137 1731 1182 significatio
1763 1135 1895 1172 astualis
1916 1145 1984 1169 tam
2007 1136 2082 1169 affi-

1406 1198 1468 1227 va,
1494 1198 1592 1231 quam
1615 1186 1731 1233 passiva
1741 1186 1836 1226 dixi,
1860 1184 1964 1220 dubio
1976 1187 2083 1219 secun·

1200 1236 1245 1270 do
1269 1251 1283 1281 ;
1306 1237 1360 1271 hic
1393 1238 1458 1280 jam
1478 1238 1630 1283 quaeritur
1659 1234 1827 1280 quomodo
1847 1234 2083 1279 -distinguatur

1185 1298 1270 1355 ¹tam
1293 1288 1312 1323 ὲ
1335 1287 1569 1332 figno,·quam
1590 1286 1609 1321 ἢ
1632 1286 1839 1331 significato,
1861 1295 1959 1330 quam
1980 1284 2083 1318 etiam

1187 1337 1218 1383 ,ὲ
1247 1339 1414 1381 potentia,
1434 1337 1487 1372 cui
1507 1336 1695 1381 fignificat?
1718 1334 1804 1379 Resp.
1825 1337 1858 1371 &r
1876 1336 1942 1368 dico
1958 1335 2078 1376 prima:

1202 1386 1398 1431 fignificatio
1421 1387 1695 1431 aaualisstmper
1718 1384 1877 1432 distingui
1898 1383 1996 1418 debet
2017 1395 2084 1417 ren-

1204 1437 1276 1472 liter
1297 1437 1316 1473 a
1339 1438 1398 1473 suo
1420 1437 1628 1485 fignificat03
1657 1438 1690 1470 in
1713 1434 1774 1470 hac
1793 1434 2006 1472 conclusione
2028 1444 2085 1477 pu-

1204 1498 1240 1523 to
1261 1487 1435 1523 convenire
1456 1498 1591 1530 omnes;
1617 1488 1651 1522 (rr
1673 1491 1751 1519 rano
1771 1485 1809 1525 est
1834 1499 1845 1519 .-
1866 1483 1941 1528 quia
1962 1482 2083 1528 fignifi-

1204 1547 1313 1571 caturn
1335 1537 1456 1580 semper
1476 1536 1570 1572 debet
1592 1535 1750 1582 distingui
1779 1534 1906 1570 realiter
1927 1534 1946 1568 ὲ
1965 1534 2058 1577 ligno
2071 1554 2084 1571 ,

1206 1598 1242 1623 ut
1262 1586 1332 1621 dixi
1356 1586 1443 1619 dubio
1462 1591 1581 1628 primo,
1609 1588 1688 1629 ergo
1711 1585 1808 1619 etiam
1832 1586 1955 1627 semper
1975 1581 2085 1616 distin-

1206 1638 1264 1681 gui
1288 1635 1386 1672 debet
1397 1636 1524 1671 realiter
1534 1636 1553 1669 ὲ
1565 1635 1801 1680 significatione
1813 1633 1927 1668 aetuali
1943 1644 1952 1674 ;
1980 1642 2018 1664 ac
2029 1642 2085 1675 per

1206 1687 1408 1731 consequens
1431 1686 1624 1731 significatio
1640 1685 1772 1719 actualis
1785 1686 1905 1726 semper
1927 1681 2083 1725 distingui

1207 1737 1304 1771 debet
1318 1736 1474 1771 realitera
1487 1735 1671 1780 fignificato
1681 1760 1688 1767 .
1719 1734 1863 1768 Probatur
1876 1730 1985 1776 conseq.
2006 1731 2083 1774 quia

1207 1787 1228 1820 fi
1251 1786 1469 1831 significatum
1483 1785 1675 1820 identificari
1701 1787 1826 1828 possent
1837 1793 1912 1816 cum
1924 1780 2085 1825 fignifica-

1208 1837 1301 1874 tioue
1321 1836 1438 1873 acruaii
1458 1859 1469 1876 ‚
1494 1837 1594 1871 etiam
1619 1836 1720 1879 posset
1738 1831 1929 1867 identificari
1950 1842 2025 1864 cum
2048 1829 2086 1864 fi-

1207 1898 1275 1931 gno
1287 1911 1296 1926 ‚
1316 1886 1407 1929 atqui
1431 1897 1506 1919 curn
1518 1886 1611 1928 signo
1624 1884 1808 1918 nullatenus
1822 1880 2015 1916 identificari
2029 1890 2085 1923 pt-

1191 1935 1266 1970 *test
1280 1947 1294 1976 ,·
1320 1946 1399 1978 ergo
1414 1945 1519 1977 neque
1540 1944 1618 1968 cum
1646 1931 1886 1976 significatione
1895 1929 2013 1965 actuali
2026 1941 2084 1973 po·

1189 1955 1194 2012 i
1209 1984 1266 2018 test
1281 2007 1289 2015 .
1315 1983 1466 2017 Probatur
1477 1988 1546 2015 mai.
1560 1981 1637 2026 quia
1646 1983 1772 2027 signum
1786 1981 1984 2025 quandoque
1995 1980 2083 2014 iden·

1208 2034 1348 2068 tificatur
1358 2044 1431 2066 cum
1444 2032 1683 2076 fignificatioffe
1694 2032 1811 2066 actuali
1827 2055 1837 2071 ,
1861 2041 1895 2065 ut
1909 2030 2017 2064 statim
2032 2031 2080 2064 in·

1208 2081 1370 2117 sradicam
1384 2105 1394 2120 ‚
1420 2093 1458 2114 ac
1481 2093 1536 2124 per
1557 2082 1758 2123 consequens
1769 2081 1965 2126 significatio
1976 2080 2083 2114 astua-

1191 2129 1249 2165 ³lis
1270 2129 1467 2173 quandoque
1489 2130 1831 2174 identificaturfign03
1857 2130 2082 2173 ergofietiam

1209 2180 1405 2214 identificari
1415 2180 1515 2223 posset
1526 2190 1601 2213 cum
1614 2178 1819 2224 significato,
1847 2180 1948 2223 posset
1962 2179 2081 2223 signifi-

1208 2241 1317 2265 catum
1330 2229 1525 2266 identificari
1548 2240 1624 2264 cum
1644 2230 1735 2275 signo
1749 2253 1760 2270 ‚
1781 2237 1869 2273 parer
1879 2226 1990 2271 conseq.
2002 2228 2080 2272 quia

1210 2289 1411 2323 quaecunque
1430 2279 1676 2314 identificanrur
1698 2279 1806 2313 eidem
1819 2278 1937 2318 tertio,
1963 2277 2080 2312 identi-

1210 2331 1348 2364 ficantur
1372 2330 1455 2364 inter
1482 2330 1532 2368 se,
1560 2329 1649 2373 atqui
1677 2328 1698 2362 st
1723 2327 1821 2364 semel
1845 2327 2080 2372 significationi

1209 2378 1324 2414 aetuali
1345 2378 1600 2414 identificaretur
1612 2377 1846 2422 fignfficarurn,
1873 2377 1952 2412 ficut
1965 2377 2081 2412 identi-

1209 2429 1323 2464 ficatur
1335 2429 1475 2473 signum3
1487 2439 1567 2463 tunc
1579 2428 1705 2472 lignum
1717 2427 1975 2472 &significatum
1990 2426 2081 2462 iden·

1208 2479 1409 2514 tificarentur
1427 2477 1531 2514 eidem
1553 2478 1652 2512 tertio
1664 2502 1674 2517 ,
1703 2478 1857 2511 nimirum
1872 2476 2080 2521 significatio·

1210 2531 1243 2563 ni
1261 2528 1377 2564 nauali
1392 2541 1406 2572 ,-
1432 2539 1511 2571 ergo
1532 2528 1631 2562 etiam
1643 2527 2014 2562 identificarenturinter
2025 2527 2058 2561 se
2071 2552 2079 2561 .

1258 2589 1314 2625 47.
1342 2582 1388 2613 Er
1410 2577 1623 2621 confirmatur:
1654 2578 1729 2621 quia
1757 2577 1804 2611 uti
1829 2577 1919 2616 dixi,
1947 2577 2078 2621 fignum

1211 2630 1333 2672 semper
1355 2629 1484 2663 realiter
1504 2626 1632 2663 differre
1650 2626 1745 2663 debet
1772 2626 1981 2671 &significato
1996 2626 2053 2660 suo
2065 2650 2077 2666 ,

1210 2680 1298 2722 atqui
1319 2678 1516 2724 significatio
1526 2677 1678 2719 actualis,
1707 2687 1772 2711 non
1787 2677 1893 2712 solum
1903 2676 1947 2711 est
1960 2677 2078 2721 fignifi-

1209 2730 1272 2765 cati
1294 2728 1341 2762 sui
1360 2728 1582 2773 significatio,
1608 2727 1662 2763 sed
1688 2728 1788 2763 etiam
1799 2725 1844 2759 est
1856 2727 1977 2770 semper
1990 2726 2077 2772 illius

1210 2780 1336 2823 {ignum
1358 2779 1496 2813 formale
1515 2803 1526 2819 ‚
1554 2788 1589 2813 ut
1610 2778 1694 2813 infra
1721 2777 1851 2819 dicam;
1878 2786 1958 2820 ergo
1979 2773 2075 2810 debet

1211 2831 1332 2871 semper
1352 2828 1508 2874 distingui
1533 2828 1656 2862 realiter
1679 2829 1696 2862 a
1720 2828 1779 2861 suo
1800 2826 1982 2870 fignificato
2003 2849 2013 2865 ,
2040 2826 2075 2859 6

1210 2887 1287 2915 ratio
1299 2880 1422 2923 &priori
1438 2879 1489 2920 effe
1515 2880 1661 2912 videtur:
1689 2879 1765 2919 quia
1787 2876 1867 2910 ficut
1889 2874 2016 2920 fig'num
2028 2874 2075 2909 est

1212 2929 1330 2972 species
1357 2929 1623 2972 repraesentativi‚
1651 2928 1695 2961 ita
1714 2928 1812 2960 etiam
1838 2924 2079 2969 actualisfigni·

1211 2980 1323 3013 ficatio
1333 2978 1379 3012 est
1395 2979 1511 3022 species
1524 2979 1671 3022 quaedam
1684 2975 1816 3010 aeluahs
1828 2974 2077 3018 repraesentatio·

1211 3031 1285 3069 nis,
1312 3030 1401 3074 atqui
1425 3029 1553 3074 iignum
1577 3028 1622 3061 est
1641 3027 1930 3070 repraesentativum
1944 3023 2076 3067 alicujus

1209 3079 1336 3113 alterius
1358 3080 1375 3111 ὲ
1400 3080 1432 3112 se
1454 3078 1580 3112 realiter
1601 3077 1763 3120 distinsti3
1788 3086 1866 3120 ergo
1890 3074 2031 3110 {imiliter
2041 3072 2077 3107 fi-

1208 3129 1380 3174 gnificatio
1404 3127 1534 3163 aetuans
1553 3127 1650 3161 debet
1671 3128 1734 3161 effe
1758 3126 1891 3161 actualis
1911 3124 2078 3168 repraesen-

1209 3180 1293 3213 tatio
1315 3177 1452 3219 alicujus
1471 3179 1603 3211 alterius
1624 3177 1683 3211 &se
1695 3178 1820 3212 realiter
1830 3174 1994 3210 distineri.
2018 3174 2078 3207 Au-

1208 3230 1323 3272 quando
1341 3226 1519 3270 afflgnabam
1543 3226 1622 3261 banc
1642 3233 1786 3261 rationem
1809 3239 1816 3259 :
1852 3225 1930 3269 quia
1953 3223 2077 3269 signifi·

1210 3278 1297 3312 catio
1317 3276 1449 3310 actualis
1469 3277 1769 3321 signicomparatur
1780 3276 1817 3309 ad
1836 3275 2052 3320 significatum
2065 3297 2076 3313 ‚

1209 3330 1288 3362 ficut
1326 3326 1505 3361 cauffalitas
1544 3329 1655 3363 cauffae
1685 3336 1890 3369 comparatur
1922 3325 1960 3358 ad
1997 3324 2079 3358 effe·

1211 3380 1322 3415 aum,
1346 3377 1436 3419 atqui
1464 3377 1646 3413 cauffaliras
1676 3377 1718 3411 ab
1743 3375 1856 3412 effectu
1883 3376 2007 3418 semper
2033 3373 2079 3407 di-

1213 3426 1335 3471 stingui
1362 3427 1458 3460 debet
1485 3427 1637 3466 realiter,
1663 3427 1741 3460 ficut
1768 3422 2081 3470 distinguiturcaus·

1214 3479 1244 3512 sa
1266 3478 1351 3522 ips23
1378 3487 1458 3523 ergo
1484 3477 1630 3512 similiter
1656 3476 1788 3512 actualis
1815 3473 2010 3521 fignificatio
2032 3471 2083 3506 di—

1909 3521 2033 3568 stingui
