2384 3770
401 92 567 166 vQuin
604 104 1023 152 S1rPitAEn2‘1N
1064 97 1660 166 QUID?Q1D·PRAED·
1695 106 1777 151 &c.

1923 117 2018 163 277

250 201 318 225 non
331 189 479 233 indiget3
505 188 578 222 satis
589 189 678 223 enim
700 188 834 222 refutata
848 186 891 220 esi
901 210 912 226 ,
946 197 983 219 ac
994 186 1125 219 refutari
1183 191 1251 219 tu'm
1263 182 1369 217 dicere
1381 193 1483 216 tetam
1498 186 1662 220 effentiam
1676 187 1823 230 subjecti:
1851 188 1913 223 five
1925 189 1969 222 est
1983 200 2055 232 pre-³.

251 241 352 282 potest
376 251 418 272 ex
443 238 596 272 omnibus
618 239 683 272 illis
695 240 802 279 ,squae
824 236 888 270 huc
911 237 1011 277 usque
1036 234 1122 268 dixi.

248 289 421 323 Praedicari
442 290 532 322 enim
556 290 695 331 inquid,
722 287 815 320 nullo
838 286 941 318 modo
952 284 996 317 est
1011 285 1123 326 praedi-

248 340 313 372 cari
328 338 624 380 essentialiter5sed
639 336 799 380 praedicari
812 333 1015 374 substantive3
1028 335 1122 368 adeo-

248 400 312 430 que
326 389 485 431 praedicari
499 395 532 421 tn
543 387 717 429 qualevquid
727 396 795 418 non
810 384 853 418 est
867 384 1028 428 praedicari
1039 384 1120 428 adje-

247 438 330 472 &ive
343 438 549 473 essentialiter
558 461 568 475 ‚
584 435 636 470 sed
647 434 801 478 adjective
811 433 912 468 substa
919 434 1005 468 ntive
1017 459 1024 466 .
1039 435 1123 480 Qiae

249 488 318 522 duo
332 500 400 523 non
415 491 485 522 sunt
496 485 710 527 cohaerentia;
738 485 791 518 sed
804 486 1017 529 repugnantia
1028 508 1035 516 .

301 539 355 574 61.
384 538 517 572 Interim
538 545 645 568 tamen
665 561 674 575 ‚
702 536 777 577 quia
802 535 915 569 sestam
930 560 940 575 ‚
967 546 1030 578 qua
1049 533 1122 576 quis

250 589 267 622 Ξι
290 586 594 632 pueroimbutusest
611 609 622 625 ‚
643 584 751 618 subito
761 585 944 628 deponere,
970 594 1120 618 actotam

250 650 291 673 ex
315 635 575 674 animodelere,
602 635 781 669 admodum
792 635 924 669 difficile
936 659 946 674 ,
972 646 1009 669 ac
1022 635 1120 668 ferme

248 685 442 730 impoffibile
462 685 507 719 est
520 698 532 719 .·
558 696 634 719 nam
650 709 661 724 ‚
687 695 722 719 ut
748 685 830 719 reCie
841 685 962 719 Cicero
972 685 1090 718 citatus
1102 685 1119 716 a

247 738 357 771 saneto
370 736 462 769 Patre
479 746 554 769 meo
573 736 701 781 Epist-3.
715 747 784 778 quae
806 735 850 768 est
874 748 905 772 2.
917 735 956 769 ad
971 734 1119 768 Volusia-

247 797 349 820 num:
375 788 481 830 Magni
491 792 624 829 ingenit,
648 788 786 818 &animi
800 785 836 823 est
841 784 982 827 sevocare
993 794 1120 816 mentem

248 835 402 879 Itsenfibus
414 858 424 874 ,
449 837 483 870 ὁ·
495 841 698 879 cogitationem
710 837 730 867 ἁ
742 833 945 876 consuetudine
957 834 1098 866 abducere
1111 844 1118 864 ε

248 885 349 920 Dabo
370 885 431 919 tibi
453 887 612 925 modum,
632 895 699 925 quo
720 885 834 918 sectam
856 895 943 917 tuam
956 884 1115 923 retineas;

247 946 315 979 quo
326 935 460 979 aliquod
479 935 687 979 praedicatum
713 939 753 966 tn*
770 934 947 976 quale-quid
960 933 1118 975 praedicari

246 984 355 1020 adhuc
376 996 452 1020 curn
475 985 607 1018 veritate
629 983 733 1018 dicas.
759 982 902 1017 Modum
914 983 1002 1017 hunc
1016 982 1118 1027 mugi-

247 1037 416 1070 natussum
430 1059 440 1077 ‚
462 1034 540 1068 dum
551 1034 630 1068 alias
642 1044 738 1076 caput
753 1035 924 1077 septimum
938 1035 1034 1067 saneti
1053 1034 1117 1066 Au-

245 1084 374 1131 gustini
392 1084 434 1118 de
462 1084 646 1129 Categoriis
665 1084 790 1119 attente
810 1084 989 1118 volutarem
1001 1107 1008 1115 .
1033 1083 1121 1116 Dico

246 1146 327 1180 ergo
340 1159 351 1175 ,
378 1135 453 1169 licet
465 1133 550 1169 idem
569 1134 776 1178 praedicarum
793 1134 929 1178 fimplex
942 1144 1077 1175 nequeat
1091 1139 1123 1165 in

247 1187 422 1228 quale-quid
431 1185 609 1228 praedicari3
639 1187 768 1228 poflunt
779 1195 888 1219 tamen
903 1185 946 1219 ita
961 1183 1121 1227 praedicari

248 1234 418 1278 praedicata
440 1235 632 1277 complexa,
658 1247 699 1269 ex
721 1235 943 1276 substantivo,
969 1246 1007 1269 ac
1020 1234 1122 1267 altero

247 1285 411 1327 adjectivo
422 1286 620 1326 composita:
648 1285 755 1326 qualia
778 1287 876 1327 sunt,
906 1286 1028 1318 Animal
1036 1289 1114 1317 ratio

249 1335 342 1374 nalei,
354 1333 436 1367 bomo
447 1333 547 1367 dedus
558 1359 568 1374 ,
596 1334 716 1368 brutum
740 1337 858 1380 elegans
869 1361 880 1378 ‚
907 1338 963 1371 δι’.
988 1335 1040 1370 De
1052 1335 1101 1368 his
1114 1358 1125 1374 ,

248 1384 385 1427 inquam
401 1409 411 1423 ‚
439 1383 616 1428 praedicatis
626 1386 753 1420 videtur
764 1386 846 1420 mihi
860 1387 942 1421 reeie
954 1385 1122 1429 dic-,quod

250 1437 284 1466 in
297 1436 470 1477 quale-quid
489 1435 720 1477 praedicentur.
746 1440 837 1470 Ratio
856 1436 915 1476 est:
952 1437 1041 1484 Quia
1054 1446 1124 1478 prae·

249 1484 352 1518 dicari
364 1491 397 1517 in
407 1487 629 1527 quale-quidest
644 1485 807 1528 praedicari
819 1486 973 1527 adjective
985 1485 1125 1518 substan-

248 1532 331 1567 tive:
362 1544 451 1577 atqui
473 1535 537 1567 haec
551 1536 721 1577 praedicata
750 1537 961 1577 praedicantur
971 1535 1125 1578 adjective*

246 1582 468 1617 substantive:
493 1596 567 1618 nam
579 1585 704 1618 ratione
718 1586 815 1618 nnius
828 1585 888 1618 suae
901 1586 999 1627 partis
1015 1585 1122 1628 praedi·

248 1643 366 1667 cantur
377 1633 552 1676 adjestive3
579 1636 704 1667 ratione
717 1636 795 1668 vero
812 1636 942 1667 alterius
955 1637 1123 1676 praedican-

250 1693 303 1717 tur
313 1683 510 1717 substantive
520 1708 527 1716 .
559 1684 646 1727 Ergo
662 1685 870 1726 praedicantur
886 1691 918 1716 in
931 1686 1018 1726 quale
1032 1686 1124 1726 quid.

302 1732 356 1769 62.
381 1736 433 1766 Ex
445 1737 552 1775 quibus
563 1734 695 1767 omnibus
703 1743 807 1775 patet:
827 1734 918 1781 Qid
931 1735 967 1768 fit
981 1735 1127 1778 praedica-

250 1783 303 1816 tio
311 1789 343 1814 in
352 1785 447 1824 quid,
478 1785 554 1826 quid
579 1786 763 1826 praedicatio
779 1793 811 1817 tn
821 1787 910 1827 quale
921 1809 932 1823 ,
960 1785 1040 1827 quid
1057 1795 1126 1826 prae-

249 1832 376 1867 dicatio
399 1838 432 1866 in
450 1834 629 1875 quale-quid
638 1858 645 1865 .
669 1834 863 1868 Praedicatio
875 1840 907 1866 in
918 1836 991 1876 quid
1003 1846 1070 1867 non
1082 1834 1126 1867 est

250 1881 338 1915 idem
352 1907 362 1923 ‚
388 1884 476 1923 quod
489 1882 674 1926 praedicatio
683 1884 945 1920 effentialis21sed
961 1885 1004 1917 est
1020 1884 1125 1921 idem,

251 1931 342 1974 quod
362 1932 547 1973 praedicario
572 1933 768 1967 substantiva
793 1958 800 1965 .
838 1934 892 1966 Est
919 1957 930 1971 ,
967 1934 1102 1974 inquam
1116 1955 1127 1970 ,

252 1979 440 2024 praedicatio
451 1981 602 2014 constans
627 1983 797 2024 praedicato
812 1982 1016 2015 substantivo
1030 1993 1037 2012 :
1066 1981 1127 2014 sive

252 2029 385 2063 interim
408 2031 445 2062 fit
465 2031 648 2072 essentiale,
674 2033 738 2066 sive
749 2032 950 2067 accidentale
963 2055 973 2070 ‚
1002 2031 1066 2064 hoc
1077 2043 1126 2073 pa-

254 2090 326 2112 rum
341 2081 433 2120 refert
445 2104 452 2111 .
480 2080 580 2114 Tales
592 2083 666 2114 sunt
677 2080 725 2115 hae
740 2107 751 2123 ‚
780 2085 889 2114 Petrus
905 2081 941 2120 est
956 2080 1039 2113 homo
1051 2105 1062 2120 ,
1076 2083 1126 2113 Pe-

253 2138 322 2162 trus
334 2128 371 2168 est
382 2128 543 2171 Episcopus
555 2152 566 2168 ,
595 2129 629 2167 est
641 2134 724 2166 Rem
755 2131 793 2170 est
816 2130 930 2169 artifex
940 2152 951 2168 ,
981 2132 1038 2162 &a
1049 2128 1126 2163 Prat-

253 2177 377 2212 dicatio
399 2183 432 2211 in
454 2178 540 2219 quale
558 2188 623 2210 non
633 2178 679 2212 est
699 2178 807 2219 idem,
836 2179 924 2220 quod
940 2178 1126 2220 pradicatio

253 2226 464 2261 accidentalis
478 2239 492 2267 ;
517 2226 570 2260 sed
581 2228 625 2259 est
639 2227 728 2260 idem
741 2252 751 2266 ‚
772 2228 861 2269 quod
874 2227 1062 2269 praedicatio
1074 2229 1127 2260 ad·

255 2276 364 2319 §estiva
379 2300 386 2307 .
414 2275 468 2307 Est
479 2297 490 2311 ,
517 2276 651 2317 inquam
662 2300 672 2313 ‚
702 2275 889 2317 praedicatio
901 2275 1054 2308 constans
1067 2282 1126 2316 pre·

252 2327 366 2359 dicato
379 2324 558 2366 adjeaivoz
585 2324 648 2357 sive
668 2323 801 2357 interim
822 2323 887 2357 boc
904 2324 1124 2364 accidentale,

1181 235 1326 269 dicatum
1354 234 1527 275 importare
1548 238 1657 269 omnia
1679 238 1855 271 erientialia
1876 238 2055 282 importata·

1182 294 1236 327 per
1246 284 1445 325 subjectum;
1474 281 1554 315 verb.
1579 294 1657 326 grat.
1681 288 1712 319 in
1737 286 1788 320 his
1810 289 2051 330 praedicationi-

1181 335 1258 368 bus:
1288 340 1346 369 Hic
1356 332 1437 364 homo
1448 331 1485 369 est
1497 332 1595 372 bomo,
1622 335 1805 374 Bucephalus
1818 338 1855 377 est
1867 350 1977 381 equus,
2000 337 2052 371 hoc

1179 383 1295 416 animal
1314 383 1352 422 est
1373 384 1489 416 animal
1508 406 1518 420 ,
1543 384 1598 415 (π.
1627 383 1791 425 praedicata
1807 388 1863 420 ista
1878 389 2051 431 praedican-

1180 446 1232 468 tur
1243 432 1420 476 complete.
1445 437 1535 465 Ratio
1560 431 1622 471 est:
1650 432 1738 478 Quia
1751 433 1830 467 bomo
1841 437 1920 472 dicit
1945 449 2052 472 totam

1179 483 1368 522 essentiam,
1398 484 1616 525 importatque
1638 484 1751 516 omnia
1773 486 1944 521 essentialia
1954 488 2050 530 hujus

1180 533 1342 567 hominis:
1371 532 1457 569 homo.
1474 532 1563 566 enim
1588 533 1743 575 importat
1768 533 2050 571 animalitatem&

1179 584 1435 617 rationalitatem
1448 606 1458 622 ‚
1486 594 1556 625 quae
1566 582 1632 615 duo
1647 583 1720 616 sunt
1732 592 1801 616 tota
1814 585 1943 618 essentia
1958 585 2052 627 hujus

1181 633 1342 667 hominis:
1371 645 1447 666 nam
1461 630 1644 671 haecceitas,
1674 633 1960 676 seufingularitas,
1982 646 2052 677 qux

1180 684 1262 717 ultra
1275 683 1331 716 ista
1344 683 1410 716 duo
1424 695 1478 726 per
1490 682 1662 724 subjesstum
1686 681 1732 714 bic
1743 681 1824 715 bomo
1836 685 2028 727 importatur
2040 709 2051 724 ,

1181 746 1248 767 non
1269 734 1313 767 est
1329 733 1408 776 quid
1437 732 1476 765 ad
1488 732 1653 766 essentiam
1666 733 1827 776 pertinens
1844 759 1854 773 ,
1881 745 1985 777 neque
2006 734 2052 767 est

1180 784 1383 825 praedicatum
1396 782 1581 816 estentiale:
1608 793 1643 815 ut
1656 783 1769 815 dicunt
1784 784 1893 825 passim
1909 784 2029 828 Logici
2042 808 2054 825 ‚

1179 835 1212 866 ἀ
1237 845 1295 867 nos
1316 834 1372 866 suo
1400 842 1567 875 tempore,
1594 832 1626 865 &
1643 832 1816 865 locoidem
1830 833 1958 867 abunde
1969 834 2055 867 dice·

1180 894 1268 916 mus.
1298 883 1453 917 Similiter
1477 892 1567 923 equus
1591 881 1671 915 dicit
1698 891 1799 915 totam
1811 884 1978 918 essentiam
1992 883 2055 917 Bu-

1179 932 1325 975 cephali:
1355 933 1434 966 dicit
1446 933 1533 965 enim
1549 931 1765 966 brutalitatem
1780 956 1789 971 ‚
1817 933 2056 976 simul&equi÷

1181 984 1339 1022 nitatem,
1368 993 1469 1025 preter
1490 992 1553 1025 que
1580 982 1613 1014 in
1629 981 1817 1026 Bucephalo
1835 982 1919 1017 nihil
1943 983 1988 1017 est
2009 984 2055 1017 es-

1181 1034 1331 1066 sentiale.
2010 1032 2012 1034 “
2052 1069 2055 1071 ,

1230 1090 1277 1127 64
1315 1081 1476 1123 predicari
1491 1080 1566 1115 vero
1579 1081 1797 1126 incomplexe,
1816 1084 1869 1118 seu
1883 1084 2056 1127 inadequat-

1182 1130 1212 1165 ῑέ
1233 1133 1277 1165 est
1305 1132 1501 1175 predicatum
1525 1144 1593 1165 non
1633 1132 1737 1167 dicere
1758 1144 1859 1167 tutam
1886 1135 2056 1169 essentiam

1182 1181 1333 1223 subjecti:
1360 1183 1422 1214 sive
1443 1182 1486 1215 est
1502 1180 1698 1224 predicatum
1725 1185 1978 1227 nonimportare
1988 1195 2059 1223 om·

1184 1234 1237 1266 nia
1249 1232 1425 1266 essentialia
1439 1233 1609 1274 importata
1635 1244 1688 1275 per
1700 1232 1898 1273 subjestumz
1927 1246 1955 1266 v.
1974 1235 2055 1278 g.in

1184 1283 1233 1315 his
1247 1281 1519 1326 predicationibus
1533 1294 1539 1312 :
1567 1284 1654 1315 Homo
1664 1282 1700 1322 est
1713 1285 1846 1324 animal,
1865 1283 1948 1316 homo
1960 1284 1997 1323 est
2011 1296 2060 1316 ra·

1182 1334 1324 1374 tionalis,
1352 1336 1408 1367 &a
1430 1334 1593 1376 predicata
1615 1336 1818 1377 predicantur
1838 1332 2057 1376 incomplexe:

1184 1386 1272 1431 Quia
1287 1396 1353 1418 non
1368 1385 1481 1418 dicunt
1494 1395 1598 1418 tetam
1611 1386 1778 1419 essentiam
1794 1385 1839 1418 sui
1850 1384 1991 1427 subjesti,
2005 1395 2060 1416 ne-

1183 1447 1246 1476 que
1269 1435 1446 1478 important
1475 1438 1586 1469 omnia
1610 1435 1786 1469 essentialia
1810 1434 1983 1478 importata
1999 1441 2060 1476 pet}

1186 1486 1379 1528 subjeetum.
1410 1487 1531 1518 Animal
1549 1487 1637 1519 enim
1660 1486 1814 1528 importat
1827 1485 1926 1518 solam
1940 1485 2062 1522 anima:

1186 1537 1310 1569 litatem
1325 1549 1336 1568 .·
1363 1545 1395 1569 at
1420 1537 1494 1568 vero
1517 1545 1586 1568 tota
1612 1534 1755 1568 hominis
1778 1535 1910 1569 essentia
1935 1546 2002 1568 non
2016 1532 2063 1567 est

1186 1586 1251 1618 sola
1263 1584 1470 1624 animalitas·,
1497 1584 1550 1616 sed
1576 1584 1761 1616 animalitas
1780 1583 1893 1621 fimul,
1922 1595 1959 1616 ac
1971 1582 2066 1616 ratio-

1187 1636 1319 1668 nalitas.
1351 1633 1394 1668 Et
1417 1631 1659 1675 hincpredicari
1672 1632 1854 1674 complete,
1878 1632 1928 1666 vel
1943 1633 2066 1667 income

1188 1683 1270 1727 plete
1294 1685 1368 1717 sunt
1395 1684 1514 1725 species
1541 1681 1678 1723 quedam
1692 1682 2064 1723 upraedicarieffemtali-

1186 1743 1231 1767 ter
1253 1757 1261 1765 .
1299 1733 1417 1776 Neque
1443 1733 1534 1766 enim
1559 1731 1802 1775 praedicationes
1821 1731 2040 1766 accidentales
2049 1744 2063 1773 ,-

1188 1784 1240 1817 sed
1265 1784 1333 1825 sole
1354 1783 1532 1817 effentiales
1555 1783 1711 1816 dicuntur
1734 1782 1796 1817 esse
1806 1782 1988 1825 complete,
2017 1781 2068 1816 vel

1189 1834 1405 1876 incomplere.
1433 1832 1515 1866 Item
1529 1832 1595 1867 sola
1609 1833 1767 1875 predicata
1778 1832 1976 1875 essentialia3
1999 1843 2069 1866 non

1189 1894 1298 1917 autem
1323 1883 1537 1917 accidentalia
1561 1882 1714 1915 dicuntur
1728 1884 1790 1915 effe
1805 1882 1988 1925 completa,
2018 1882 2070 1916 vcl

1190 1933 1388 1973 incompleta
1410 1953 1417 1961 .
1445 1937 1485 1964 Et
1510 1937 1587 1962 ratio
1608 1931 1644 1969 est
1657 1933 1740 1965 clara
1761 1954 1770 1963 .
1799 1933 1891 1979 Qia
1915 1932 2071 1975 predicari

1187 1979 1374 2023 complete,
1401 1980 1449 2012 vel
1475 1981 1674 2024 incomplete
1691 1983 1735 2015 est
1758 1981 1866 2015 dicere
1894 1994 1997 2016 totam
2022 1984 2073 2017 es-

1189 2031 1324 2064 sentiam
1339 2054 1349 2070 ,
1382 2030 1433 2063 vel
1453 2031 1552 2064 solam
1578 2042 1699 2073 partem
1711 2033 1843 2074 essentie
1855 2033 2069 2076 sui'subjesti:

1189 2080 1337 2122 adeoque
1361 2080 1521 2121 predicata
1546 2080 1600 2113 illa
1625 2105 1636 2120 ,
1670 2093 1731 2123 que
1755 2083 1958 2124 predicantur
1982 2093 2071 2116 com·

1190 2127 1295 2170 plere,
1324 2127 1375 2159 vel
1398 2128 1595 2168 incomplere
1610 2152 1621 2168 ,
1649 2131 1769 2164 debent
1779 2130 1886 2165 dicere
1898 2133 1946 2166 vel
1964 2143 2070 2167 totam

1189 2177 1379 2215 essentiam,
1406 2176 1457 2210 vel
1471 2187 1591 2220 partem
1615 2179 1749 2221 essentie
1771 2180 1981 2223 suisubjeffl.
2010 2183 2075 2217 At»

1190 2228 1246 2268 qui
1270 2226 1430 2267 predicata
1454 2249 1465 2264 ‚
1500 2238 1567 2267 quae
1588 2228 1635 2260 vel
1659 2238 1773 2262 toram‘
1787 2230 1917 2272 subjecti
1947 2232 2000 2266 sui
2025 2234 2071 2267 es-

1195 2276 1352 2314 sentiam,
1381 2274 1430 2309 vel
1449 2274 1516 2314 ejus
1539 2275 1685 2317 aliquam
1698 2287 1820 2318 partem
1833 2281 1966 2321 dicunt,
1995 2284 2073 2317 sunt

1191 2325 1347 2365 predicata
1371 2323 1569 2357 essentialia:
1599 2326 1645 2357 uti
1669 2326 1713 2358 est
1729 2325 1871 2359 clarum.
1904 2329 1993 2372 Ergo
2006 2343 2072 2375 pre-

255 2377 319 2408 sive
340 2373 500 2407 euentiale
518 2374 629 2414 fuerit,
660 2384 771 2416 parum
796 2374 913 2407 refert.
941 2373 1043 2407 Tales
1055 2374 1125 2406 sum
1189 2373 1295 2407 dicata
1317 2373 1371 2406 illa
1394 2397 1404 2412 ‚
1431 2385 1498 2415 quae
1520 2374 1681 2417 complete
1707 2375 1755 2408 vel
1781 2376 1979 2419 incomplete
1998 2391 2072 2422 prae-

256 2422 328 2464 hae,
356 2426 461 2456 Petrus
474 2422 511 2462 est
521 2424 677 2456 rationalis
691 2446 702 2462 ‚
720 2426 866 2468 Joannes
876 2423 913 2462 est
925 2423 1007 2456 albus
1021 2435 1128 2465 ‚equus
1190 2425 1338 2456 dicantur
1352 2445 1363 2462 ,
1389 2422 1509 2456 debent
1532 2422 1594 2457 esse
1618 2424 1784 2467 praedicata
1806 2427 2005 2468 essentialia,
2032 2442 2070 2465 ac

256 2472 457 2515 estsenfitivus
467 2497 476 2511 ,
501 2473 555 2506 &a
568 2472 759 2507 Praedicatio
771 2479 802 2506 in
810 2475 902 2516 quala
909 2474 985 2516 quid
992 2474 1035 2506 est
1049 2473 1102 2506 illa
1117 2496 1127 2512 ,

253 2534 327 2566 quae
350 2522 477 2556 constat
500 2521 670 2564 praedicato
692 2524 886 2566 complexo,
911 2535 953 2557 ex
973 2534 1041 2557 uno
1055 2522 1126 2556 sub-

254 2573 397 2607 stantivo
410 2594 422 2612 ,
446 2573 480 2606 &
489 2572 592 2606 altero
611 2571 768 2614 adiedivo
780 2574 916 2607 nomine
927 2573 1108 2616 compofito
1121 2598 1128 2605 .

255 2622 360 2656 Tales
382 2623 454 2655 sunt
476 2620 545 2662 hae,
575 2625 686 2655 Petrus
707 2623 746 2663 est
767 2625 886 2656 animal
895 2625 1061 2663 rationale,
1088 2625 1128 2657 leo

255 2672 293 2711 est
307 2670 427 2703 animal
427 2670 526 2711 forte,
554 2671 610 2703 (π.
633 2670 695 2704 Per
721 2673 925 2714 praedicatum
939 2684 1047 2707 autem
1061 2673 1126 2706 sub-

256 2720 434 2755 stantivum
447 2744 457 2759 ‚
484 2720 517 2753 δε
529 2719 723 2762 adjectivum
737 2723 860 2764 semper
873 2724 971 2756 etiam
987 2723 1127 2767 intelligi

257 2771 354 2806 debet
376 2770 581 2813 praedicatum
615 2769 883 2804 substantivatum
904 2772 938 2805 ἀ
965 2772 1128 2814 adjeffiva-

257 2831 327 2855 tum
339 2833 349 2853 .·
376 2820 442 2854 haec
453 2820 543 2854 enim
556 2819 620 2854 illis
633 2822 807 2863 peremnia
818 2821 1009 2865 aequivalent
1018 2845 1026 2854 .

468 2920 503 2953 D
529 2919 568 2954 U
595 2919 622 2953 B
644 2921 660 2954 1
687 2921 727 2956 U
756 2922 797 2955 M
859 2920 919 2955 Vr.

254 3052 258 3057 .
283 3019 415 3064 ,Quldfit
422 3022 598 3063 praedicauo
607 3023 749 3064 completa
759 3022 776 3054 ?
796 3023 886 3066 ,Quid
902 3022 1097 3064 incompleta?

506 3122 529 3156 S
556 3122 585 3155 E
613 3123 644 3156 C
668 3120 705 3155 T
731 3121 746 3155 I
770 3123 803 3156 O
854 3121 880 3154 Ι.

309 3221 395 3264 ,Quid
405 3219 443 3261 fit
459 3224 624 3263 praedlcari
646 3223 780 3266 complete
794 3246 805 3262 ,
828 3223 863 3256 &⁵
887 3223 1097 3264 incompleta?

263 3325 318 3370 63.
446 3325 689 3365 Dverteprima:
717 3323 808 3370 Qid
820 3320 1129 3367 sitpraedicaricom-

464 3371 575 3415 plere,
611 3374 689 3417 quid
723 3373 882 3418 praedicari
912 3371 1127 3415 incomplere-

260 3420 428 3458 Praedicari
453 3421 631 3464 complete,
658 3425 709 3458 seu
732 3422 896 3466 adaequate
917 3422 961 3458 est
973 3422 1128 3467 praedica-

298 3486 300 3488 ·
357 3471 461 3512 christ.
486 3473 671 3515 LuplOpera
682 3477 759 3508 Tom.
782 3475 853 3507 ΧΠ,

1190 2473 1351 2516 praedicari
1376 2473 1602 2507 essentialiter:
1631 2476 1779 2517 adeoque
1802 2476 2067 2518 praedicaricom-

1190 2522 1277 2566 plete
1298 2546 1309 2562 ,
1345 2523 1378 2556 δε
1413 2522 1610 2565 incomplete
1635 2526 1708 2558 sunt
1727 2525 1848 2569 species
1867 2527 2008 2570 quaedam
2025 2551 2057 2569 n

1184 2574 1350 2615 praedicart
1374 2573 1561 2615 essentialiter
1572 2598 1583 2606 .

1238 2623 1293 2669 65.
1322 2621 1376 2657 Ad
1403 2623 1663 2666 praedicationem
1684 2637 1765 2671 ergo
1785 2629 1983 2672 completam
1997 2642 2067 2666 non

1187 2676 1360 2716 requiritur
1375 2696 1386 2712 ,
1411 2683 1446 2706 ut
1470 2674 1676 2717 praedicatum
1690 2677 1776 2710 dicat
1789 2680 1902 2712 omnia
1923 2680 2066 2715 essentia-

1189 2724 1250 2762 lia,
1280 2735 1350 2766 quae
1372 2722 1445 2756 sunt
1475 2725 1508 2756 in
1535 2725 1696 2767 subjeem
1723 2726 1776 2759 sed
1797 2727 1948 2767 suisest,
1974 2729 2064 2772 quod

1188 2772 1273 2807 dicat
1288 2797 1298 2812 ‚
1326 2774 1379 2806 seu
1403 2773 1560 2817 significet
1580 2776 1693 2809 omnia
1716 2776 1913 2816 essentialia,
1939 2779 2063 2820 quaedi-

1188 2834 1305 2856 cuntur
1321 2847 1331 2863 ‚
1358 2824 1411 2856 seu
1424 2824 1649 2867 significantur
1662 2836 1716 2868 per
1729 2825 1901 2869 subjeetum
1914 2840 1928 2869 ;
1955 2830 2064 2873 v.g.in

1190 2873 1239 2907 his
1263 2873 1560 2915 praedicationibus‚
1589 2878 1645 2908 Hoc
1669 2878 1785 2909 animal
1805 2876 1841 2917 est
1851 2879 1984 2917 animal,
2011 2878 2063 2912 boc

1188 2930 1297 2956 vivens
1311 2923 1347 2963 est
1364 2927 1495 2962 vivens,
1522 2923 1572 2958 hoc
1593 2937 1645 2958 ens
1668 2925 1706 2965 est
1716 2937 1787 2966 ens,
1815 2929 1870 2961 &a
1886 2926 2062 2964 Praedicata

1190 2973 1395 3017 praedicantur
1414 2975 1577 3018 complete
1594 3000 1604 3015 ,
1632 2975 1821 3021 faciuntque
1859 2978 2061 3019 praedicatio·

1189 3034 1263 3057 nem
1283 3023 1495 3066 completam.
1530 3025 1616 3070 Qia
1629 3026 1703 3059 licet
1717 3038 1783 3060 non
1800 3028 1975 3070 importent
1987 3039 2056 3063 om·

1185 3074 1243 3125 §nia
1255 3073 1456 3114 essentialia,
1484 3085 1554 3115 qua:
1568 3075 1685 3109 suntin
1698 3076 1855 3118 subjecto,
1885 3078 2062 3121 important

1188 3133 1295 3157 tamen
1324 3124 1438 3157 omnia
1463 3125 1637 3158 essentialia
1652 3150 1662 3164 ‚
1690 3136 1753 3169 que
1773 3129 1987 3170 importantur
2008 3138 2061 3172 per

1189 3173 1384 3216 subjeetum.
1412 3173 1514 3219 Qud
1538 3175 1594 3208 ista
1624 3176 1784 3218 predicata
1803 3189 1868 3209 non
1884 3178 2061 3222 importent

1189 3225 1302 3257 omnia
1327 3222 1523 3264 essentialia,
1551 3236 1613 3268 que
1637 3226 1756 3259 suntin
1770 3226 1929 3270 subjecto,
1953 3229 2062 3270 proba-

1189 3282 1238 3306 tur
1252 3285 1259 3304 ε
1289 3273 1377 3319 Qa
1392 3272 1590 3316 predicatum
1603 3275 1646 3308 est
1659 3278 1775 3308 animal
1785 3289 1798 3318 ;
1827 3277 2001 3321 subjestum
2014 3277 2061 3312 est

1191 3322 1240 3355 boc
1264 3322 1382 3354 animal
1405 3335 1413 3354 :
1439 3325 1529 3367 atqui
1553 3326 1586 3358 in
1609 3324 1674 3359 hoc
1693 3326 1828 3360 animali
1856 3329 1929 3361 sunt
1951 3329 2060 3371 aliqua

1194 3372 1387 3412 essentialia,
1417 3384 1480 3416 que
1491 3385 1557 3408 non
1574 3375 1792 3418 importantur
1803 3401 1814 3418 ‚
1827 3388 1932 3421 neque
1945 3377 2061 3421 fignifi-

1197 3435 1230 3459 ca
1238 3432 1312 3457 ntur
1323 3433 1377 3467 per
1391 3424 1599 3467 praedicatum
1611 3427 1744 3459 animal:
1771 3437 1849 3472 ergo
1862 3426 2059 3473 predicatum

1648 3475 1712 3510 Aa
1761 3487 1779 3524 3
1943 3486 2012 3509 non
