2384 3770
60 1531 153 1583 Cap.
165 1546 220 1584 25.

553 104 882 148 SANcrt

221 195 364 237 Ideoque
376 191 410 224 in
423 187 538 232 quaevis
550 182 736 219 orthodoxa
749 179 866 224 templa
881 179 1091 220 irrumpentes
1105 196 1109 220 ,

222 253 378 287 repertam
397 240 463 272 illic
479 234 711 271 Eucharistiam
734 232 868 266 canibus
892 240 928 261 ac
944 225 1091 270 porcisin

225 297 340 329 terram
364 287 574 333 proiiciebant
598 310 609 326 ,
643 282 840 327 pedibusque
859 278 1070 312 conterebant
1085 298 1092 306 .

225 342 347 376 Tertio
357 366 367 380 ‚
385 338 525 381 idipsum
536 335 699 370 faciebant
712 331 752 364 de
768 331 878 364 sansto
892 326 1094 362 Chrismate:

227 394 267 427 In
290 389 484 426 orthodoxis
506 387 595 428 eni-m
616 380 840 416 Sacerdotibus
862 378 985 411 nullam
1011 375 1094 410 dice·

230 445 309 477 bant
333 440 395 474 effe
418 437 606 482 potestatem
627 430 760 473 alicujus
779 428 930 464 elementi
955 425 1095 462 san-stifi-

230 491 347 527 candi.
371 486 521 535 Qarto,
542 493 656 518 omnes
678 480 718 514 ab
737 479 933 513 orthodoxis
945 476 1095 510 Sacerdo-

229 542 319 576 tibus
343 540 540 582 baptizatos,
562 533 775 566 confirmatos
796 554 807 570 ‚
827 528 996 564 ordinatos
1014 551 1024 566 ,
1045 525 1096 559 de·

229 592 301 626 nuo
325 590 390 622 istis
410 586 523 619 iisdem
544 579 757 617 Sacramentis
780 578 978 612 initiabant:
1003 576 1097 609 Dice·

231 639 504 679 bantquippceos
517 632 648 667 nulliter
673 631 838 663 initiatos.
866 626 1012 674 Qintc3‚
1038 628 1097 660 Or·

232 689 459 724 thodoxorum
480 684 592 718 altaria
613 681 769 715 radebant
781 691 817 712 ac
827 678 1026 718 exurebant3
1047 686 1099 709 ca*

231 741 312 773 lices
325 760 335 775 ‚
354 735 482 778 aliaque
493 735 563 767 vasa
575 734 676 765 sansta
690 729 882 773 frangebant
892 753 901 768 ,
917 729 1012 763 frasta
1025 737 1098 760 con·

234 788 381 825 flabant,
403 784 546 819 conflata
567 783 666 816 etiam
699 778 880 814 idololatris
903 776 1100 817 vendebaut3

232 837 445 872 Basilicarum
474 835 610 877 parietes
640 842 677 864 ac
714 831 899 874 pavimenta
933 826 1100 860 lavabant:

233 887 381 929 Ajebant
403 885 523 928 quippe
544 894 581 916 ea
600 879 712 914 omnia
736 880 798 913 effe
820 878 838 910 ὲ
860 876 1033 920 prophanis
1054 887 1104 908 or-

233 937 462 970 :hodoxorum
490 930 652 967 sacrificiis
669 941 706 964 ac
727 927 930 963 contastibus
950 927 1029 959 fasta
1041 927 1103 960 este

232 987 376 1029 leprosa.
404 983 525 1023 Sexto,
549 981 638 1015 laicis
661 978 832 1014 catholicis
850 979 886 1010 in
909 979 973 1011 suis
995 987 1103 1009 caeme·

234 1037 327 1070 teriis
350 1034 515 1079 negabant
538 1031 756 1075 sepulturam:
778 1028 934 1062 Dicentes
964 1027 1103 1061 sanctam

235 1086 326 1119 suam
350 1094 465 1119 terram
489 1084 506 1116 a
528 1080 705 1126 prophanis
738 1078 803 1113 istis
828 1076 1016 1120 corporibus
1038 1088 1104 1109 non

235 1136 326 1179 poffe
338 1132 576 1169 contaminari.
604 1130 751 1174 Septimo
772 1129 914 1170 denique
927 1152 936 1167 ,
947 1126 1107 1169 jactabant

236 1187 271 1219 se
287 1184 374 1218 solos
387 1185 512 1217 sanctos
524 1207 535 1222 ,
555 1182 731 1223 omnesque
744 1179 802 1212 sub
822 1179 900 1211 caelo
913 1178 1021 1210 fideles
1032 1188 1108 1221 gen·

236 1246 287 1268 tes
312 1245 351 1267 ex
366 1233 532 1266 Caeciliani
547 1231 784 1264 communione
799 1228 937 1271 pollutas
957 1227 1020 1260 effe
1034 1251 1044 1266 ,
1066 1236 1107 1260 at·

237 1294 302 1326 que
322 1280 409 1315 adet}¹
426 1280 467 1314 ab
488 1281 557 1321 ipfis
580 1281 641 1312 effe
666 1279 798 1311 Christo
832 1275 1087 1311 reconciliandas
1102 1300 1109 1307 .

235 1332 283 1366 Et
307 1331 439 1374 quidem
454 1329 541 1363 hisce
565 1327 684 1361 rabidis
707 1326 874 1359 violentiis
897 1337 1032 1359 omnem
1054 1326 1109 1359 fer-

237 1381 292 1416 me
305 1380 425 1414 Africae
443 1380 577 1413 Clerum
590 1389 628 1412 ac
650 1377 808 1420 populum
832 1376 871 1409 ad
897 1377 965 1408 suas
988 1385 1111 1408 traxere
1128 1400 1131 1405 .

238 1442 365 1475 partes.
387 1429 521 1463 Testem
546 1427 674 1461 adduco
702 1428 843 1460 sanctum
863 1423 1087 1468 Augustinum
1100 1449 1110 1464 ‚

239 1483 275 1515 in
295 1481 379 1515 libro
404 1480 442 1512 de
465 1480 591 1512 unitate
615 1476 764 1511 Ecclefiae
786 1477 827 1508 fic
859 1475 1050 1508 scribentem
1073 1475 1113 1509 de

240 1532 301 1565 isto
326 1530 449 1573 populo
472 1529 506 1562 δε
530 1528 649 1562 Clero.
677 1528 769 1559 Salva
792 1524 968 1567 conscientia
999 1525 1112 1558 litteris

237 1582 363 1615 Concilii
374 1604 384 1620 ,
398 1577 486 1623 quod
499 1576 700 1621 Carthagine
713 1575 864 1610 adversus
892 1576 1112 1609 innocentem

221 1629 455 1666 ‘Caecilianum
477 1628 627 1662 fastiosus
651 1626 819 1660 Secundus
846 1626 1026 1669 Episcopus
1051 1624 1114 1658 Ti-

66 2629 102 2665 L.
125 2643 161 2667 ιι..

240 1680 397 1726 gifitanus
423 1689 499 1712 cum
520 1678 565 1711 sui
589 1675 747 1710 similibus
772 1686 913 1718 nequam
942 1675 1110 1719 Episcopis

240 1730 440 1766 celebrarat:
468 1729 683 1761 crediderant:
719 1731 827 1768 Neque
838 1731 915 1759 enim
933 1726 970 1757 ab
992 1725 1116 1758 bomini-

240 1781 296 1814 bus
320 1782 357 1813 de
380 1781 448 1812 aliis
470 1777 638 1811 hominibus
662 1778 784 1817 aliquid
801 1775 972 1811 incredibile
997 1775 1111 1808 diceba·

241 1839 293 1864 tur
309 1854 318 1870 ‚
345 1837 396 1862 aut
417 1834 458 1862 eir
478 1837 580 1862 contra
605 1827 809 1870 Evangelium
828 1826 1001 1859 credebatur
1027 1851 1034 1858 .
1061 1827 1118 1858 Sed

239 1880 426 1923 posteaquam
446 1880 492 1911 illi
510 1876 658 1919 furiosam
677 1883 877 1918 pertinaciam
897 1875 985 1918 usque
1006 1873 1115 1917 addis.

241 1928 398 1974 senlt'onem
415 1927 589 1971 sacrilegam
607 1937 712 1961 eontra
734 1936 829 1959 totum
852 1926 949 1958 orbem
971 1924 1116 1963 Christia—

246 1990 317 2011 num
334 1983 515 2009 contentione
545 1976 756 2014 obstinatissima
771 1978 979 2014 perduxerunt
991 1998 1001 2012 ‚
1024 1984 1118 2014 atque

245 2030 375 2060 innotuit
399 2025 480 2057 bonis
499 2024 663 2065 fidelibus,
689 2035 759 2065 ques
781 2026 800 2053 ἁ
822 2024 986 2054 Caeciliano
1008 2024 1117 2053 aliena-

245 2073 434 2114 verarfalsa
444 2079 610 2105 criminatio
627 2084 636 2112 3
657 2073 803 2103 viderunt
815 2069 849 2110 se
862 2093 872 2107 ,
901 2070 971 2108 fiin
985 2073 1037 2101 illa
1046 2082 1119 2101 com-

242 2127 380 2157 munione
392 2120 594 2162 persisterent,
613 2129 669 2151 non
692 2121 756 2156 iam
777 2118 814 2150 de
837 2119 965 2157 quodam
1003 2116 1118 2149 homine

241 2173 300 2207 vel
318 2174 354 2204 de
372 2168 547 2213 quibusdam
571 2167 736 2201 hominibus
748 2192 758 2208 ‚
777 2165 831 2209 sed
851 2168 887 2199 de
908 2165 1035 2206 Ecclesia
1061 2175 1118 2199 toto

242 2234 392 2256 terrarum
414 2220 480 2253 orbe
501 2217 614 2260 diffusa
629 2227 760 2259 pravum
772 2216 878 2249 habere
884 2219 1035 2256 judicium
1051 2241 1061 2256 ‚
1085 2218 1118 2250 (y

244 2275 413 2305 maluerunt
427 2269 536 2309 Christi
549 2270 717 2312 Evangelio
729 2293 738 2307 ,
759 2279 850 2309 quam
861 2266 1045 2310 Collegarum
1056 2278 1117 2300 con-

245 2324 311 2354 cilio
327 2322 461 2353 credere.
494 2324 596 2359 Itaque
624 2320 686 2350 illis
716 2317 823 2349 relictis
836 2341 846 2356 ,
867 2328 934 2348 mox
957 2318 1004 2348 ad
1022 2316 1117 2348 catho-

246 2372 336 2404 licam
351 2378 455 2411 pacem
477 2369 607 2401 multi&
633 2365 771 2410 Episcopi
792 2368 824 2400 (εἰ
837 2366 945 2398 Clerici
967 2368 999 2399 (y
1019 2368 1119 2408 populi

243 2422 420 2454 redierunt.
451 2418 610 2451 Videntes
636 2429 730 2459 porro
753 2416 855 2449 rabidi
880 2416 1118 2450 Donatissaeto·

244 2481 313 2503 tam
327 2469 366 2502 ad
381 2469 410 2501 se
422 2477 589 2501 occurrere
611 2466 758 2500 Africam
771 2491 781 2505 ‚
804 2475 981 2509 antequam
996 2465 1034 2499 ad
1047 2478 1118 2499 ma·-

243 2531 327 2553 trem
354 2517 588 2556 Catholicam,
612 2526 801 2557 recurreret,
829 2516 1018 2549 commisere
1041 2517 1119 2549 faci-

245 2580 327 2603 nora
353 2569 408 2601 ista
433 2568 600 2610 plusquam
613 2566 795 2604 diabolica,
815 2566 854 2599 de
875 2564 991 2609 quibus
1015 2567 1119 2600 itadi-

242 2621 292 2653 cit
315 2620 437 2652 sanetus
460 2618 641 2659 Episcopus
664 2618 822 2659 Optatus.
850 2620 916 2649 Nec
938 2618 1120 2657 maleimpo-

244 2671 342 2703 nendo
366 2667 500 2700 omnibus
521 2667 667 2707 capitibus
694 2679 831 2704 manum,
854 2665 1007 2707 eversionis
1034 2668 1118 2700 vela-

247 2729 350 2752 menta
375 2718 595 2758 praetenderent
616 2741 626 2756 ,
649 2727 699 2748 nec
722 2718 928 2749 maledicerent
954 2718 1014 2749 Deo
1036 2740 1047 2755 ‚
1070 2728 1119 2749 nec

244 2769 472 2809 rebaptizarent
490 2767 617 2809 fideles.
643 2766 685 2799 Et
705 2776 825 2799 rursum
849 2790 855 2797 .
897 2770 978 2810 Ergo
1000 2769 1117 2810 linguas

243 2818 361 2859 vestras
384 2817 503 2856 acuistis
529 2823 560 2848 in
581 2817 715 2860 gladiot,
741 2827 815 2857 quas
839 2816 968 2855 movistis
993 2823 1025 2848 in
1041 2829 1118 2849 mor-

245 2877 313 2908 tes,
338 2879 394 2899 non
421 2876 567 2908 corporum
589 2892 599 2907 ,
618 2864 675 2908 sed
697 2865 835 2899 honorum
857 2890 863 2896 .
885 2866 1038 2908 Ingulastis
1062 2879 1118 2899 non

245 2918 381 2951 membra
396 2940 407 2956 ‚
425 2916 485 2959 scd
500 2922 634 2949 nomina.
657 2917 746 2958 ‚Quid
762 2914 896 2956 prodest,
918 2922 987 2956 quia
1010 2922 1120 2949 vivunt

245 2969 379 3002 homines
401 2991 410 3006 ‚
448 2970 481 3000 (⁷5
509 2966 586 3003 occifi
600 2965 670 3008 sunt
696 2965 813 2997 honoret
837 2968 856 2996 ἃ
880 2964 986 2998 vobis?
1011 2967 1119 3000 Valent

243 3020 365 3061 quidem
377 3016 518 3049 membris
531 3040 541 3055 ‚
556 3014 612 3058 sed
633 3024 740 3057 ereptae
749 3023 873 3057 portant
895 3014 1005 3055 funera
1024 3018 1119 3061 digni-

245 3075 322 3102 tatis
340 3093 347 3100 .
375 3066 563 3106 Extendistis
584 3071 663 3099 enim
689 3078 810 3097 manum
831 3090 841 3106 ,
877 3067 908 3098 (zi
928 3064 1018 3107 super
1038 3079 1119 3100 omne

244 3126 337 3159 caput
352 3116 506 3158 mortifera
522 3118 675 3149 velamina
684 3114 905 3156 praetendillis:
936 3119 973 3147 Ut
992 3127 1054 3148 cum
1058 3116 1120 3158 sint

247 3177 375 3211 quatuor
391 3177 502 3209 genera
528 3173 661 3208 capitum
689 3172 719 3197 in
745 3164 871 3206 Ecclefia
889 3164 1118 3207 Episcoporum,

249 3218 508 3257 Presbyterum,
537 3221 733 3250 Diaconorum
745 3238 754 3254 ‚
772 3218 805 3248 (9⁸
827 3215 961 3256 fidelium
977 3239 987 3255 ‚
1007 3228 1058 3249 nec
1068 3223 1118 3248 uni

242 3277 369 3312 parcere
391 3267 518 3306 voluistis
530 3289 538 3297 .
566 3265 729 3306 Evertistis
741 3271 859 3297 animas
872 3264 1035 3298 bominum.
1061 3271 1119 3300 Hos

248 3318 334 3351 ae‘lus
359 3315 462 3355 vestro:
487 3318 565 3348 dolet
591 3320 670 3349 Deus
696 3340 706 3355 ,
739 3322 770 3347 in
793 3313 949 3348 Ezechiele-
971 3315 1117 3357 Propheta

244 3379 314 3401 cum
335 3369 405 3399 dicit
419 3391 428 3405 ,
456 3370 509 3399 Vae
523 3365 707 3406 facientibus
731 3367 890 3404 velamen,
915 3364 965 3398 hoc
987 3366 1023 3405 est
1036 3390 1046 3406 ,
1067 3372 1118 3398 im>

243 3417 428 3463 ponentibus
449 3428 572 3449 manum
585 3415 675 3458 super
694 3427 808 3448 omnem
832 3417 1019 3457 ‹statem-ad
1033 3428 1117 3454 ever-

341 3464 451 3505 Cbrist.
482 3469 563 3510 Lupi
588 3469 684 3510 Opera
710 3469 791 3499 Tom.
817 3467 890 3500 XII.

953 96 1497 138 Au'Gusrtur.

1132 783 1136 786 ”
1164 770 1404 806 maledicebant
1424 795 1431 802 .

1936 97 1960 126 2
1974 92 1991 137 5

1155 174 1262 207 tendas
1285 176 1404 205 animas
1418 194 1425 200 .
1453 167 1594 207 Invenisti
1612 176 1718 208 pueros
1748 182 1759 201 .·
1779 171 1824 201 De
1843 171 2027 209 paeniientt'a

1162 221 1315 266 sauciastis
1331 244 1342 259 ‚
1369 230 1404 252 ne
1426 219 1536 260 aliquis
1550 219 1685 250 ordinari
1692 218 1865 260 potuissent.
1896 215 2027 260 Agnosci-

1157 283 1185 306 te
1206 283 1259 304 vos
1276 275 1394 303 animas
1407 268 1555 311 evertiffe.
1584 266 1740 304 invenistis
1756 268 1861 308 fideles
1873 276 2029 310 antiquos:

1150 321 1264 365 fecistis
1284 325 1484 362 paenitentes.
1517 314 1663 360 Agnofiite
1678 326 1732 351 vos
1755 325 1872 350 animas
1884 317 2029 360 evertiffe.

1158 370 1315 409 Invenistls
1342 371 1510 406 Diaconos,
1537 365 1724 404 Presbyteros
1739 388 1750 404 ι
1777 365 1934 408 Episcopos
1950 393 1958 406 ,
1975 366 2033 409 ,ίὲ-

1158 422 1234 462 cistis
1258 424 1361 454 Laicos
1375 444 1383 451 .
1412 415 1563 463 agnoscite
1582 428 1637 453 vos
1659 421 1781 449 animas
1804 417 1954 459 evertiffe.
1979 419 2034 450 50-

1158 479 1221 507 cius
1242 473 1275 506 (9¹
1295 480 1385 503 comes
1407 467 1498 503 veller
1509 469 1580 508 jam
1602 466 1715 499 dudum
1725 464 1835 505 fuerat
1857 489 1867 504 ,
1888 473 1933 499 cui
1955 477 2033 501 nunc

1159 534 1265 555 manus
1289 519 1402 566 mser„
1420 522 1514 553 comm·
1533 517 1616 557 estis.
1649 517 1691 550 Et
1715 511 1781 547 haec
1807 515 1949 553 facinora
1962 518 2035 550 sunt

1161 571 1356 609 Diabolicus
1379 568 1436 602 iste
1461 569 1555 607 fons,
1577 577 1617 600 ex
1639 576 1708 608 quo
1731 562 1784 607 per
1808 575 1943 598 omnem
1968 576 2036 602 om-

1162 623 1242 656 nino
1267 619 1414 660 Africam
1435 628 1529 654 enata
1550 616 1596 657 est
1627 613 1815 654 miserabilis
1835 614 1893 650 ista
1924 616 2037 658 ἰῦθΡῐπ

1162 672 1367 707 Clericorum
1380 696 1388 703 .

1212 722 1325 755 Primo
1349 722 1458 765 itaque
1491 717 1602 752 fideles
1626 715 1870 761 rebaptizabant
1901 726 1938 749 ac
1964 715 2040 753 Deo

1459 769 1542 814 Qae
1560 768 1698 804 obscura
1726 765 1820 801 verba
1844 765 2040 809 explicanda

1166 825 1238 857 sunt
1259 833 1299 858 ex
1320 822 1386 859 iis,
1409 830 1479 866 quae
1497 820 1622 858 sanctus
1645 815 1852 862 Augustinus
1873 816 1981 865 scribit
2003 817 2039 850 in

1166 873 1255 906 libris
1278 872 1427 905 adversus
1451 869 1685 911 Cresconium‚
1712 868 1754 900 fic
1776 867 1888 906 dicens
1910 868 1950 901 de
1970 867 2042 901 Do-

1168 923 1309 956 natistis.
1343 916 1558 968 Cumaliquem
1573 932 1610 955 ex
1622 919 1722 959 nestris
1739 914 1877 959 fidelibus
1891 918 1980 958 vestri
1992 929 2039 951 ne·
2061 921 2101 954 L.
2118 932 2148 958 2·
2171 932 2200 956 c.

1159 973 1273 1015 fandis
1294 972 1523 1004 interimendum
1540 970 1654 1012 infidiis
1675 975 1850 1009 excipiunt,
1872 981 1937 1003 cum
1958 969 2042 1009 apud
2062 982 2094 1021 5.

1169 1035 1218 1056 nos
1231 1024 1300 1062 jam
1311 1021 1499 1062 baptizatum
1513 1033 1562 1054 nec
1584 1018 1692 1062 caepe'ffe
1707 1022 1810 1053 dicunt
1822 1021 1872 1063 effe
1896 1018 2041 1059 Christia-

1169 1084 1238 1107 num
1254 1096 1264 1111 ‚
1291 1080 1515 1112 cumtamquam
1526 1073 1681 1113 Paganum
1691 1070 1861 1111 exufflant‚
1887 1082 1952 1103 cum
1963 1078 2043 1103 cate-

1169 1123 1344 1156 chumenum
1359 1120 1504 1163 faciunt,
1526 1130 1559 1152 ut
1576 1128 1754 1161 praeparent
1764 1122 1870 1156 deinde
1892 1127 2042 1163 retingen-

1171 1175 1265 1212 dum,
1288 1173 1339 1205 vel
1350 1177 1450 1215 potius
1470 1170 1714 1214 exstinguendum
1739 1193 1746 1200 .
1773 1170 1815 1202 Et
1839 1170 1872 1204 in
1897 1165 2043 1213 Epistola

1171 1223 1212 1256 ad
1235 1230 1412 1265 cognatum
1433 1222 1524 1254 suum
1546 1221 1736 1254 Severinum
1750 1243 1758 1251 .
1782 1224 1886 1262 Itaque
1910 1227 2044 1256 innocen·
2065 1209 2167 1255 Epist*

1171 1282 1216 1305 tes
1240 1273 1489 1313 rebaptizantur,
1511 1272 1544 1304 (r
1567 1269 1701 1310 Christus
1723 1276 1756 1303 in
1777 1272 1978 1305 innocentibus
1992 1282 2044 1308 en·
2070 1271 2146 1308 170-

1173 1322 1299 1364 ufffatur
1312 1346 1319 1353 .
1348 1321 1438 1356 Sicut
1457 1320 1576 1365 quippe
1595 1332 1654 1355 nos
1677 1323 1711 1355 iu
1733 1321 1976 1356 catechumenis
1991 1334 2047 1364 no-⁴

1177 1373 1245 1406 stris
1258 1373 1496 1411 exorcizamus‚
1522 1369 1723 1412 adjuramus,
1747 1372 2047 1415 atqueexufflamus

1177 1422 1359 1457 Diabolum
1384 1421 1449 1458 illis
1470 1422 1487 1454 a
1517 1424 1622 1464 primo
1642 1431 1778 1465 peccato
1807 1422 2066 1461 subintrusum,.

1175 1472 1390 1516 cogimusque
1411 1473 1540 1506 eosdem
1562 1470 1814 1508 catechumenos
1837 1498 1846 1514 ,
1875 1485 1909 1506 ut
1934 1473 2046 1507 domi·
2067 1463 2070 1467 ’

1177 1525 1268 1556 nauti
1281 1523 1316 1557 in
1340 1523 1370 1555 se
1384 1521 1531 1562 Diabolo
1550 1521 1809 1561 abrenunciem,
1838 1522 2051 1556 maledicant-

1177 1585 1238 1616 que
1265 1598 1275 1613 ‚
1298 1581 1396 1615 atque
1418 1573 1521 1615 ipsum
1546 1583 1620 1605 cum
1646 1574 1738 1606 omni
1766 1573 1819 1606 sua
1843 1585 1962 1616 pompa
1985 1572 2050 1615 eju-

1177 1634 1275 1665 rent;
1297 1626 1340 1656 ita
1360 1623 1530 1666 facinorosi
1555 1623 1739 1656 Donatistae
1761 1624 1888 1657 nostros
1908 1623 2066 1666 baptiza-.

1178 1684 1252 1714 tos,
1278 1673 1456 1716 &quidem
1470 1684 1504 1706 ut
1527 1675 1560 1707 in
1585 1671 1670 1706 libro
1696 1672 1736 1707 de
1760 1674 1862 1707 unico
1890 1673 2051 1716 baptismo

1178 1723 1309 1759 testatur
1322 1723 1524 1767 Augustinus
1541 1746 1552 1763 ,
1575 1723 1675 1757 etiam
1689 1723 1861 1757 Diaconos
1877 1749 1887 1764 ‚
1914 1724 2052 1766 Presby-

1179 1785 1268 1810 toros
1288 1785 1325 1807 ac
1347 1774 1523 1818 Episcopos
1548 1772 1710 1808 faciebant
1734 1776 1808 1808 suos
1835 1774 2052 1807 Catechume·

1182 1837 1266 1864 nos,
1292 1825 1435 1866 atquein
1462 1826 1530 1867 ipso
1553 1823 1787 1858 exorcizabant
1800 1836 1897 1867 atque
1918 1823 2054 1857 exuffla-

1180 1875 1258 1909 bant
1287 1874 1396 1908 datam
1419 1875 1436 1907 a
1460 1875 1556 1908 nobis
1577 1874 1801 1916 baptismalem
1825 1884 1941 1916 aquam
1975 1886 2058 1908 tam·

1181 1936 1278 1965 quam
1298 1924 1459 1966 pollutam
1470 1935 1508 1956 ac
1529 1921 1728 1961 scabiosam,
1754 1922 1872 1965 eosque
1900 1924 1986 1966 ipsos
1999 1935 2058 1958 no·

1182 1973 1261 2005 stros
1274 1972 1454 2013 baptizatos
1466 1971 1628 2014 cogebant
1650 1972 1689 2005 ad
1713 1970 1855 2015 ejusdem
1881 1984 1971 2015 aquae
1990 1975 2057 2017 eju-

1182 2022 1341 2055 rationem
1366 2031 1404 2053 ac
1427 2021 1711 2056 maledictionem:
1743 2024 1845 2069 Qod
1868 2024 2058 2067 utiqueerat

1183 2070 1373 2115 maledicere
1397 2068 1452 2109 ipsi
1477 2070 1552 2101 Deo
1576 2080 1614 2102 ac
1635 2070 1790 2109 Christo,
1814 2072 1847 2104 in
1872 2074 1964 2116 cujus
1984 2087 2060 2108 ⁴no-

1182 2119 1271 2150 mine
1295 2126 1378 2159 aqua
1402 2116 1460 2150 ista
1482 2118 1586 2151 fuerat
1608 2117 1681 2152 data
1694 2130 1732 2153 ac
1754 2120 1969 2158 sanctificata.
1996 2126 2062 2159 De-

1181 2166 1318 2200 lirabant
1341 2177 1396 2209 per
1419 2177 1534 2209 aquarn
1558 2167 1652 2201 istam
1676 2168 1711 2202 in
1730 2169 1909 2213 baptizatos
1933 2174 2062 2208 nostr'os

1184 2216 1405 2251 introductum
1432 2218 1494 2250 esse
1516 2229 1637 2252 novum
1675 2221 1859 2263 malignum
1889 2223 2058 2265 spiritum,

1182 2269 1277 2309 eique
1305 2278 1359 2309 per
1382 2267 1488 2300 varios
1510 2269 1710 2302 exorcismos
1732 2294 1743 2310 ,
1770 2272 2003 2307 exufflationes
2023 2285 2060 2308 ae

1183 2329 1298 2351 manus
1321 2317 1542 2359 impositiones
1563 2319 1824 2354 maledicebant:
1853 2323 1956 2368 Qiod
1976 2335 2062 2358 reve-

1182 2368 1213 2401 ra
1232 2378 1298 2401 erat
1309 2367 1500 2401 maledicere
1523 2367 1576 2410 ipfi
1590 2369 1715 2410 spiritui
1741 2371 1850 2407 sanilo
1867 2382 1927 2419 per
1938 2385 2060 2417 aquam

1183 2418 1274 2450 istam
1299 2417 1455 2451 veraciter
1481 2418 1681 2451 introducto.
1707 2422 1811 2460 Erat,
1835 2422 1968 2466 inquam
1985 2448 1995 2465 ,
2023 2433 2059 2458 ut

1183 2469 1302 2501 sanstus
1315 2467 1521 2512 Augustinus
1534 2469 1680 2511 loquitur
1691 2495 1700 2508 ,
1718 2469 1885 2507 Christum
1898 2497 1908 2512 ‚
1931 2473 2062 2507 datum-

1181 2529 1243 2561 que
1266 2517 1308 2551 ab
1332 2518 1402 2562 ipso
1424 2518 1566 2552 faustum
1589 2519 1735 2561 spiritum
1760 2522 1878 2563 pellere
1905 2534 1943 2556 ac
1967 2525 2063 2558 exuf-

1182 2568 1279 2601 flare:
1308 2568 1400 2602 Hinc
1422 2569 1503 2601 dicit
1529 2570 1612 2602 idem
1637 2571 1761 2605 sanstus
1783 2573 1950 2618 Optatus:
1972 2576 2061 2618 ,Quid
2081 2567 2119 2603 L.
2139 2576 2173 2611 a*

1179 2623 1312 2658 iniquius
1334 2642 1343 2656 ‚
1367 2629 1457 2659 quam
1474 2626 1642 2652 exorcizare
1662 2618 1807 2661 spiritum
1824 2622 1992 2665 sanc‘lum?
2016 2625 2057 2658 E·

1182 2669 1281 2701 renim
1295 2668 1350 2708 qui
1375 2666 1545 2702 hominem
1562 2670 1709 2713 legitime
1732 2672 1929 2714 baptizatum
1948 2673 2057 2709 denuo

1181 2718 1357 2752 catechizat
1379 2730 1416 2751 ac
1437 2721 1626 2758 exorcizat,
1647 2721 1813 2757 exorcizat
1838 2735 1946 2758 revera
1970 2725 2058 2768 spiri.-

1181 2779 1251 2801 tum
1275 2769 1417 2802 sanctum
1443 2770 1475 2803 in
1499 2771 1568 2813 ipso
1592 2768 1808 2808 habitantem.
1842 2773 1944 2809 Teste
1969 2786 2057 2808 narn-

1181 2830 1244 2859 que
1270 2817 1464 2862 Augustino
1485 2819 1518 2852 in
1543 2819 1632 2854 libris
1658 2820 1697 2854 de
1721 2822 1904 2864 baptismo,
1931 2824 1964 2856 in
1988 2835 2058 2858 om·

1183 2869 1215 2901 ni
1242 2869 1406 2911 baptizato
1431 2868 1554 2903 habitat
1578 2871 1705 2911 spiritus
1727 2875 1869 2914 sanctus,
1897 2875 1974 2907 licet
1999 2885 2056 2907 non
2081 2872 2117 2906 L.
2143 2882 2176 2919 ς.
2198 2884 2229 2908 c·

1181 2917 1267 2960 usque
1289 2920 1332 2951 ad
1352 2924 1427 2951 vitoe
1444 2918 1711 2961 santificationem
1733 2948 1743 2965 ,
1773 2932 1880 2957 tamen
1895 2924 1983 2968 usque
2014 2926 2056 2960 ad
2079 2933 2135 2966 24·

1180 2971 1365 3001 Sacramenti
1381 2977 1593 3011 perceptionem
1612 2995 1619 3003 .

1230 3019 1405 3059 Secundo,
1434 3021 1627 3055 innocentes
1640 3023 1787 3064 quosque
1807 3034 1921 3065 pueros
1943 3025 1983 3058 de
1996 3037 2053 3067 pae·

1181 3069 1317 3103 nitentia
1341 3069 1525 3103 sauciabant
1544 3096 1554 3111 ‚
1590 3083 1629 3103 ne
1645 3071 1745 3115 aliqui
1765 3072 1910 3107 ordinari
1935 3076 2056 3117 potuis-

1179 3118 1264 3152 sent.
1293 3119 1375 3166 Qae
1392 3118 1483 3152 verba
1507 3121 1661 3162 explicari
1683 3122 1803 3157 debent
1821 3135 1876 3166 per
1899 3124 1985 3158 hunc
2004 3136 2055 3158 ca-

1181 3180 1299 3202 nonem
1325 3171 1428 3212 quarti
1454 3169 1600 3203 Con-:ilii
1622 3171 1901 3217 Carthaginensis.
1930 3177 2055 3216 Expoe·
2078 3172 2158 3219 Cap·
2173 3171 2230 3210 68.

1179 3219 1345 3251 nitentibus
1364 3242 1375 3257 ‚
1404 3226 1543 3259 quamuis
1559 3218 1596 3260 fit
1616 3220 1706 3254 bonus
1727 3248 1737 3263 ,
1770 3225 1899 3256 Clericus
1920 3235 1977 3257 non
2008 3236 2049 3257 or-

1162 3270 1302 3314 ldineiur
1329 3293 1335 3300 .
1382 3270 1414 3301 51‘
1438 3276 1494 3308 per·
1523 3275 1724 3313 ignorantiam
1756 3271 1897 3313 Episcopi
1930 3274 2052 3314 facVum

1161 3334 1164 3358 ρ
1173 3318 1268 3359 fuerit
1288 3342 1298 3356 ,
1332 3318 1496 3357 deponatur
1517 3321 1537 3351 ᾶ
1558 3323 1644 3353 Clero
1664 3346 1674 3361 ,
1712 3328 1782 3363 quia
1799 3320 1832 3363 fi·
1855 3324 2051 3358 ordinationis

1161 3376 1305 3409 >tempore
1326 3378 1383 3399 non
1398 3369 1535 3408 prodidit
1553 3370 1644 3413 fuisse
1654 3376 1866 3411 paenitentem.
1896 3375 1927 3405 si
1952 3382 2051 3409 autem

2076 1708 2158 1752 Cap.
2177 1718 2233 1746 11.

1160 3403 1165 3443 l
1179 3416 1274 3460 sciens
1300 3415 1466 3461 Episcopus
1488 3419 1575 3453 talem
1599 3421 1806 3465 ordinaverit,
1823 3428 1917 3457 etiam
1938 3423 2001 3466 ipse
2012 3425 2051 3466 ab

1636 3469 1668 3504 C
1928 3471 2017 3517 Epis.
