2384 3770
391 100 487 162 278

339 186 410 213 non
439 179 593 222 importat
620 177 735 211 omnia
774 177 953 216 essentialia
966 203 978 220 ,
997 190 1067 226 quae
1087 181 1160 216 sunt
1180 178 1213 215 in

339 226 484 275 subjecto
499 252 507 260 .
533 227 682 262 Probatur
704 235 819 264 minor:
847 229 937 279 Qia
951 227 1016 267 hoc
1035 229 1158 265 animal
1169 227 1214 265 est

340 276 473 322 aliquod
489 278 611 311 animal
624 278 811 323 fingulare;
832 291 910 323 cape
922 280 1013 323 quod
1031 281 1066 314 sit
1088 280 1213 318 Petrus,

341 325 394 359 vel
416 326 624 371 Bucephalus
647 353 656 360 .
698 325 805 377 Atqui
831 330 865 363 in
889 327 988 364 Petro
1010 332 1084 364 sunt
1106 329 1213 373 aliqua

339 376 525 415 essentialia
549 402 560 419 ,
587 378 740 417 videlicet
762 379 969 417 rationalitas
986 403 997 423 ,
1019 380 1214 423 corporeitas

338 427 521 474 organica,
547 429 609 463 διο.
628 440 699 474 quae
723 441 791 465 non
819 431 1040 472 importantur
1058 441 1113 478 pet
1143 440 1214 473 prae-

338 475 484 515 dicatum
511 481 628 512 animal
647 493 659 512 .·
692 490 772 525 ergo
796 481 895 515 etiam
920 479 955 514 in
979 478 1044 517 boc
1078 480 1212 516 animali

338 526 415 566 sunt
437 528 546 573 aliqua
564 530 768 570 essentialia,
791 540 860 570 quae
881 539 950 564 non
978 529 1210 573 importantur,

338 588 394 620 per
416 578 606 625 subjectum3
632 588 729 613 ettam
745 578 892 622 probatur
919 593 931 616 .·
958 579 1047 627 Qtia
1069 580 1212 622 praedica-

339 639 409 663 tum
422 629 596 673 importare
613 629 726 663 omnia
738 653 748 668 ,
773 641 843 674 quae
856 629 1012 677 importat
1024 629 1214 672 subjeetum,

338 678 425 713 nihil
450 681 494 718 est
517 676 606 716 aliud
627 701 637 721 2
661 688 760 722 quam
779 689 894 714 vocem
917 680 1006 717 illam
1023 704 1034 719 ,
1069 690 1138 725 quz
1170 679 1214 713 est

338 728 537 773 predicatum
552 753 564 772 ‚
577 728 756 776 significare
765 729 879 766 omnia
895 730 973 771 illa,
1001 741 1070 774 quae
1095 729 1213 776 fignifi-

339 793 455 816 cantur
467 791 519 824 per
532 789 645 814 vocem
656 801 667 817 ,
687 779 807 826 quaeest
821 778 993 822 subjeetum
1005 804 1016 823 ,
1042 780 1134 825 atqui
1149 790 1214 814 vox

338 830 629 874 Ammalfignificat
639 828 753 866 omnia
766 828 957 872 essentialia,
976 839 1046 872 quae
1057 829 1214 875 significat

338 895 405 920 vox
427 883 477 915 boc
493 878 609 911 animal
618 889 626 914 ς
648 877 728 924 ergo
739 878 772 912 in
786 878 922 922 praefatis
934 878 1216 926 praedicationibus

339 932 548 980 praedicatum
561 928 716 973 importat
727 929 841 966 omnia
852 929 1037 966 essentialia
1048 955 1058 971 ,
1069 941 1140 972 quae
1160 931 1215 964 im·

338 990 509 1029 portantur
521 990 576 1023 pet·
587 977 765 1023 subjeetum
780 1002 788 1011 .
805 978 897 1015 Patet
906 985 1003 1015 minor
1018 993 1030 1015 .·
1046 980 1137 1026 Qia
1151 991 1215 1015 vox

338 1032 460 1066 Animal
479 1028 637 1073 fignificat
658 1029 760 1066 solam
778 1029 1037 1075 animalitatem3
1060 1041 1127 1065 vox
1139 1030 1217 1065 vero

340 1080 530 1117 Hoc-animal
537 1079 695 1127 significat
705 1079 941 1117 animalitatem
953 1080 1047 1115 simul
1059 1092 1135 1117 cum
1146 1080 1216 1123 hec-

339 1134 470 1168 ceitate:
481 1130 584 1174 atqui,
596 1141 632 1164 ut
644 1130 751 1166 dicam
766 1131 825 1164 suo
847 1130 923 1165 loco
936 1155 947 1172 ,
966 1129 1133 1165 haecceitas
1148 1141 1215 1164 non

339 1185 385 1219 est
410 1181 490 1226 quid
512 1181 681 1215 essentiale
702 1194 714 1214 .-
747 1179 829 1225 ergo
858 1182 972 1215 omnia
1011 1180 1216 1220 essentialia,

339 1246 412 1279 quae
431 1234 671 1275 importantur,
695 1233 746 1264 sen
767 1230 992 1275 significantur
1021 1240 1076 1274 pet
1099 1241 1214 1268 vocem

341 1284 521 1318 hoc-animal
533 1306 544 1322 ,
563 1283 664 1316 etiam
676 1280 904 1326 significantur
923 1291 978 1330 per
999 1290 1115 1317 vocem
1143 1285 1213 1315 Ans-

339 1335 417 1372 mal.

387 1383 446 1421 66.
473 1386 562 1420 Ratio
584 1384 678 1425 verb,
700 1393 758 1416 cur
779 1380 820 1417 ad
841 1381 1104 1425 praedicationem
1129 1392 1217 1417 com·

336 1434 459 1480 pletam
482 1433 640 1474 sufficiat,
663 1443 702 1466 ut
725 1433 935 1475 praedicatum
962 1432 1123 1479 significet
1148 1443 1204 1466 orn

335 1485 392 1520 nia
402 1483 582 1519 essentialia
594 1507 604 1522 ,
631 1493 701 1524 quae
713 1482 939 1527 significantur
961 1495 1016 1528 pet
1028 1481 1218 1525 subjeetum,

336 1536 462 1569 videtur
472 1536 522 1576 effe
531 1532 594 1568 haec
609 1545 616 1565 :
630 1533 718 1581 Qia
731 1544 779 1567 res
791 1545 858 1568 non
873 1534 1087 1577 praedicantur
1098 1533 1140 1566 de
1154 1533 1219 1567 sese

335 1586 457 1619 mutuo
469 1592 565 1626 prout
588 1583 663 1615 sunt
675 1583 692 1615 a
704 1591 792 1625 parte
804 1582 847 1615 rei
860 1594 869 1624 ;
897 1583 951 1615 sed
974 1594 1072 1628 prout
1094 1582 1112 1615 a
1124 1582 1217 1616 nobis

335 1633 583 1677 concipiuntur,
596 1642 634 1668 ac
647 1642 702 1676 per
716 1641 812 1669 voces
822 1631 1054 1678 significantur:
1067 1642 1114 1666 res
1125 1633 1216 1666 enim

335 1685 379 1718 de
390 1684 453 1721 sese
463 1679 581 1719 mutuo
593 1678 803 1725 praedicantur
815 1692 870 1725 pet
881 1692 1061 1725 conceptus
1074 1683 1216 1717 &voces.

336 1732 441 1779 Ergo,
453 1742 489 1768 ut
501 1730 691 1775 pradicatio
703 1729 811 1773 aliqua
825 1730 952 1768 dicatur
964 1732 1028 1767 esse
1037 1732 1217 1776 completa,

336 1795 375 1818 ac
388 1792 423 1819 ut
437 1781 644 1827 pradicatum
657 1781 794 1824 aliquod
812 1780 940 1817 dicatur
954 1782 1116 1825 praedicari
1130 1791 1218 1816 corn-

337 1833 437 1879 ρΙειὲ,
451 1842 518 1867 non
530 1830 754 1874 requiritur,ut
768 1831 930 1876 significet
943 1831 1056 1867 omnia
1070 1833 1219 1866 essentia·

339 1885 384 1922 lia
400 1894 469 1928 quin
480 1883 553 1916 sunt
564 1881 583 1915 a
596 1891 683 1924 parte
697 1883 744 1915 tei
761 1880 795 1915 in
808 1881 970 1928 subjeeio;
996 1882 1049 1916 sed
1063 1883 1138 1916 satis
1160 1880 1218 1923 est,

337 1943 376 1970 ut
397 1933 556 1979 significet
577 1931 692 1965 omnia
715 1930 898 1966 essentialia
911 1955 922 1970 ,
949 1942 1019 1976 quae
1030 1932 1218 1976 significan-

340 1994 394 2019 tur
416 1995 470 2029 per
490 1981 686 2026 subjeetum,
714 1981 827 2023 Sicut,
849 1990 887 2016 ut
908 1981 1096 2026 praedicatio
1109 1980 1219 2023 aliqua

339 2035 471 2072 dicatur
492 2034 559 2067 esse
581 2030 781 2071 essentialis,
802 2031 852 2068 vel
868 2030 1082 2068 accidentalis
1105 2043 1116 2075 ·‚
1139 2032 1218 2065 item

340 2096 377 2120 ut
398 2083 604 2133 praedicatum
625 2082 762 2125 aliquod
784 2081 914 2116 dicatur
936 2083 1001 2116 esse
1026 2080 1218 2119 essentiale,

343 2137 395 2170 vel
406 2131 608 2173 accidentale
619 2154 633 2172 ,
658 2141 725 2165 non
739 2129 914 2174 requiritur
926 2153 937 2169 ,
962 2138 999 2162 ut
1023 2129 1059 2162 sit
1071 2128 1219 2162 essentia·

336 2185 392 2226 ie,
415 2185 466 2221 vel
487 2179 690 2216 accidentale
718 2177 757 2213 iis
781 2200 792 2216 ,
824 2188 895 2222 quae
917 2187 997 2225 sunt
1013 2174 1033 2211 a
1058 2186 1147 2221 parte
1172 2176 1217 2211 rei

338 2234 375 2269 in
390 2233 555 2277 subjest03
584 2229 636 2263 sed
660 2228 736 2263 satis
755 2227 822 2267 est,
846 2237 882 2260 ut
903 2228 941 2260 sit
958 2227 1152 2266 essentiale,
1168 2228 1218 2261 vel

340 2281 542 2321 accidentale
552 2280 615 2319 iis²
635 2288 706 2320 quae
720 2272 1078 2321 fignificatpffibjettum
1091 2302 1098 2311 .
1124 2277 1219 2311 Simi-

340 2335 418 2369 liter
428 2343 508 2375 ergo
522 2354 533 2370 ‚
559 2338 595 2362 ut
623 2325 828 2373 praedicatum
840 2322 978 2373 aliquod
1003 2325 1130 2362 dicatur
1143 2337 1218 2370 prae·

341 2382 446 2420 dicari
465 2375 630 2426 complete
643 2400 655 2418 2
681 2388 749 2411 non
761 2388 844 2421 opus
854 2377 899 2411 est
914 2401 925 2419 ,
945 2385 980 2413 ut
1003 2375 1090 2411 dicat
1104 2401 1115 2418 ‚
1140 2377 1174 2410 ἀ
1187 2377 1217 2409 si·

341 2433 479 2480 gnificat
491 2428 606 2465 omnia
620 2426 800 2463 essentialia
815 2451 826 2469 ‚
850 2438 918 2468 qua:
941 2428 1014 2461 sunt
1033 2428 1051 2464 ὲ
1072 2436 1161 2470 parte
1173 2427 1216 2460 rei

342 2486 379 2519 in
405 2481 543 2524 subjecto
555 2492 566 2512 .·
597 2475 649 2515 sed,
664 2478 736 2512 satis
748 2477 793 2511 est
807 2501 818 2516 ‚
841 2477 862 2510 si
876 2478 1034 2522 significet
1047 2478 1160 2511 omnia
1172 2478 1216 2511 es-

346 2534 495 2570 sentialia
505 2556 516 2572 ,
539 2539 608 2572 qnae
620 2528 846 2572 significantur
859 2538 912 2571 per
923 2527 1102 2570 subje&um
1116 2549 1124 2559 .
1151 2532 1217 2559 Ant.

341 2592 429 2629 patet
451 2580 637 2619 induc‘lione.
669 2577 752 2623 V-g.
765 2575 832 2612 haec
845 2577 1042 2622 propositio,
1070 2581 1159 2609 Homo
1180 2577 1218 2617 est

343 2634 464 2678 risibilis
474 2658 484 2673 ,
509 2631 554 2664 est
567 2629 743 2672 propositio
756 2624 964 2664 accidentalis
974 2641 986 2664 .-
1013 2640 1081 2661 non
1094 2629 1167 2671 quia
1180 2640 1218 2660 ri·

343 2684 478 2721 sibilitas
501 2681 538 2715 sit
560 2680 689 2722 aparte
709 2678 753 2712 rei
777 2678 925 2713 bominis
945 2678 1097 2714 accidens
1117 2691 1127 2721 ;
1154 2678 1217 2711 hoc

343 2735 435 2772 enim
460 2731 577 2767 falsum
589 2730 633 2763 est
646 2743 657 2763 .-
673 2740 748 2763 cum
763 2727 864 2763 homo
877 2753 886 2767 ,
915 2727 1046 2773 ejusque
1058 2728 1218 2764 risibilitas

344 2785 407 2818 fint
421 2784 454 2818 in
477 2793 509 2819 te
521 2780 636 2816 eadem
647 2777 742 2823 plane
752 2789 817 2812 res.
847 2778 902 2812 Est
915 2779 1018 2824 igitur
1032 2779 1091 2814 ista
1112 2778 1216 2824 ptaedi-

344 2835 436 2869 catio
446 2829 760 2871 accidentalis,'quia
771 2829 932 2865 risibilitas
942 2829 988 2865 est
998 2830 1151 2864 accidens
1162 2828 1215 2862 ho·

345 2884 447 2919 minis
459 2907 470 2924 ,
499 2890 594 2926 prout
610 2879 810 2924 significatur
821 2891 877 2923 per
889 2890 1003 2915 vocem
1023 2878 1106 2914 boma
1119 2903 1126 2910 .
1140 2878 1217 2912 Prae·

343 2935 452 2971 :ficata
483 2933 593 2976 itaque
622 2930 776 2967 dicuntur
799 2929 959 2973 praedicari
983 2929 1217 2968 essentialiter,

346 2983 618 3024 accidentaliter,
644 2979 824 3026 complete,
843 2979 1056 3022 incomplete,
1071 2980 1131 3014 ἀς.
1150 2990 1216 3012 non

346 3047 388 3071 ex
402 3034 521 3070 ordine
533 3031 614 3071 illo,
640 3042 737 3074 quem
753 3028 877 3065 habeut
888 3030 929 3065 ad
943 3028 1117 3073 subjectum
1127 3052 1139 3068 ,
1152 3040 1217 3072 pro-

349 3097 387 3120 ut
398 3085 443 3120 est
465 3084 483 3117 a
498 3090 585 3127 parte
600 3081 644 3115 rei
660 3093 670 3125 3
698 3079 749 3115 sed
761 3090 801 3113 ex
815 3079 874 3114 illo
886 3104 897 3121 ,
924 3091 1022 3124 quem
1047 3079 1167 3116 habent
1179 3079 1217 3112 ad

352 3134 549 3178 subjectum,
576 3142 671 3178 prout
684 3130 789 3167 subest
801 3129 903 3166 modo
929 3130 1162 3174 concipiendi,
1189 3129 1219 3162 si-

353 3183 557 3230 gnificaodi,
577 3193 615 3217 ac
638 3180 855 3229 praedicandi,
876 3180 1047 3225 adeoque,
1069 3191 1104 3214 ut
1139 3179 1217 3223 judi-

353 3246 465 3269 cemus.
480 3231 614 3279 aliquod
625 3230 835 3276 praedicatum
856 3231 1019 3274 praedicari
1043 3255 1059 3272 2
1079 3231 1209 3274 comple

353 3284 387 3321 tev
398 3308 410 3324 ,f
434 3286 483 3317 vel
497 3281 696 3327 incomplete
706 3306 720 3325 ,
744 3292 814 3316 non
825 3291 954 3325 oportet
968 3281 1133 3318 attendere
1146 3305 1157 3322 ,
1180 3292 1220 3314 an

367 3333 455 3370 dicat
476 3332 586 3366 omnia
598 3331 781 3368 essentialia
796 3356 808 3372 ‚
833 3342 903 3375 quz
928 3332 1050 3367 suntin
1067 3331 1222 3374 subjecto;

364 3380 419 3420 sed
444 3393 485 3415 an
507 3383 592 3418 dicat
614 3383 754 3424 onmia,¹
777 3380 1034 3426 quaerdicuntur,
1056 3382 1088 3418 ὅ(
1102 3382 1223 3428 fignifi-

364 3441 477 3473 eantur
487 3440 540 3478 pet
547 3459 549 3461 .
556 3430 692 3478 subjectu
699 3444 729 3467 m
741 3457 748 3465 .

787 92 1026 146 ὩΙεΡυτ.
1064 94 1191 146 ΧΧῙ.
1226 94 1371 144 Dun.
1404 97 1482 145 VI.
1519 98 1677 145 Suet.
1712 97 1769 144 11.

1517 227 1818 267 sEcho
1866 229 1906 266 lt

1355 380 1466 423 Quid,
1493 381 1528 414 ἀν
1552 382 1712 423 quotuplex
1731 379 1772 422 fit
1792 381 1986 423 predicatum
2009 387 2080 415 catn-

1490 432 1610 475 pletum
1631 455 1642 471 ,
1678 441 1714 464 ac
1745 432 1948 472 praedicatum

1602 482 1830 526 incomplutam.

1279 629 1335 676 67.
1372 635 1470 718 A
1486 632 1604 666 Dvme
1611 627 1750 673 secundo.-
1761 630 1866 679 Qid‚
1878 630 1913 666 δε
1924 628 2104 676 quotuplex
2114 630 2153 665 fle

1499 680 1714 723 predicatum
1733 681 1934 724 completum
1947 704 1959 721 ,
1986 692 2024 715 ac
2047 681 2155 724 praedi-

1280 738 1390 766 catum
1414 729 1682 774 incompletutn?
1714 728 1928 766 Ptaedicatuna
1949 731 2152 774 completum

1281 779 1367 815 idem
1379 779 1424 814 est
1439 804 1450 821 ,
1476 779 1564 826 quod
1599 780 1810 823 praedicatum
1830 778 1950 816 ultimo
1967 782 2154 825 perfeetum.

1283 829 1338 868 Est
1352 854 1362 871 ,
1389 830 1525 875 inquam
1537 856 1549 872 ,
1576 831 1785 874 praedicatum
1798 856 1809 872 ,
1835 830 1925 876 quod
1937 828 2036 866 habet
2059 832 2154 865 suum

1281 881 1436 915 ultimum
1461 881 1631 917 essentiale
1654 905 1666 921 ‚
1701 881 1751 917 vel
1784 879 1991 917 substantiale
2013 879 2154 925 comple·

1281 941 1430 966 mentum
1450 954 1461 972 ‚
1496 943 1534 966 ac
1552 930 1783 975 perfefflonem
1802 957 1811 967 .
1861 930 2076 966 praedicatum
2107 931 2155 965 in·

1283 981 1486 1025 completum
1509 981 1596 1017 idem
1607 980 1675 1021 est,
1694 982 1785 1023 quod
1808 980 2017 1025 predicatum
2039 980 2152 1024 irnper-

1282 1033 1401 1069 fectum
1424 1056 1436 1073 ,
1472 1042 1510 1067 ac
1530 1030 1639 1067 adhuc
1651 1031 1868 1076 perfeaibile,
1894 1032 1950 1065 Est
1964 1055 1976 1074 ,
2003 1032 2153 1076 inquam,

1284 1080 1489 1127 praedicatum
1504 1092 1572 1116 non
1584 1080 1811 1117 hahenssuatn
1831 1081 1983 1117 ultimam
2004 1082 2153 1117 essentia-

1282 1133 1345 1167 lem
1367 1155 1379 1173 ,
1417 1143 1473 1167 aut
1497 1131 1740 1168 substantialem
1751 1132 2007 1177 perfeaionem3
2034 1130 2087 1164 sed
2101 1130 2156 1165 asi·

1280 1180 1345 1218 huc
1373 1181 1480 1227 aliqua
1509 1183 1568 1217 tali
1591 1181 1783 1226 perfectione
1811 1181 2005 1225 perfectibile
2029 1205 2038 1213 .
2085 1179 2156 1214 Ta-

1281 1234 1326 1267 lia
1339 1233 1413 1269 sunt
1425 1255 1436 1272 ,
1460 1232 1601 1272 Animal,
1626 1233 1774 1266 rationale
1785 1237 1934 1272 ,materia
1944 1256 1959 1272 ‚.
1974 1230 2100 1273 firma,
2119 1229 2156 1265 δε

1281 1282 1315 1316 id
1330 1292 1433 1327 genus
1445 1284 1509 1318 alia
1521 1307 1529 1318 .
1545 1283 1666 1317 Animal
1676 1284 1764 1316 enim
1777 1293 1834 1326 per
1846 1282 2004 1316 Rationale
2014 1305 2025 1321 ,
2047 1282 2081 1315 ἀ
2092 1283 2155 1313 Ra·

1281 1334 1391 1367 uenale
1415 1333 1577 1376 perficitur
1594 1343 1649 1377 per
1672 1333 1813 1371 Animul,
1839 1342 2005 1377 tamquam
2030 1340 2084 1374 per
2104 1330 2154 1364 sui

1283 1382 1515 1427 perfectionem
1527 1381 1732 1417 essentialem
1744 1406 1752 1414 .
1779 1383 1864 1418 Item
1877 1382 2011 1418 materia
2021 1391 2076 1425 per
2089 1379 2158 1413 fot·

1283 1444 1370 1467 mam
1384 1458 1394 1474 ,
1422 1444 1460 1467 ac
1478 1434 1582 1467 forma
1603 1442 1655 1475 per
1676 1432 1847 1467 materiam
1861 1432 2048 1475 perficitur,
2073 1439 2157 1463 tam·

1285 1494 1383 1527 quam
1407 1494 1461 1525 per
1474 1484 1710 1527 perfectionem
1732 1483 1780 1516 sui
1803 1481 2047 1517 substantialem
2062 1505 2071 1514 .
2084 1478 2155 1514 Vo-

1284 1544 1325 1567 co
1348 1543 1456 1566 autern
1486 1532 1540 1565 hic
1564 1531 1794 1575 perfectionem
1805 1531 2091 1570 suiessentialem‚
2117 1529 2154 1563 ὄι

1284 1582 1528 1618 substantialem
1542 1606 1553 1620 ,
1580 1593 1647 1615 non
1660 1591 1751 1620 eam,
1777 1593 1848 1625 quae
1864 1581 1910 1615 est
1935 1582 1977 1615 de
1998 1579 2153 1618 essentia,

1283 1645 1338 1669 aut
1353 1631 1526 1667 substantia
1540 1631 1587 1665 sui
1601 1631 1809 1675 perfectibilis
1821 1644 1833 1665 .-
1845 1643 1923 1665 nam
1936 1632 2097 1664 Rationale
2106 1629 2153 1663 est

1275 1681 1436 1726 *perfectio
1447 1681 1627 1716 essentialis
1637 1681 1787 1715 animalis
1796 1704 1808 1721 ,
1829 1681 1863 1716 ἀ
1875 1681 1980 1716 forma
1990 1680 2038 1714 est
2054 1679 2155 1724 pei-fe*

1281 1733 1345 1769 &io
1359 1731 1579 1767 substantialis
1591 1731 1757 1774 materiae·,
1779 1741 1887 1774 neque
1898 1730 2087 1766 tamen—hec
2106 1727 2155 1764 est

1282 1783 1323 1819 de
1344 1782 1524 1817 substantia
1549 1780 1711 1822 materiae,
1738 1780 1936 1824 nequeillud
1955 1781 1997 1816 de
2016 1780 2154 1816 essentia

1284 1833 1330 1866 est
1344 1831 1515 1868 animalis.
1540 1830 1599 1865 Illa
1611 1842 1689 1876 ergo
1701 1830 2002 1875 perfectiovocatur
2016 1829 2071 1864 hic
2084 1829 2156 1863 sub·

1281 1883 1458 1924 stantialis,
1483 1880 1534 1917 vel
1548 1882 1747 1920 essentialis,
1775 1891 1846 1924 quae
1857 1891 1932 1914 cum
1943 1880 2001 1914 suo
2013 1879 2156 1923 perfeeti-

1281 1931 1339 1967 bili
1363 1932 1537 1965 constituit
1557 1941 1676 1964 novam
1699 1930 1894 1970 essentiam,
1921 1939 1977 1962 aut
1988 1928 2157 1963 substanti·

1280 1991 1333 2015 am
1345 2006 1353 2014 .
1382 1980 1448 2018 Uti
1462 1981 1622 2014 Rationale
1635 1991 1711 2014 cum
1726 1978 2040 2014 Animahconstituit
2051 1980 2157 2012 essen-

1281 2031 1361 2066 tiam
1375 2029 1522 2066 hominis
1533 2054 1543 2072 ,
1569 2030 1604 2066 &
1618 2031 1723 2065 forma
1732 2040 1810 2065 cum
1833 2029 1967 2064 materia
1982 2028 2155 2063 essentiam

1281 2079 1607 2124 compositiphysici.
1635 2079 1928 2124 Distinguunt-que
1946 2088 2061 2117 contra
2087 2088 2157 2122 per-

1280 2131 1455 2176 festionem
1467 2129 1712 2169 accidentalem;
1725 2140 1760 2162 ut
1774 2130 1847 2161 sunt
1861 2128 2011 2167 scientia,
2020 2127 2154 2168 albedo,

1281 2177 1463 2217 risibilitas,
1488 2177 1549 2213 &c.
1577 2176 1660 2223 Qat
1684 2186 1762 2210 cum
1783 2176 1842 2210 sno
1863 2176 2056 2219 perfeffibili
2082 2187 2153 2210 non

1280 2237 1490 2270 componunt
1507 2236 1628 2260 novam
1640 2226 1810 2259 essentiam
1821 2248 1831 2265 ,
1857 2236 1915 2259 aut
1927 2224 2152 2262 substantiam.

1281 2277 1370 2311 Nam
1390 2287 1432 2311 ex
1457 2275 1595 2310 homine
1619 2274 1652 2309 δι
1678 2274 1813 2308 scientia
1824 2274 2035 2318 componitur
2050 2274 2155 2313 homo

1282 2327 1402 2360 sciens:
1417 2325 1473 2369 qui
1488 2336 1554 2360 non
1566 2324 1611 2359 est
1629 2334 1712 2358 nova
1725 2323 1920 2357 sub-stantia:
1953 2325 2005 2359 Ex
2018 2322 2155 2359 homine

1281 2378 1314 2411 ἀ
1327 2374 1506 2411 risibilitate
1517 2376 1728 2419 componitur
1741 2374 1844 2408 homo
1855 2373 1996 2416 risibilis,
2012 2374 2069 2417 qui
2083 2386 2153 2410 nen

1280 2426 1325 2463 est
1350 2437 1434 2461 nova
1458 2426 1597 2462 essentia
1624 2437 1634 2461 t
1661 2423 1715 2460 sed
1735 2424 1850 2460 eadem
1870 2425 2006 2461 essentia
2025 2426 2155 2470 sumpta

1280 2488 1356 2516 cum
1379 2478 1433 2510 sua
1457 2475 1667 2520 proprietate.

1330 2524 1387 2564 68.
1415 2526 1628 2563 Praedicatum
1649 2523 1848 2566 completum
1865 2523 1969 2558 dividi
1992 2523 2092 2558 debet
2116 2524 2153 2559 in

1283 2576 1490 2624 praedicatum
1509 2576 1708 2617 completum
1722 2573 1860 2617 physice
1872 2596 1883 2612 ,
1908 2574 1942 2609 δε
1957 2574 1990 2607 in
2007 2573 2153 2617 praedica·

1259 2650 1264 2687 ἐ
1280 2638 1350 2662 tum
1369 2627 1570 2668 completum
1586 2621 1835 2667 Metaphysice,
1856 2624 1909 2656 seu
1931 2622 2072 2667 Logice.
2102 2624 2151 2659 Si-

1261 2692 1264 2720 l
1281 2676 1399 2712 militer
1412 2676 1618 2721 praedicatum
1630 2673 1869 2716 incompletum
1881 2671 1983 2707 dividi
1995 2672 2090 2707 debet
2115 2674 2152 2709 in

1261 2727 1486 2772 ipraedicatum
1508 2723 1645 2767 Phyfice
1667 2723 1929 2769 incompletum,
1955 2723 1990 2756 δε
2016 2723 2051 2757 in
2080 2727 2154 2766 prz-

1281 2778 1428 2812 dicatum
1442 2775 1569 2821 Logice
1580 2775 1632 2808 seu
1661 2772 1886 2817 Metaphyfice*
1897 2772 2146 2816 incomplexam.

1282 2827 1498 2864 Praedicatum
1521 2823 1648 2870 Logice
1668 2849 1678 2864 ‚
1707 2824 1760 2857 seu
1785 2821 2007 2866 Metaphyfice
2027 2823 2152 2857 incom-

1284 2878 1408 2924 pletum
1421 2877 1465 2910 est
1478 2875 1684 2921 praedicatum
1699 2873 1806 2907 adhuc
1832 2873 2033 2917 perfectibile
2041 2873 2152 2918 aliqua

1283 2928 1481 2973 perfectione
1505 2924 1667 2961 essentiali
1683 2921 1906 2966 Metaphyfica
1918 2945 1929 2963 ²
1951 2924 2007 2969 seu
2017 2923 2152 2967 Logica.

1286 2979 1341 3014 Ut
1357 3002 1367 3018 ,
1392 2977 1530 3017 Animal,
1554 2981 1691 3015 vivens,
1711 2974 1856 3007 rationale
1877 2997 1888 3013 ‚
1909 2975 1968 3007 &aa
1987 2971 2034 3006 Et
2058 2984 2153 3016 gene—

1284 3029 1391 3062 raliter
1402 3036 1502 3062 omne
1515 3037 1618 3071 genus
1627 3048 1638 3063 ‚
1663 3023 1836 3066 omnisque
1849 3033 1923 3057 vera
1948 3022 2130 3058 differentia
2141 3046 2152 3057 .

1286 3083 1399 3115 Omne
1420 3077 1649 3121 quippegenus
1662 3074 1706 3108 est
1726 3073 1877 3117 perfectio
1897 3071 2072 3107 essentialis
2094 3072 2153 3106 sua!

1286 3129 1477 3162 differentiae
1487 3151 1499 3168 2
1524 3126 1696 3170 omnisque
1706 3121 1937 3158 differentia'est
1950 3122 2100 3165 perfeetio
2109 3123 2156 3156 cs-

1271 3218 1273 3221 *
1289 3178 1433 3213 sentialis
1444 3178 1489 3213 sui
1505 3177 1632 3222 generis
1645 3200 1652 3207 .
1682 3173 1893 3208 Praedicatum
1906 3171 2155 3215 Metaphyfice,
2202 3182 2206 3186 ’

1271 3231 1274 3243 ¹
1289 3230 1341 3265 seu
1354 3227 1482 3272 Logice
1493 3226 1695 3270 completum
1705 3223 1749 3258 est
1761 3222 1842 3257 illud
1856 3247 1865 3263 ,
1891 3223 1980 3266 quod
1993 3222 2092 3257 habet
2104 3223 2152 3257 su·

1289 3290 1342 3315 am
1382 3279 1531 3314 nltimam
1559 3276 1785 3323 perfeetionem
1811 3273 2013 3307 essentialem
2048 3271 2158 3307 Meta·

1292 3328 1456 3372 physicam
1468 3340 1477 3363 ε,
1505 3318 1570 3363 five
1595 3325 1685 3370 quod
1710 3334 1778 3356 non
1806 3323 1946 3367 amplius
1964 3321 2030 3357 ulla
2055 3322 2159 3356 essen-

1293 3379 1362 3413 tiali
1386 3378 1582 3422 perfectione
1593 3371 1839 3418 Metaphyfica,
1864 3374 1918 3409 seu
1944 3371 2070 3416 Logica
2091 3382 2159 3414 per-

1304 3429 1447 3469 ftfflbile
1458 3428 1502 3464 est
1512 3453 1520 3462 .
1549 3427 1602 3466 Ut
1617 3426 1717 3461 homo
1727 3449 1738 3467 a
1752 3423 1883 3461 brutum
1896 3447 1907 3466 2
1934 3430 2161 3478 equus,tnate-

1564 3482 1565 3485 ’
2082 3482 2133 3509 ria
