2384 3770
723 188 844 245 Qun>
881 185 933 230 IN
969 182 1036 230 Re
1073 184 1206 232 Pion
1243 182 1313 228 Sn-
1349 182 1438 229 Sto.
1478 181 1590 227 Supp.

258 270 472 320 ‘ssipponitun
501 273 556 308 De
576 269 639 307 hac
655 270 865 306 conclusione
892 279 961 302 non
972 265 1136 305 dubitabit

260 326 289 361 is
323 349 335 366 ,
370 324 427 369 qui
452 323 502 358 vel
521 323 617 358 semel
642 321 790 356 Textum
816 319 868 353 vel
892 317 1063 353 Pontificii
1086 319 1135 355 vel

260 375 399 410 Caesarei
419 372 503 418 Juris
523 371 680 417 inspexit.
708 370 856 411 Eamque
873 368 1018 412 expresse
1040 370 1136 404 tradit

260 424 476 462 Ariminenfis
491 430 526 457 tn
551 433 578 459 1.
603 420 736 465 diffi44.
758 417 855 461 quaest.
868 430 896 455 2.
920 427 978 452 arr.
995 430 1022 455 1.
1045 420 1079 453 εν
1103 431 1133 456 2.

260 475 352 512 Idem
369 474 445 518 saepe
464 482 610 517 repetens
623 494 630 502 .
658 469 794 504 Gabriel
821 474 853 502 in
867 480 898 507 2·
910 467 974 509 dist.
987 479 1018 516 9.
1034 471 1134 513 quast.

705 519 870 553 Martinus
908 519 1072 553 Navarrus
1106 525 1138 552 in

260 538 293 564 2,
316 534 375 559 art·
391 535 423 570 4·
448 524 483 557 Θ
502 533 532 568 5·
551 519 618 553 ὠά
633 530 664 566 7”
805 569 900 604 Hinc
932 568 1010 605 inde
1033 568 1112 613 saep&
1129 593 1137 602 -

260 580 424 609 Comment.
446 583 514 614 cap.
539 574 621 603 Inter
643 568 739 604 verba
764 595 771 602 .

260 625 305 660 Et
320 630 354 658 in
375 628 539 658 comment.
563 623 710 655 Humanae
730 630 815 652 aures
837 618 932 662 quaest.
964 630 990 656 1.
1017 618 1137 655 Meno-

258 674 353 709 chius
370 671 420 706 lib.
446 670 478 709 6.
500 668 678 714 praesumpt.
708 680 760 718 35.
784 669 826 704 Et
848 680 903 714 per
921 678 1039 708 totum
1054 667 1135 702 illud

257 733 341 768 opus
360 721 427 758 sere
447 720 569 764 ubique
583 745 592 757 .
622 721 665 755 Et
689 719 834 766 pluribus
859 719 1010 754 Alciatus
1032 725 1065 752 in
1077 721 1139 753 Ru-

259 774 374 808 bricam
394 772 433 805 de
451 770 566 805 verbor.
586 769 688 814 figmf.
710 769 831 814 Estque
853 780 959 813 aperta
973 768 1132 804 sententia

259 826 291 860 S.
303 821 482 867 Augustini
504 821 558 855 lib.
577 822 615 856 de
625 820 775 855 mendacio
785 842 798 860 ,
830 818 865 855 &
884 819 935 855 lib.
946 826 1047 854 contra
1055 829 1137 853 men·

258 875 397 907 dacium.

310 932 363 958 11·
390 920 714 963 Etprobaeurprtma:
740 918 792 953 Ex
804 916 1033 953 omnibusillis
1043 928 1135 962 regu·

257 971 320 1012 lis,
345 982 384 1007 ac
407 969 575 1015 principiis
586 968 669 1013 Iuris
681 991 693 1010 ,
718 979 789 1012 quae
804 968 918 1003 dicunt
931 967 1069 1003 verba&
1082 979 1134 1001 vo-

256 1031 310 1058 ces
330 1021 423 1065 iuxta
444 1029 613 1060 mentem,
637 1017 906 1054 acintentionern
918 1017 1082 1063 loquentis
1094 1017 1135 1052 ab
1160 1051 1163 1061 f

255 1069 466 1107 audientibus
488 1071 551 1105 esse
570 1068 785 1114 intelligenda
803 1081 811 1101 ι
839 1071 926 1102 Mens
947 1067 1036 1102 enirn
1059 1073 1134 1111 reget

256 1121 353 1156 verba
365 1145 377 1162 ‚
402 1132 461 1154 non
481 1119 576 1156 verba
595 1128 721 1154 mentem
735 1144 742 1151 .
768 1118 848 1162 Cap.
864 1122 1015 1156 Humaenae
1027 1129 1115 1152 aures
1126 1143 1133 1153 .

195 1168 199 1176 '
256 1171 304 1207 Et
324 1171 380 1206 ubi
403 1169 582 1205 constatde
593 1179 724 1210 mente,
749 1180 786 1203 ac
798 1169 984 1203 intentione
995 1168 1135 1212 loquen-

257 1221 300 1255 tis
314 1232 352 1257 ac
362 1219 590 1256 contrahentis
601 1244 612 1260 ‚
639 1229 707 1254 non
718 1219 763 1253 est
780 1230 862 1263 opus
883 1217 1134 1262 praesumptioni-

257 1270 317 1304 bus
337 1293 349 1310 ,
376 1269 570 1312 conjecturis
592 1292 603 1309 ,
630 1279 690 1302 nec
711 1267 1040 1311 interpretationibus
1060 1280 1068 1301 :
1098 1277 1133 1301 ut

255 1318 374 1363 probat
398 1318 531 1353 Textus
554 1323 586 1351 in
595 1317 676 1365 169.
697 1329 757 1352 non
767 1319 855 1352 aliter
866 1319 903 1351 de
913 1318 1136 1365 leg.3.l.com1-

256 1379 357 1410 nuus,
386 1377 464 1416 137.
476 1369 504 1414 §.
527 1379 593 1402 cum
616 1372 661 1401 ita
676 1367 858 1411 stipulatus.
884 1367 924 1402 In
936 1370 1024 1408 fine,
1049 1365 1087 1408 ffi
1099 1367 1135 1400 de

256 1418 469 1462 verbabltgar.
491 1418 546 1453 De
567 1429 634 1462 quo
645 1417 728 1455 bene
745 1418 931 1454 Cardinalis
953 1417 985 1451 in
998 1428 1066 1460 cap.
1079 1420 1135 1450 Ex

255 1470 352 1502 literis
363 1494 373 1509 ‚
404 1478 432 1504 1.
457 1469 494 1503 de
513 1466 700 1512 sponsalibus
711 1492 719 1500 .
749 1469 791 1502 Et
804 1466 984 1502 intentioni
1000 1467 1132 1511 loquen-

255 1519 342 1553 tium
352 1518 453 1553 statur
463 1528 577 1552 contra
600 1517 765 1560 propriam
787 1516 1061 1562 significationem
1075 1528 1134 1551 vo·-

253 1579 353 1603 cum:
382 1567 631 1602 voluntasenim
645 1566 810 1610 loquentis
827 1566 937 1610 potior
948 1567 1016 1607 est,
1042 1567 1133 1601 &to-

254 1628 326 1656 tum
341 1618 440 1654 facit.
466 1620 495 1651 L
526 1615 564 1652 ex
582 1617 668 1659 sallo
679 1616 718 1658 ffi
745 1618 784 1650 de
808 1615 1133 1656 baered.instir.Astus

254 1668 375 1712 quippe
399 1679 467 1702 non
482 1668 644 1703 excedunt
658 1667 876 1702 intentionem
890 1666 1020 1700 suorum
1035 1678 1133 1709 agen-

255 1718 339 1752 tium
349 1743 357 1750 .
385 1720 423 1752 L.
446 1729 505 1751 non
526 1715 772 1758 omnisffificert.
793 1725 857 1758 pet.
871 1715 915 1751 Et
929 1725 1020 1750 mens
1032 1716 1076 1750 est
1089 1728 1133 1750 ra·

253 1766 313 1801 dix
326 1768 500 1804 verborum
509 1792 521 1809 ‚
545 1768 578 1803 &
589 1767 765 1802 substantia
779 1767 883 1810 prima
898 1778 906 1798 ε
933 1777 1011 1800 nam
1021 1777 1077 1800 cor
1088 1766 1133 1799 est

252 1819 430 1861 imperator
438 1817 559 1863 linguae
570 1841 581 1857 ‚
602 1818 637 1853 ἀ
649 1817 736 1852 cedit
749 1817 861 1861 lingua
874 1816 996 1850 menti:
1028 1816 1061 1850 δι
1073 1815 1134 1850 sub

253 1866 341 1912 jugo
352 1869 472 1902 mentis
482 1867 573 1902 verba
586 1867 764 1902 consistunt
775 1891 787 1907 ,
815 1877 982 1909 tamquam
994 1865 1051 1900 sub
1064 1877 1132 1909 pto—

253 1918 327 1960 prio
338 1917 518 1963 originali,
544 1918 577 1951 &
594 1917 740 1961 digniori
751 1941 759 1949 .
788 1916 909 1950 Baldus
922 1916 955 1950 in
967 1927 1035 1958 cap·
1051 1920 1134 1948 Man-

257 1968 368 1998 datum
380 1989 391 2005 ,
419 1968 455 1999 de
477 1964 597 2008 rest-rip.
620 1972 653 1998 m
669 1971 767 2005 princ.
781 1966 831 1996 Ex
845 1963 964 2006 quibus
975 1963 1133 1996 omnibus

254 2014 321 2049 tale
330 2016 439 2049 formo
449 2022 698 2058 argumentum:
727 2012 838 2047 Voces
847 2012 968 2047 debent
987 2012 1128 2057 intelligi

254 2063 297 2099 ab
315 2063 524 2098 audientibus
542 2086 553 2103 ,
578 2073 676 2107 prout
701 2062 907 2105 accipiuntur
928 2063 946 2095 a
971 2062 1132 2104 loquenti-

253 2112 334 2148 bus:
361 2112 505 2151 debent,
530 2113 687 2154 inquam,
714 2109 856 2152 intelligi
867 2109 958 2151 juxta
970 2109 1131 2152 acceptio-

248 2172 330 2197 ·nem
341 2161 522 2205 loquentis.
552 2158 656 2204 Atqui
670 2157 775 2202 accipi
788 2158 880 2202 juxta
903 2159 1127 2202 acceptionem

253 2212 421 2255 loquentis
430 2211 475 2245 est
484 2210 590 2253 accipi
607 2210 698 2253 juxta
709 2219 853 2243 mentem
866 2209 1129 2243 &intentionem

253 2261 436 2303 loquentis:
465 2270 502 2293 ut
524 2268 611 2302 patet
638 2268 692 2301 per
712 2260 826 2292 omnia
846 2258 1006 2298 praecitata
1034 2259 1129 2300 Jura.

254 2309 345 2354 Ergo
365 2308 539 2352 suppositio
572 2308 624 2341 seu
645 2307 794 2349 acceptio
816 2305 904 2339 idem
923 2305 969 2339 est
992 2330 1003 2347 ,
1038 2307 1130 2348 quod

253 2371 347 2395 mens
361 2383 373 2400 ,
398 2360 431 2393 &
442 2359 608 2402 loquentis
619 2356 777 2390 intentio.

308 2421 361 2447 12-
389 2409 554 2443 Similiter:
566 2411 689 2440 Certum
699 2404 748 2445 est,
758 2405 836 2448 quod
845 2410 870 2438 is
879 2410 1035 2439 committit
1044 2410 1076 2438 ln
1085 2406 1124 2440 le‘

249 2464 382 2505 gem,un
392 2459 486 2492 verba
497 2459 570 2500 Iegis
580 2457 747 2498 complexus
760 2465 864 2489 contra
875 2458 947 2499 legis
959 2460 1067 2488 nititur
1078 2467 1126 2488 vo·

248 2511 399 2544 luntatem
410 2532 418 2539 ,
429 2508 482 2542 De
492 2518 554 2550 reg.
566 2506 626 2549 jur.
637 2507 669 2539 in
684 2506 715 2541 6.
729 2506 843 2539 Sensus
855 2506 899 2539 est
915 2518 922 2536 :
937 2505 969 2539 ls
978 2506 1127 2539 commit·

1931 203 2031 243 209

1195 278 1315 313 quam,
1338 266 1507 302 orationes
1531 267 1732 310 reperiuntur
1751 280 1818 307 tam
1842 270 1876 308 in
1898 275 2043 318 profanis
2058 297 2071 318 ,

1195 330 1230 354 ut
1257 318 1333 352 loco
1356 318 1460 353 citato
1482 317 1593 351 multis
1613 318 1756 355 ostendit
1772 322 1938 365 Alciatus‚
1964 337 2064 370 quam

1195 369 1295 403 etiam
1328 367 1364 402 in
1396 367 1615 411 scriptoribus
1635 369 1738 401 Sacris
1759 393 1766 402 .
1801 371 1897 408 Talis
1921 386 2067 419 namque

1195 418 1304 452 oratio
1325 418 1371 452 est
1393 416 1475 454 haec:
1503 422 1575 451 Non
1595 415 1747 461 resurgent
1770 424 1859 460 impii
1880 432 1912 456 m
1931 426 2065 465 judicio.

1195 468 1300 508 Haec,
1326 468 1463 512 inquam
1489 492 1500 509 ,
1524 468 1632 502 oratio
1654 467 1917 513 amphibologica
1935 474 2002 515 est,
2028 475 2064 511 δε

1195 517 1235 552 ad
1259 529 1370 553 verum
1387 519 1420 553 δε
1443 519 1560 553 falsum
1582 529 1623 552 ex
1644 518 1894 554 seindifferens.
1919 523 1951 555 Si
1973 523 2065 559 enim

1196 579 1260 602 vox
1282 566 1431 612 resurgent
1451 568 1626 614 accipiatur
1643 568 1676 602 ὅ(
1691 570 1885 613 supponatur
1899 581 1957 613 pro
1969 574 2066 607 resur·

1196 617 1337 653 rectione
1357 619 1397 653 ad
1417 619 1576 663 gloriam,
1601 618 1710 653 oratio
1735 630 1807 653 vera
1820 618 1865 653 est
1881 643 1893 660 ‚
1920 620 2066 656 Catholi-

1195 680 1233 702 ca
1256 669 1299 702 est
1314 682 1325 703 .·
1351 669 1373 703 si
1387 669 1461 703 vero
1473 680 1538 704 vox
1550 666 1702 712 resurgent
1713 668 1889 712 accipiatur
1900 680 1958 712 pro
1969 681 2067 714 gene-

1197 717 1253 752 rali
1276 718 1501 754 resurrectione
1523 719 1565 753 ad
1589 718 1689 752 vitam
1712 720 1880 763 corporis,
1906 719 1982 754 falsa
1993 721 2036 755 est
2050 744 2063 762 ‚

1197 767 1341 803 baeretica
1371 770 1435 803 est.
1465 770 1555 814 Ergo
1577 767 1635 809 id,
1660 769 1750 812 quod
1775 767 1870 804 hasce
1883 769 2067 805 indifferen-

1197 828 1243 852 tes
1266 818 1500 863 propositiones
1518 817 1715 854 determinat
1732 843 1743 860 ,
1767 819 1812 853 est
1838 830 1955 854 vocum
1978 830 2067 855 acce-

1197 870 1267 911 ptio
1287 868 1322 902 &
1348 869 1528 913 suppositio
1549 882 1556 903 ι
1593 869 1683 911 atqui
1705 869 1787 904 illud
1810 868 1913 911 ipsum
1932 894 1943 911 ‚
1974 869 2065 914 quod.

1197 917 1267 952 illas
1288 918 1483 954 determinat
1510 943 1522 961 ,
1548 918 1594 953 est
1616 928 1726 959 mens,
1755 919 1928 961 voluntas,
1954 931 1992 955 ac
2014 920 2069 954 in-

1195 968 1302 1003 tentio
1330 968 1512 1012 loquentis:
1539 970 1589 1003 uti
1610 967 1656 1002 est
1670 969 1894 1005 manifestum.
1921 970 1956 1004 Si
1979 970 2069 1014 quip-

1196 1029 1235 1062 pe
1256 1016 1338 1053 mihi
1358 1018 1457 1052 talem
1470 1019 1708 1055 indifferentem
1719 1020 1902 1054 orationem
1915 1019 2069 1064 eloquen-

1197 1069 1221 1104 ti
1245 1068 1488 1112 quiserrorem,
1517 1067 1679 1111 haerefim,
1708 1071 1757 1103 vel
1771 1069 1977 1104 mendacium
1988 1070 2071 1113 obji-

1197 1119 1261 1153 ciat
1282 1139 1294 1157 ,
1331 1119 1441 1153 statim
1465 1118 1646 1161 respondeo
1669 1142 1680 1158 ‚
1705 1130 1772 1152 non
1795 1120 1836 1153 fic
1855 1130 1936 1163 puto
1962 1145 1974 1161 ‚
2000 1131 2071 1155 non

1198 1166 1262 1203 hoc
1285 1168 1376 1202 volui
1399 1192 1411 1209 ,
1438 1180 1506 1202 non
1528 1168 1593 1202 hoc
1614 1167 1791 1211 significate
1815 1169 1942 1202 intendi
1965 1194 1976 1210 ‚
2001 1180 2071 1203 non

1198 1218 1254 1251 tali
1275 1218 1377 1253 modo
1399 1229 1514 1252 vocem
1537 1217 1629 1252 istam
1644 1220 1777 1261 accepi,
1803 1218 1863 1251 &c
1877 1219 1931 1251 De
1945 1229 2011 1261 quo
2026 1220 2072 1252 vi-

1197 1267 1236 1301 de
1250 1268 1364 1310 Royas
1385 1268 1420 1302 in
1442 1268 1531 1302 trad.
1554 1269 1591 1301 de
1614 1266 1716 1300 haeret.
1741 1274 1772 1300 in
1782 1273 1886 1309 prima
1894 1275 1975 1309 part.
1989 1278 2069 1300 num.

1200 1318 1278 1353 206.
1300 1318 1390 1363 Ergo
1412 1329 1537 1352 vocum
1564 1318 1741 1360 suppositio
1765 1316 1810 1351 est
1835 1317 1921 1351 idem
1943 1341 1954 1358 ‚
1981 1317 2072 1361 quod

1200 1368 1363 1412 loquentis
1378 1378 1470 1404 mens
1491 1369 1525 1403 <Sc
1546 1367 1714 1409 intentio,
1741 1366 1805 1402 hoc
1816 1367 1866 1402 vel
1878 1366 1941 1402 hoc
1951 1367 2074 1414 fignifi-

1198 1429 1270 1452 care
1295 1418 1447 1455 volentis.

1252 1478 1303 1514 14.
1331 1468 1386 1502 Ne
1403 1480 1511 1503 tamen
1524 1467 1595 1512 quis
1611 1465 1695 1503 m'ihi
1708 1467 1844 1510 objiciat
1858 1492 1868 1509 ,
1894 1466 1983 1509 quod
1995 1479 2073 1502 con-

1198 1517 1372 1551 clusionem
1395 1519 1555 1562 Logicarn
1576 1518 1611 1551 in
1636 1518 1714 1551 solis
1733 1517 2009 1560 superstitionibus
2023 1517 2075 1559 Ju-

1199 1567 1240 1601 ris
1262 1566 1400 1602 fundem
1415 1591 1426 1606 ‚
1452 1573 1545 1601 etiam
1561 1568 1642 1599 addo
1661 1573 1804 1598 rationem
1819 1565 2073 1608 Philoftpbicam:

1199 1616 1287 1662 Qia
1310 1616 1400 1652 vocis
1424 1617 1598 1660 suppositio
1621 1615 1666 1649 est
1689 1618 1779 1650 vocis
1792 1616 1864 1650 usus
1878 1616 1931 1649 seu
1943 1616 2077 1659 usurpa-

1199 1668 1271 1706 tio,
1296 1666 1342 1700 est
1365 1668 1455 1701 vocis
1473 1666 1642 1701 ordinatio
1663 1666 1697 1701 &
1717 1665 1893 1700 destinatio
1915 1664 1955 1699 ad
1979 1665 2075 1710 signi·

1200 1716 1384 1750 ficandum:
1410 1716 1572 1751 &vocem
1587 1717 1766 1759 supponere
1776 1716 1821 1748 est
1836 1725 1915 1749 voce
1929 1715 2002 1754 uti,
2029 1716 2076 1749 est

1201 1777 1315 1800 vocem
1340 1766 1513 1810 usurpare,
1539 1765 1718 1807 destinare,
1747 1766 1779 1800 ἃ
1798 1765 1947 1800 ordinare
1969 1764 2010 1798 ad
2033 1765 2076 1798 si-

1225 1816 1446 1850 nificandum.
1474 1816 1583 1860 Atqui
1611 1825 1726 1850 vocem
1748 1816 1918 1858 usurpare,
1943 1814 2073 1849 ordina-

1199 1877 1232 1899 re
1244 1890 1255 1906 ‚
1282 1867 1316 1901 δε
1329 1866 1488 1901 destinare
1509 1867 1550 1901 ad
1563 1864 1814 1910 fignificandum
1828 1864 1872 1898 est
1889 1874 1942 1907 per
1953 1875 2071 1899 vocem

1199 1916 1282 1949 velle
1309 1915 1491 1958 significare
1515 1927 1526 1947 :
1553 1916 1631 1948 sicut
1651 1914 1824 1956 pecuniam
1844 1914 1995 1948 ordinare.
2022 1914 2074 1949 vel

1197 1963 1357 1997 destinare
1379 1964 1420 1997 ad
1442 1962 1899 1999 lucrandum&mercandum
1913 1990 1924 2006 ,
1948 1964 1993 1999 est
2010 1964 2074 1999 vel-

1198 2012 1228 2045 le
1250 2023 1304 2055 per
1325 2013 1498 2056 pecuniam
1510 2015 1836 2049 mercarierlucrari.
1865 2014 1956 2060 Ergo
1966 2015 2069 2049 etiam

1199 2073 1312 2095 vocem
1333 2062 1373 2095 ad
1393 2064 1646 2105 significandum
1671 2066 1847 2106 supponere
1866 2064 1912 2098 est
1924 2065 2007 2098 velle
2019 2075 2076 2108 pet·

1197 2121 1310 2143 vocem
1341 2111 1525 2154 significare
1547 2123 1555 2142 ι
1595 2122 1674 2156 ergo
1708 2113 1799 2146 vocis
1821 2114 1863 2146 ad
1887 2114 2075 2158 significan-

1195 2159 1274 2193 dum
1305 2159 1483 2202 suppositio
1516 2161 1561 2193 est
1585 2171 1642 2204 per
1668 2172 1780 2195 vocem
1804 2162 1930 2206 aliquid
1951 2164 2077 2208 fignifi-

1195 2209 1295 2243 candi
1311 2210 1498 2244 intentio&
1513 2211 1633 2245 volitio
1646 2235 1653 2242 .
1683 2214 1851 2245 Praeterea:
1878 2211 2014 2247 Mentiri
2027 2213 2074 2248 est

1197 2268 1291 2291 voces
1311 2257 1351 2291 ad
1373 2259 1518 2300 aliquem
1543 2258 1724 2293 fallendum
1750 2262 2075 2303 supponere&acci-

1196 2317 1267 2349 pere
1288 2319 1299 2339 .·
1335 2307 1427 2347 juxta.
1449 2306 1532 2340 illud
1554 2308 1618 2350 Job
1636 2312 1668 2345 6.
1696 2308 1745 2340 Ad
1765 2312 1979 2350 increpandum
2000 2322 2075 2346 tan.

1194 2364 1258 2392 rum
1279 2356 1394 2400 eloquia
1419 2363 1625 2390 concinnatis.
1655 2356 1742 2396 Vel,
1769 2369 1805 2391 ut.
1835 2358 1934 2394 habet
1958 2360 2074 2396 Eccle-

1194 2407 1243 2440 fiae
1264 2407 1522 2449 responsorium.
1554 2408 1606 2439 Ad·
1620 2408 1860 2449 increpandum,
1890 2410 1943 2443 vel
1966 2409 2068 2447 etiam

1193 2455 1232 2489 ad
1247 2455 1498 2500 decipiendum,
1525 2457 1620 2490 verba
1629 2463 1801 2498 componitis
1817 2483 1824 2491 .
1852 2459 1956 2502 Atqui
1976 2459 2071 2503 juxta

1193 2506 1296 2539 Sanst.
1323 2506 1461 2551 August.
1481 2505 1533 2539 lib,
1558 2515 1658 2540 contra
1680 2508 2069 2551 mendac..Mendac1um'efl

251 2560 293 2593 tit
304 2560 337 2593 in
361 2560 466 2603 legem
482 2581 495 2597 ,
518 2557 576 2600 qui
599 2556 634 2590 in
656 2556 729 2601 lege
749 2555 884 2599 quidem
909 2555 1047 2590 attendit
1066 2567 1126 2589 ver·
1186 2555 1458 2600 significatio-falfi
1481 2567 1545 2589 cum
1565 2558 1718 2590 voluntate
1722 2557 1872 2599 fallendi:
1904 2560 2069 2604 Adeoque

251 2607 369 2643 borum
381 2608 680 2652 significationem‚·
708 2617 775 2639 non
797 2615 906 2639 tamen
932 2615 1046 2640 eorum
1059 2606 1127 2649 sup·

251 2658 449 2702 positionem
481 2658 533 2689 seu
557 2656 782 2698 acceptionem
802 2667 812 2687 z
850 2666 934 2698 ergo>
950 2656 1125 2699 suppositio

252 2710 306 2743 seu
318 2707 465 2749 acceptio
477 2703 648 2740 verborum
660 2703 705 2737 est
723 2705 879 2738 voluntas
891 2705 970 2747 legis
982 2729 998 2746 ‚,
1021 2706 1074 2740 seu
1086 2706 1127 2740 le·

251 2757 416 2802 gislatoris
434 2755 528 2789 verba
543 2755 675 2798 proferri
686 2777 698 2793 ,
727 2753 776 2786 vel
787 2753 948 2787 conscribi
961 2754 1125 2788 curantis.

251 2806 409 2842 Similiter
431 2805 566 2850 Epikeja
588 2805 632 2838 est
646 2803 919 2838 casuscontentus
930 2802 1125 2847 subverbis,

251 2869 322 2891 non
343 2867 452 2892 tamen
470 2855 529 2890 sub
540 2864 649 2889 mente
661 2853 756 2898 legis:
789 2862 824 2886 ut
834 2852 966 2887 tradunt
979 2863 1123 2890 commu·

249 2907 334 2942 niter
351 2918 469 2941 omnes
487 2930 495 2938 .
521 2906 560 2939 Id
573 2904 635 2946 est:
662 2904 718 2937 Est
742 2904 832 2938 casus
854 2910 1029 2938 contentus
1056 2905 1122 2947 qui·

248 2957 326 2992 dem
349 2956 410 2991 sub
429 2955 600 2990 verborum
619 2952 859 2999 significatione
881 2965 898 2995 ,·,
923 2964 990 2988 non
1014 2963 1121 2989 tamen

247 3007 308 3042 sub
321 3006 492 3041 verborum
503 3005 718 3050 suppositione
731 3005 783 3038 seu
795 3003 987 3046 acceptione
1002 3016 1026 3040 .·,
1041 3015 1126 3048 ergo!

249 3056 422 3092 verborum
443 3057 592 3100 acceptio
615 3053 700 3089 idem
711 3054 756 3089 est
771 3078 782 3094 ,
808 3052 900 3097 quod
912 3063 1002 3087 mens
1015 3052 1125 3098 legem

250 3107 401 3141 ferentis.
428 3105 518 3142 Vide
539 3102 759 3140 Menochium
772 3102 930 3146 locoficpra
940 3108 1046 3137 citam.
1076 3104 1119 3139 Et

254 3167 309 3201 per
331 3154 412 3190 illud
424 3168 508 3200 opus
518 3167 571 3200 per
583 3155 708 3201 singula
721 3153 785 3189 fere
797 3154 877 3187 folia
888 3178 896 3185 .

304 3216 356 3242 10.
383 3205 673 3250 Potestquetotum
682 3203 747 3239 hoc
757 3201 940 3237 confirmari
952 3213 1119 3248 argumen-

250 3264 287 3291 to
299 3255 442 3299 quodam
456 3279 466 3295 ‚
492 3267 559 3297 quo
570 3266 707 3291 utuntur
720 3255 868 3289 Alciatus
881 3277 890 3293 ,
909 3254 942 3287 δε
954 3253 1119 3289 Navarrus

248 3307 316 3340 Iocis
324 3304 422 3349 supra
433 3310 532 3338 citatis
545 3319 557 3338 .-
581 3306 673 3352 Qa
693 3304 811 3340 dantur
824 3303 969 3348 quaedam
980 3305 1118 3347 propofi„

249 3356 357 3390 tiones
379 3356 505 3390 vocales
527 3356 826 3401 amphibologicae‚
852 3354 892 3388 ad
906 3354 1118 3390 veritatem&

249 3405 420 3440 salsitatem
443 3404 664 3440 indifferentes
681 3420 693 3440 .-
719 3417 790 3448 quae
811 3403 851 3439 ad
875 3403 1047 3438 veritatem
1065 3405 1116 3439 vel

248 3453 416 3490 falsitatem
452 3455 711 3490 determinantur
736 3466 791 3500 per
817 3455 977 3489 diversam
998 3464 1119 3489 vocum

247 3505 475 3550 acceptionem
498 3507 551 3541 seu
576 3505 830 3552 suppositionem
851 3530 860 3539 .
896 3504 999 3540 Tales
1024 3527 1036 3546 ‚
1062 3505 1118 3540 in-

1191 2607 1323 2640 mentiri
1347 2607 1392 2640 est
1419 2606 1601 2650 significare
1614 2606 1731 2641 falsum
1741 2619 1818 2642 cum
1831 2608 2002 2644 voluntate
2012 2611 2070 2644 sal-

1191 2655 1280 2689 lendi
1295 2681 1306 2696 ,
1327 2656 1393 2690 five
1412 2655 1457 2690 est
1485 2666 1538 2699 per
1560 2656 1671 2690 falsam
1699 2657 2070 2702 significationemvelle

1190 2705 1380 2740 audientem
1401 2706 1533 2746 fallere,
1561 2706 1613 2740 vel
1636 2706 1680 2740 est
1703 2708 1851 2742 audienti
1875 2708 1954 2742 velle
1969 2709 2066 2754 figni-

1189 2756 1285 2789 ficare
1307 2756 1427 2790 salsum
1456 2780 1463 2788 .
1495 2757 1591 2801 Ergo
1613 2767 1708 2790 voces
1733 2757 1911 2800 supponere
1934 2758 1979 2797 est
2008 2770 2066 2802 per

1190 2816 1284 2839 voces
1302 2806 1383 2839 velle
1406 2806 1588 2850 significare
1608 2818 1616 2837 :
1644 2818 1724 2852 ergo
1746 2807 1919 2851 suppositio
1939 2808 1984 2842 est
2010 2820 2067 2853 per

1189 2866 1287 2889 voces
1306 2856 1430 2899 aliquid
1455 2855 1657 2900 significandi
1671 2857 1814 2891 volitio„

1240 2916 1298 2952 15.>
1321 2909 1395 2939 Dico
1418 2910 1514 2940 terrici-
1532 2919 1543 2939 .-
1579 2907 1769 2950 Suppositio
1787 2908 1942 2952 importat
1966 2907 2035 2943 duo
2050 2921 2069 2943 :1

1187 2967 1294 2990 unum
1308 2956 1342 2989 in
1363 2957 1448 2989 recto
1473 2981 1484 2997 ‚
1510 2956 1650 2990 alterum
1670 2958 1708 2990 in
1727 2956 1866 3001 obliquo
1878 2983 1891 2991 .,
1912 2957 1951 2991 ln
1974 2960 2065 2993 resto

1188 3006 1343 3049 importat
1364 3006 1459 3040 vocis.
1481 3005 1700 3051 prolationem
1726 3009 1782 3042 seu
1804 3008 2061 3046 formationem;i

1187 3055 1224 3089 in
1245 3055 1389 3099 obliquo
1402 3056 1483 3090 veto·
1510 3057 1665 3099 importat
1696 3057 1900 3101 significandi
1928 3058 2062 3092 volitio-

1185 3116 1259 3140 nem
1279 3131 1286 3139 .
1315 3106 1372 3140 Est
1398 3117 1484 3150 ergov
1505 3105 1594 3140 vocis
1620 3107 1798 3150 suppositio
1825 3106 1912 3142 nihil
1935 3108 2023 3142 aliud
2047 3131 2062 3149 ,

1183 3167 1282 3200 quam
1305 3155 1398 3190 vocis·
1417 3156 1563 3199 prolatio,
1581 3167 1660 3190 cum
1678 3158 1864 3193 intentione
1878 3157 2061 3202 significan-

1182 3206 1241 3239 diz.
1260 3206 1294 3238 δε
1323 3215 1436 3239 vocem
1456 3206 1636 3249 supponere
1657 3230 1669 3247 ‚
1706 3208 1759 3242 seu
1780 3219 1837 3251 pro
1861 3209 1919 3259 suq
1942 3208 2060 3253 fignifi-

1181 3265 1257 3289 cato
1279 3255 1313 3288 in
1339 3254 1498 3290 orationis
1531 3264 1690 3291 contextu
1715 3269 1833 3301 ponere
1856 3283 1867 3299 ,
1904 3257 1990 3292 nihil
2012 3257 2060 3293 est

1181 3304 1271 3338 aliud
1296 3328 1306 3343 ,
1333 3316 1431 3346 quarn
1459 3317 1579 3340 vocem
1602 3308 1744 3349 proferre
1770 3319 1847 3343 cum
1873 3308 2061 3343 intention·

1180 3354 1407 3398 significandi3
1436 3354 1518 3390 verb.
1543 3367 1624 3399 grat.
1651 3357 1784 3400 quando
1801 3369 1865 3402 ego
1891 3357 1949 3392 has
1962 3368 2060 3392 voces

1180 3405 1261 3438 bomo
1281 3405 1317 3438 δε
1335 3406 1449 3438 animal
1472 3430 1482 3446 ,
1521 3407 1648 3448 profero
1661 3430 1677 3446 ,.
1708 3408 1740 3441 &
1763 3408 1840 3442 dico
1862 3407 1961 3442 alicui
1983 3418 2059 3442 cum

1182 3456 1367 3489 intentione
1409 3455 1456 3489 ilii
1494 3455 1696 3499 significandi
1723 3482 1732 3498 ,
1768 3456 1851 3491 homo
1884 3457 1923 3498 est
1944 3454 2063 3489 animal

1182 3516 1260 3540 tunc
1281 3515 1345 3550 ego
1369 3505 1443 3541 istas
1465 3516 1559 3541 voces
1586 3506 1632 3543 ibi
1663 3507 1811 3554 suppono
1834 3520 1841 3540 :
1878 3507 1963 3540 unde
1991 3507 2061 3549 sup-

1888 3565 2011 3600 ponere
