2384 3770
793 94 1457 147 Dereustou'is,

236 187 377 232 phrafis,
407 196 444 219 ac
458 184 555 219 docto
574 181 674 230 digna
687 182 791 218 Viro.
819 183 974 217 sedvana
999 178 1035 218 est
1038 175 1099 220 fine

239 237 354 271 viribus
375 242 439 268 ira.
468 236 510 268 Et
522 234 628 269 adhuc
651 235 764 268 vanior
773 233 839 266 fine
850 233 957 276 lepore
980 232 1013 265 ὅ(
1028 233 1099 264 sun-

237 285 574 327 damentojastantia.
603 286 759 318 Audzemus
781 283 884 316 illum.
911 281 954 315 Et
975 291 1034 315 nos
1046 292 1099 316 au-

237 337 364 370 diemus
376 347 431 370 vos
442 360 449 368 .
482 338 565 379 ,Quia
577 357 588 373 ,
597 332 697 377 inquit
709 359 721 374 ‚
746 332 968 372 instrumentum
982 340 1098 373 nonpo-

238 385 290 425 test
303 383 436 427 effec‘i'um
447 387 607 427 producere
613 382 736 427 sesolo,·
756 380 813 425 sed
824 382 911 415 debet
927 382 1100 422 adjuvari,

237 437 351 469 elevari
366 460 377 475 ‚
389 441 503 469 moveri
516 459 528 475 ,
554 442 646 476 aoper
659 440 750 465 totam
759 430 845 475 suam
852 431 995 465 afflonem
1005 433 1099 476 dirigi

238 488 258 518 ἃ
268 487 361 528 cauffo
365 486 523 528 principali
537 498 544 517 ε
570 483 799 523 lustramentum
823 488 902 516 em'm
914 493 1000 526 agere
1011 481 1095 515 debet

237 542 269 569 in
282 540 398 569 virtute
416 535 508 577 cauffe
514 535 693 576 principalis
707 557 715 565 .
745 536 827 576 Ergo
851 529 960 565 nullu‘m
970 533 1038 565 dari
1046 539 1099 574 po-

236 585 289 624 test
301 586 520 625 instrumentum
534 583 573 616 ab
593 583 705 617 ac‘lualt
726 588 924 629 cooperatione
933 581 998 625 suae
1008 582 1100 628 caufff

232 636 409 679 principali!
428 632 603 677 separatum
626 658 634 666 .
669 634 754 666 Haec
778 632 875 666 verba
897 633 971 666 sunt
1000 632 1099 666 ferme

235 696 309 719 mea
318 709 326 716 .
357 682 539 718 Audiamus
551 682 758 727 Responsum
769 707 776 714 .
805 681 975 725 Responde·
986 683 1028 714 ad
1037 688 1102 715 con·-

231 733 417 780 sequentiam
428 757 439 773 ‚
450 736 482 766 51
494 739 527 766 in
533 744 639 777 genere
651 734 789 775 quuatur
803 756 815 773 ,
834 730 921 774 falsa
933 732 971 772 ost
980 757 988 764 .
1010 732 1098 765 Hem

235 785 254 818 a
265 795 332 829 quo
346 794 490 826 tempore
501 782 740 826 consequentia
751 793 912 825 eaeperunt
922 782 984 815 effe
994 782 1096 815 falsae.
1111 738 1117 824 Ι

236 834 329 868 Dum
338 845 403 879 ego
415 833 575 879 Logicam
588 832 776 872 discebam,
786 830 987 866 &docebam
1001 855 1012 872 ,
1023 842 1099 866 eon·
1111 833 1118 911 1

236 884 410 927 sequentiae
422 893 512 918 erant
523 883 614 919 bonae
626 883 677 927 vel
689 881 803 922 malae,
832 881 986 926 legitimae
999 882 1051 915 vel
1065 882 1098 915 il·

236 933 414 977 legitimae;
441 934 555 968 veritas
568 932 645 966 ver&
656 922 689 967 8(
701 932 820 966 falsitas
829 932 982 975 quidem
974 941 1100 965 merant
1112 950 1118 974 ι

237 984 523 1027 consequentibus,
533 983 776 1025 consequentiis
787 982 863 1015 vero
879 993 1092 1039 nequaquam.
1111 975 1118 1019 l

238 1032 286 1068 At
295 1034 410 1073 video,
442 1033 492 1067 vel
509 1044 654 1076 tempora
669 1044 737 1067 rem
751 1031 835 1066 hanc
847 1033 1016 1075 antiquam
1031 1042 1098 1065 mu·

236 1094 386 1118 taverunt
396 1107 408 1124 ‚
428 1083 479 1117 vel
490 1082 738 1127 Marpurgenses
749 1083 883 1125 turpiter
893 1092 1078 1116 erraverunt
1086 1107 1093 1115 .

238 1136 337 1167 Ruvio
357 1139 435 1167 onim
454 1133 583 1176 expreff?
606 1132 761 1177 distinguit
781 1132 1095 1173 inurinflrumentum

237 1183 421 1224 conJunAEum
442 1185 476 1223 Q
487 1175 680 1227 fiparatum.
713 1183 761 1217 At
789 1182 901 1216 Ruvio
925 1184 1023 1216 etiam
1045 1194 1098 1215 ex-

237 1233 337 1276 presse
359 1233 445 1267 dixit
457 1257 468 1273 ,
493 1233 568 1267 Esse
578 1233 730 1274 unicam,
758 1234 899 1267 sanctam
911 1256 921 1272 ,
948 1231 1099 1267 Catholi-

237 1294 334 1323 cam,
361 1295 399 1318 ac
416 1281 644 1326 Apostolicam
669 1282 844 1317 Ecclefiam
869 1295 877 1314 ε
906 1282 985 1325 Ejus
1002 1292 1097 1325 caput

236 1333 299 1367 effe
322 1334 513 1367 Romanum
539 1333 739 1376 Episcopum
763 1344 770 1364 ε
799 1333 872 1366 Eue
892 1333 926 1366 in
954 1332 1096 1367 Ecclesia

235 1383 427 1427 potestatem
448 1382 547 1417 dandi
560 1382 784 1427 Indulgentias
795 1395 807 1416 .-
833 1381 963 1425 Corpus
975 1381 1096 1416 Christi

234 1434 298 1467 effe
311 1444 383 1467 vere
393 1434 427 1466 in
443 1434 652 1467 sacramento
668 1431 895 1473 Eucharistiae;
907 1442 1095 1466 nontamen

234 1483 298 1516 effe
308 1482 442 1527 ubique:
460 1483 540 1516 Non
554 1483 622 1516 fieri
636 1483 668 1516 in
682 1480 883 1515 Eucharistia
896 1481 1097 1523 impanatio-

233 1542 328 1573 nem,
340 1532 393 1565 sed
406 1532 496 1574 panis
511 1533 543 1564 in
556 1539 673 1572 corpus
683 1529 826 1562 Domini
838 1529 1096 1569 convertionem,

233 1582 267 1615 ἀ
279 1580 340 1614 alia
351 1581 465 1614 similia
479 1578 580 1613 multa
591 1603 598 1610 .
624 1578 734 1611 Miror
747 1588 810 1621 ego
823 1578 896 1611 sane
908 1602 918 1617 ‚
931 1589 989 1612 cur
1002 1579 1095 1613 illum

233 1632 269 1665 in
283 1631 333 1665 his
343 1630 497 1665 omnibus
517 1629 735 1662 contemnatis
749 1627 774 1668 ,'
788 1628 822 1660 in
835 1627 897 1661 isto
920 1626 995 1660 vero
1009 1638 1096 1670 pun—

232 1682 284 1714 ἂο
296 1679 399 1715 dubio
410 1691 447 1714 ae
459 1677 664 1723 probabilitas
680 1677 762 1710 falso
775 1675 859 1710 illius
870 1677 1095 1711 auctoritatem

233 1730 325 1764 nulla
346 1731 471 1765 ratione
494 1730 653 1762 firmatam
674 1738 842 1770 tamquam
861 1736 981 1760 certam
1004 1738 1094 1772 regu-

232 1780 299 1813 lam
310 1791 348 1815 ae
360 1779 570 1817 infallibilem
581 1777 725 1820 veritatis
738 1787 901 1819 canonem
923 1775 1018 1819 nobis
1029 1777 1093 1821 ob·-

232 1830 372 1867 trudatis
383 1832 397 1864 ἒ

284 1891 314 1914 2.
342 1880 481 1924 Negatis
494 1879 571 1923 ergo
591 1891 695 1913 meam
715 1877 1004 1921 consequentiam.
1034 1875 1093 1911 Ast

234 1928 365 1972 peffime
380 1954 387 1960 .
416 1929 510 1962 Probo
521 1932 587 1973 ergo
599 1931 680 1962 illam
694 1943 704 1962 .-
731 1930 821 1975 Qia
844 1927 1093 1961 instrumentum

234 1991 276 2012 ex
288 1980 414 2013 ratione
427 1979 568 2023 generali
581 1979 786 2012 instrumenti
813 1987 877 2011 non
893 1977 995 2020 potest
1008 1978 1095 2011 cans·

235 2030 273 2062 sae
294 2029 481 2072 principalis
498 2029 645 2063 effectum
668 2029 844 2072 producere
871 2029 902 2060 se
924 2026 1015 2068 solo;
1042 2026 1093 2063 sed

234 2076 331 2113 debet
353 2079 486 2113 acauffa
510 2079 680 2122 principali
699 2077 867 2119 adjuvari,
891 2072 1029 2116 elevari,
1056 2088 1093 2110 ac

233 2128 275 2162 ab
298 2128 352 2161 illa
375 2139 429 2171 per
452 2138 555 2162 totam
579 2129 740 2160 astionem
770 2126 893 2159 moveri
916 2136 953 2157 ac
975 2124 1093 2169 dirigi.

232 2177 312 2211 Hoc
326 2188 382 2212 vos
400 2176 599 2217 conceditis;
624 2175 762 2209 admisso
783 2174 873 2207 enim
884 2173 1094 2208 antecedente

233 2228 361 2269 negatis
382 2226 667 2268 consequentiam.
696 2224 739 2256 Et
761 2221 838 2262 quid
853 2224 885 2254 ni
907 2223 1094 2255 concedere·

233 2276 276 2308 tis
287 2276 300 2307 2
312 2274 401 2308 Nam
413 2283 513 2308 omne
524 2273 775 2306 instrumentum
789 2270 883 2304 debet
894 2281 989 2314 agere
1002 2272 1092 2315 supra

234 2324 398 2368 propriam
422 2324 571 2357 virtutem
595 2347 605 2363 ‚
645 2324 736 2365 supra
757 2320 918 2364 propriam
938 2322 1092 2363 capacita-

234 2384 300 2408 tem
310 2375 344 2408 &
356 2374 535 2408 efficaciam
550 2386 558 2404 ι
581 2371 765 2420 Quomodo
775 2381 882 2404 autem
902 2370 991 2413 supra
1004 2371 1091 2404 nati·

234 2435 308 2458 vam
322 2425 441 2458 innatae
451 2424 510 2457 suae
523 2421 651 2457 virtutis
672 2421 850 2455 efficaciam
865 2430 959 2464 agere
975 2421 1091 2463 poffit,

233 2474 293 2507 nisi
309 2473 351 2508 ab
360 2473 472 2518 aliquo
483 2472 661 2515 potentiori
681 2472 716 2505 δε
731 2469 953 2515 principaliori
975 2479 1092 2514 agente

232 2525 326 2567 supra
340 2523 428 2557 suam
447 2523 625 2556 efficaciam
644 2521 839 2561 extollatur,
864 2518 1029 2562 elevetur,
1056 2521 1089 2554 &

232 2573 411 2616 dirigatur?
439 2571 593 2611 Videtis,
618 2569 706 2614 quod
723 2570 816 2604 nullo
836 2569 939 2603 modo
953 2594 960 2601 .
987 2570 1089 2613 Atqui

232 2622 482 2656 instrumentum
502 2631 570 2654 non
594 2621 696 2662 potest
721 2619 849 2658 attolli,
874 2618 1014 2660 elevari,
1039 2620 1090 2653 ad-

233 2672 360 2714 juvari,
387 2669 534 2709 moveri,
559 2680 596 2703 ac
619 2680 673 2712 per
695 2679 799 2704 totam
814 2669 974 2703 astionem
993 2668 1088 2714 dir-igi

233 2722 368 2759 {caussa
389 2719 560 2763 principali
586 2730 653 2752 non
675 2718 851 2757 existenti,
877 2717 984 2752 autad
1001 2719 1091 2753 mille

233 2770 386 2804 milliaria
397 2770 539 2804 absenti:
567 2768 679 2812 Dirigi
691 2769 934 2807 enim‚moveri
947 2792 958 2808 ‚
984 2768 1090 2803 &ele-

232 2821 301 2854 vari
319 2818 529 2854 solummodo
549 2818 651 2863 potest
674 2817 805 2852 acauffa
824 2817 968 2861 praesenti
986 2818 1088 2852 &fibi

233 2870 398 2904 actualiter
421 2869 573 2902 aflistenti
595 2893 603 2901 .
630 2867 701 2915 Qi
723 2868 812 2900 enim
832 2877 869 2901 tu
891 2866 1033 2900 existens
1054 2869 1087 2901 in

232 2920 345 2954 Haffia
354 2944 364 2960 ‚
393 2919 426 2952 in
438 2919 545 2964 aliqua
555 2918 681 2952 afflone
695 2916 880 2952 inchoanda
894 2917 928 2950 δε
938 2919 1088 2951 consum·

231 2969 352 3004 manda
375 2969 538 3012 adjuvares
558 2979 611 3002 me
631 2967 822 3001 existentem
846 2967 878 2999 in
892 2966 1089 3001 Brabantia?

232 3019 383 3054 Profecto
407 3030 475 3053 non
497 3018 541 3052 est
555 3017 614 3052 tibi
636 3027 703 3050 tam
721 3016 785 3051 lata
799 3041 810 3056 ,
836 3027 941 3060 noque
958 3027 1026 3051 tam
1037 3028 1087 3050 ex-

232 3071 322 3103 tensa
335 3069 460 3104 virtutis
476 3070 582 3103 astivae
591 3066 747 3101 efficacia.
776 3066 868 3110 Ergo.
881 3066 1008 3101 nullum
1018 3068 1085 3101 dari

232 3118 336 3162 pote-st
353 3119 604 3153 instrumentum
628 3116 669 3150 ab
677 3116 790 3150 actuali
813 3116 924 3150 cauffae
935 3118 993 3151 suae
1003 3117 1085 3160 prin-

232 3167 344 3211 cipalis
367 3169 530 3210 praesentia
561 3191 573 3207 ,
597 3167 775 3201 directione
800 3166 835 3199 &
857 3168 1086 3210 cooperatione

231 3219 412 3260 separatum
434 3241 442 3249 .
471 3220 561 3252 Patet
580 3222 672 3250 minor
691 3229 698 3248 :
726 3217 817 3262 Qia
836 3216 1084 3251 instrumentum

230 3267 403 3311 adjuvare,
429 3266 573 3310 elevare,
597 3277 745 3307 movere,
755 3277 791 3300 ae
810 3277 865 3310 per
876 3276 979 3301 totam
989 3267 1085 3302 astio-

232 3327 310 3352 nem
327 3316 468 3361 dirigere
489 3315 536 3350 est
548 3317 640 3351 fimul
652 3328 726 3351 cum
745 3316 960 3351 instrumento
970 3327 1082 3361 agere.

232 3366 326 3413 Qid
348 3366 437 3400 enim
459 3366 535 3400 effet
557 3366 644 3401 aliud
666 3368 679 3400 ?
706 3365 880 3410 Numquid
903 3377 1023 3410 equum
1050 3366 1084 3399 in

228 3418 390 3452 'zrafiione
400 3415 549 3458 adjuvare
560 3414 604 3448 est
618 3416 709 3449 simul
720 3427 796 3449 cum
808 3427 891 3461 equo
900 3415 1024 3454 trahere
1035 3416 1087 3452 vel

329 3465 436 3506 Christ.
449 3469 528 3508 Lupi
540 3469 638 3509 Opera
648 3469 800 3502 TomXII·

1880 114 1970 161 345

1161 179 1243 215 forte
1266 180 1380 224 pellere
1400 189 1456 216 aut
1469 178 1616 216 trudere.
1608 182 1621 208 ²
1645 180 1809 227 Nunquid
1822 183 2013 221 caloremin

1159 231 1370 265 calefactione
1393 231 1542 274 adjuvare
1562 232 1605 264 est
1626 233 1719 267 fimul
1740 233 1885 268 cumillo
1898 236 2014 273 calefa-

1160 282 1255 315 cere?
1283 280 1338 313 Est
1352 282 1427 314 sane
1439 280 1577 323 idipsum
1601 304 1608 311 -
1634 283 1735 326 Atqui
1756 284 1882 318 nullum
1896 285 2014 328 princi-

1162 331 1231 375 pale
1254 340 1353 378 agens
1377 331 1479 374 potest
1492 329 1587 363 fimul
1607 339 1697 372 agere
1707 345 1782 367 curn
1795 332 2011 369 instrumento

1161 381 1303 416 absenti.-
1335 379 1403 414 Uti
1426 391 1485 413 vos
1502 389 1629 412 mecum
1652 401 1662 416 ‚
1687 384 1846 418 evidentia
1869 386 2012 419 veritatis

1160 430 1374 474 compellente
1400 454 1411 471 ‚
1438 430 1585 464 fatemini
1610 453 1617 461 .
1644 429 1735 473 Ergo
1761 434 1886 468 nullum
1911 446 2011 479 agens

1161 481 1339 525 principale
1362 480 1465 524 potest
1488 479 1739 513 instrumentum
1764 483 1875 517 absens
1885 485 2011 528 adjuva-

1162 543 1216 572 re,
1241 530 1380 575 dirigere
1394 555 1405 571 ,
1432 529 1644 563 autelevare:
1672 530 1830 574 Adeoque
1851 545 1953 575 neque
1964 533 2011 568 ul-

1159 581 1228 616 lum
1244 581 1492 625 instrumentum
1503 579 1605 622 potest
1626 579 1643 612 a
1655 580 1759 613 cauffa
1782 583 1948 625 principali
1959 584 2012 617 ab·

1160 631 1264 671 senti,
1289 630 1397 665 multo
1420 629 1527 663 minus
1546 629 1642 663 anon
1665 629 1839 671 existenti,
1866 635 2009 673 moveri,

1159 682 1302 726 adjuvari
1324 705 1335 721 ‚
1360 679 1458 725 dirigi
1480 704 1491 721 ‚
1518 689 1573 713 aut
1595 680 1732 713 elevari:
1760 680 1920 724 Adeoque
1944 693 2012 719 non

1160 733 1203 766 est
1219 731 1321 766 ullum
1340 730 1589 764 instrumentum
1601 729 1642 763 ab
1654 730 1768 764 actuali
1788 732 1942 765 concursu
1954 734 2014 766 sua:

1160 783 1269 816 cauffae
1281 781 1467 826 principalis
1479 781 1657 823 separatum
1669 805 1678 820 ,
1699 780 1751 814 sed
1763 791 1863 814 omne
1873 783 2013 816 omnino

1161 833 1211 866 isti
1226 831 1343 866 actuali
1365 830 1536 865 concursui
1557 830 1601 864 est
1614 854 1625 870 ,
1652 830 1757 863 &effe
1778 830 1873 865 debet
1890 832 2013 874 semper

1160 882 1324 926 &ubique
1346 881 1559 924 conjunctum
1579 905 1587 912 .
1615 883 1661 913 Et
1682 879 1871 922 confirmatur
1889 893 1896 912 :
1923 879 2019 928 Qia'

1161 932 1319 967 fidaretur
1342 931 1445 975 ullum
1471 931 1721 965 instrumentum
1742 930 1783 964 ab
1804 930 1965 965 activitate
1979 931 2014 965 δε

1160 982 1275 1017 αᾶιηὶί
1286 981 1516 1025 cooperatione
1529 982 1588 1015 suae
1599 980 1710 1014 cauffae
1731 980 1918 1024 principalis
1929 982 2014 1024 sepa-

1160 1040 1263 1068 ratum
1273 1057 1284 1073 ‚
1314 1030 1395 1065 illud
1410 1030 1538 1065 deberet
1549 1031 1697 1064 effectum
1708 1031 1818 1064 cauffae
1830 1030 2014 1075 principalis

1161 1082 1337 1126 producere
1356 1082 1386 1115 se
1407 1081 1480 1115 solo
1496 1106 1503 1113 .
1538 1081 1617 1114 Hoc
1639 1080 1761 1114 clarum
1784 1080 1845 1114 est:
1879 1081 2013 1115 Etenim

1160 1134 1181 1165 fi
1198 1133 1345 1166 effectum
1367 1142 1435 1165 non
1457 1130 1645 1174 produceret
1662 1131 1696 1163 se
1725 1129 1795 1164 solo
1822 1154 1833 1170 ,
1861 1130 1913 1164 sed
1936 1142 2013 1164 cum

1160 1183 1275 1216 actuali
1302 1181 1413 1215 cauffae
1436 1181 1621 1224 principalis
1641 1179 1802 1222 adjutorio
1822 1204 1833 1219 ,
1861 1180 1924 1223 jam
1943 1191 2014 1214 non

1159 1234 1241 1266 foret
1253 1231 1498 1265 instrumentum
1517 1231 1535 1264 ὲ
1556 1230 1789 1274 cooperatione
1812 1231 2015 1274 separatum,

1161 1281 1513 1325 sedilliconjunstum.
1546 1280 1651 1327 Atqui
1676 1279 1805 1313 nullum
1826 1278 2019 1314 instrumen-

1160 1342 1229 1367 tum
1242 1332 1346 1376 potest
1359 1331 1468 1365 eauffae
1484 1329 1669 1374 principalis
1689 1329 1835 1363 effestum
1862 1329 2018 1373 produce-

1161 1394 1193 1417 re
1206 1383 1235 1416 se
1249 1381 1347 1416 solox·
1369 1381 1448 1415 Hoc
1459 1379 1674 1415 conceffistis.
1701 1377 1792 1424 Ergo
1805 1378 1933 1413 nullum
1946 1379 2016 1413 dari

1160 1432 1264 1476 potest
1276 1430 1529 1465 instrumentum
1548 1429 1589 1465 ab
1599 1428 1765 1465 activitate
1784 1429 2015 1465 &actualisuae

1159 1483 1271 1518 cauffae
1282 1480 1464 1525 principalis
1477 1481 1635 1515 concursu
1655 1481 1855 1523 separatum.

1210 1542 1240 1579 3.
1264 1532 1409 1576 Pergunt
1437 1530 1719 1575 Marpurgenses‚
1744 1529 1779 1563 δε
1800 1529 1939 1564 dicunt:
1968 1530 2020 1563 59-

1158 1583 1252 1614 cundo
1262 1581 1400 1624 exempla
1419 1580 1604 1612 reclamant.
1632 1584 1670 1611 Ut
1673 1578 1797 1618 ferrum
1822 1584 1948 1622 ignitum
1952 1577 2020 1618 stu-

1154 1639 1229 1671 pam
1243 1629 1422 1664 accendens.
1445 1628 1498 1662 De
1511 1625 1575 1660 hoc
1587 1625 1742 1669 exemplo
1759 1625 1866 1660 dicam
1886 1627 2019 1660 statim.
2022 1642 2027 1650 τ

1160 1679 1253 1713 Volo
1262 1679 1351 1711 enim
1364 1677 1451 1722 prius
1462 1674 1636 1709 defendere
1648 1674 1860 1717 principalem
1872 1676 2022 1710 cauffalis

1158 1738 1258 1762 tatem
1278 1726 1437 1770 impulsus
1454 1750 1466 1766 ,
1492 1725 1619 1759 ratione
1639 1722 1877 1759 commodioris
1894 1734 2028 1760 ‹ronne-⁴

1158 1778 1287 1812 xionis.
1315 1776 1426 1810 Globus
1449 1777 1466 1809 ἐ
1485 1774 1650 1808 bombarda
1674 1779 1706 1806 in
1716 1772 1843 1816 impulsis
1863 1775 1920 1807 loco
1931 1779 2016 1808 mm.

1157 1839 1195 1861 vo
1217 1851 1224 1859 .
1251 1829 1351 1860 Termi
1370 1825 1497 1859 elevatio
1520 1825 1704 1862 instrumenti
1727 1824 1766 1864 est
1786 1824 1918 1866 duplex.
1945 1827 2013 1858 Alia

1157 1877 1196 1921 est
1208 1876 1332 1911 adualls
1351 1877 1386 1908 Θ
1397 1875 1548 1907 manualis
1561 1886 1569 1906 ε
1596 1871 1756 1915 Stcsecuris
1769 1879 1949 1914 motionem,
1961 1876 2015 1907 di-

1156 1926 1333 1965 rec‘lionem,
1354 1922 1568 1966 praefennam‚
1590 1923 1819 1964 &influentiam
1845 1930 2014 1958 continuam

1156 1975 1259 2017 caussae
1265 1973 1329 2018 suae
1339 1975 1515 2016 principalis
1525 1978 1666 2016 requirit.
1695 1974 1761 2006 Alia
1773 1973 1810 2013 est
1822 1973 2018 2008 habitualis

1157 2029 1230 2070 ‚Qua
1240 2024 1458 2064 instrumentum
1477 2026 1497 2056 ἃ
1505 2023 1561 2066 sua
1571 2025 1667 2066 caussa
1677 2025 1840 2065 principali
1848 2033 1902 2065 per
1914 2030 2013 2057 virtu-

1155 2077 1215 2110 te'm
1226 2072 1468 2109 communlcataem
1479 2083 1584 2116 aptum
1596 2076 1642 2107 ad
1650 2076 1833 2116 operandum
1839 2074 1939 2116 positis
1952 2087 2021 2107 ωη-Δ

1157 2126 1246 2157 nibus
1267 2124 1412 2165 requifieis
1428 2126 1580 2156 redditum
1593 2125 1628 2157 es}
1639 2149 1646 2155 .
1677 2128 1735 2157 Hoc
1744 2126 1827 2156 modo
1831 2123 1957 2167 spiritus
1969 2122 2022 2157 a&

1155 2179 1404 2219 organfgationem
1430 2173 1540 2207 elevati
1561 2172 1712 2205 &ditem
1729 2171 1821 2213 sunt.
1849 2174 1923 2207 Hos
1943 2176 2013 2217 qui-

1155 2223 1230 2256 dem
1251 2222 1393 2255 inclusos
1411 2232 1478 2253 ovo
1496 2223 1622 2263 spiritus
1634 2221 1696 2262 jam
1720 2220 1845 2255 dudum
1860 2224 2015 2258 inclama-

1156 2272 1211 2305 stis
1222 2283 1237 2313 ,·
1264 2281 1376 2305 verum
1386 2270 1523 2303 clamare
1535 2269 1659 2302 debetis
1682 2271 1779 2303 altius
1795 2282 1802 2302 ε
1830 2272 1910 2305 Non
1922 2273 2015 2308 enim

1156 2320 1379 2360 vosaudiunt‚
1404 2318 1484 2362 quid
1498 2317 1614 2352 habere
1637 2313 1741 2352 veliti}
1763 2324 1830 2352 no'n
1857 2322 2011 2364 capiunt:

1155 2371 1229 2404 Nec
1240 2370 1328 2404 enim
1342 2370 1375 2402 in
1389 2379 1494 2402 rerum
1508 2378 1621 2402 natura
1634 2367 1776 2402 existunt
1789 2393 1796 2400 .
1810 2368 1865 2402 Ut
1876 2365 1955 2414 ergo
1967 2382 2014 2404 re-

1154 2419 1284 2463 periatis
1296 2420 1475 2462 separatum
1485 2419 1645 2452 astivitate
1658 2417 1904 2453 instrumentum
1915 2444 1926 2460 ,
1948 2421 2012 2454 fru-

1154 2470 1213 2504 stra
1234 2469 1312 2504 &in
1324 2479 1445 2503 vanum
1469 2468 1631 2502 invocatis
1649 2466 1738 2502 hunc
1748 2468 1804 2502 ovi
1818 2469 1962 2511 spiritum
1976 2495 1984 2503 .

1203 2529 1236 2566 4.
1247 2519 1378 2553 Deinde
1396 2518 1561 2561 duplicem
1571 2519 1750 2551 caussarum
1769 2518 1985 2553 elevationem
1996 2544 2008 2560 ,

1154 2569 1274 2604 scilicet
1285 2568 1440 2604 actualem
1454 2568 1487 2601 ἀ
1499 2565 1698 2602 habitualem
1709 2592 1720 2608 ‚
1746 2567 1882 2602 libenter
1893 2569 2010 2604 admit-

1153 2631 1204 2654 to.
1233 2619 1422 2660 Utramque
1443 2618 1531 2650 enim
1557 2616 1640 2650 hanc
1661 2617 1854 2652 elevationis
1872 2619 2008 2662 speciem

1152 2671 1272 2712 semper
1284 2680 1347 2713 ego
1368 2667 1466 2702 docui
1487 2666 1683 2701 &defendi.
1710 2667 1869 2702 Attamen
1893 2681 1960 2702 non
1973 2670 2009 2702 fi-

1151 2729 1207 2754 cut
1219 2731 1293 2753 vos.
1324 2719 1411 2752 Nam
1424 2716 1565 2751 elevatio
1578 2715 1753 2751 habitualis
1764 2728 1833 2750 non
1844 2715 1941 2751 habet
1953 2719 2007 2752 10..

1151 2780 1224 2803 cum
1247 2768 1280 2802 in
1292 2768 1407 2802 cauffis
1423 2765 1720 2801 instrumentalibus
1735 2789 1748 2807 ,
1773 2777 1878 2810 neque
1898 2767 2006 2801 elevat

1151 2820 1190 2854 ad
1202 2819 1331 2853 effeetus
1352 2817 1590 2852 substantiales:
1617 2815 1729 2850 Habet
1750 2815 1858 2850 locum
1872 2817 1904 2850 in
1926 2818 2005 2851 solis

1150 2868 1261 2904 cauffis
1274 2867 1507 2912 principalibus
1518 2890 1528 2907 ‚
1553 2865 1722 2910 elevatque
1735 2877 1789 2900 eas
1808 2867 1849 2900 ad
1861 2866 1945 2900 solos
1954 2866 2005 2901 ef-

1150 2921 1247 2954 festus
1264 2917 1498 2953 accidentales.
1529 2915 1581 2949 At·
1596 2916 1673 2950 vero
1689 2915 1829 2950 elevatio
1842 2940 1853 2956 ,
1879 2916 1920 2950 de
1939 2927 2004 2959 qua

1150 2970 1204 3004 hic
1215 2969 1364 3014 agimus,
1390 2967 1436 3001 est
1458 2966 1598 3000 elevatio
1613 2966 1839 3006 instrumenti,
1865 2965 1943 2999 item
1957 2966 2003 2999 est

1149 3021 1290 3054 elevatio
1302 3017 1343 3051 ad
1353 3017 1511 3051 astionem
1524 3038 1534 3054 ,
1560 3015 1628 3049 ime>
1641 3015 1683 3049 ad
1694 3016 1846 3058 plurimas
1862 3016 2005 3050 artiones

1150 3063 1372 3104 substantiales
1387 3091 1395 3099 .
1422 3066 1478 3100 Est
1500 3067 1588 3100 enim
1607 3065 1749 3099 elevatio
1766 3066 1805 3099 ad
1827 3066 2003 3109 organiza-

1149 3121 1275 3154 tionem
1295 3119 1326 3152 ἀ
1347 3116 1667 3155 conformationem,
1694 3126 1763 3156 quae
1785 3114 1830 3148 est
1849 3126 2003 3160 aggrega-

1148 3180 1218 3204 tum
1228 3167 1394 3212 quoddam
1406 3177 1446 3200 ex
1459 3165 1638 3199 innumeris
1645 3176 1682 3198 ae
1690 3164 1756 3199 fere
1765 3164 2003 3199 infinitisastio·

1150 3220 1268 3259 nibus,
1294 3216 1410 3262 partim
1423 3213 1704 3254 substantialibus,
1732 3214 1845 3258 partim
1856 3214 2005 3249 acciden⁴

1149 3269 1267 3304 talibus
1279 3292 1286 3300 .
1315 3265 1476 3310 Adeoque
1489 3266 1631 3299 elevatio
1643 3262 1818 3298 habitualis
1828 3263 1911 3298 nihil
1923 3265 2006 3300 facie

1150 3319 1191 3353 ad
1214 3318 1398 3362 praesentem
1410 3317 1516 3350 casum
1528 3340 1535 3347 .
1564 3315 1609 3349 Et
1627 3315 1777 3357 quamvis
1799 3315 1939 3356 faceret,
1955 3314 2005 3348 ni-

1150 3367 1198 3402 hil
1224 3378 1334 3402 tamen
1363 3378 1422 3410 pro
1456 3364 1551 3399 vobis
1588 3366 1704 3398 faceret
1735 3375 1742 3396 :
1780 3364 1868 3398 Nam
1904 3364 2002 3398 etiam

1148 3419 1253 3455 caussa
1275 3415 1485 3454 habitualiter
1494 3414 1618 3452 elevata
1629 3425 1696 3447 non
1719 3413 1822 3457 potest
1834 3413 1876 3448 ab
1885 3413 2003 3454 astuaii

1643 3464 1678 3498 G
1701 3472 1726 3506 g
1872 3472 1954 3496 coo-
