2384 3770
543 100 711 165 Qun>
745 95 1059 143 Sirpium.
1094 92 1311 141 Nuces.
1349 95 1508 159 Qua
1543 96 1724 143 Cour.

224 183 385 219 tiflcatum
409 191 486 217 eum
516 180 658 225 subjecto
686 193 694 217 ε
720 179 770 218 uti
791 179 858 216 huc
880 179 981 221 usque
1004 176 1075 211 dixi
1091 203 1099 213 .

229 234 336 277 Atqui
346 244 389 268 ex
398 232 514 268 eadem
526 232 583 268 illa
596 231 791 268 habitudine
801 228 973 275 significati
983 228 1098 261 forma·

229 283 273 317 lis
290 283 330 318 ad
346 281 518 326 subjectum
529 282 651 316 dicitur
661 281 866 325 predicatum
878 279 946 311 esse
969 278 1099 311 contin—

226 343 307 379 gens
318 358 328 374 ,
357 335 408 366 vel
434 332 646 368 necessarium
661 344 672 365 .·
697 339 777 374 ergo
801 327 917 362 eadem
938 326 1099 361 habitudo

227 383 283 417 dat
296 383 470 428 praedicato
481 384 639 418 rationem
652 377 898 422 contingentis,
930 377 981 411 vel
994 379 1098 412 neces-

226 432 299 467 sarii
311 433 475 477 praedicati
487 457 499 474 ‚
525 430 671 472 ucetiam
681 429 845 463 rationem
857 427 1098 472 contingentis,

227 481 279 516 vel
300 483 483 519 necessarie
509 477 744 525 praedicationis
764 502 772 510 .
813 477 962 513 Probatur
982 484 1098 512 minor:

228 531 320 579 Qia
344 533 551 577 predicatum
574 539 641 562 non
656 528 774 563 dicitur
786 529 853 564 esse
876 527 1099 572 contingens,

226 584 281 618 vel
298 582 516 617 necessarium
534 590 575 613 ex
599 577 792 614 habitudine
803 578 850 612 sui
875 578 915 611 ad
929 579 1022 612 suurn
1037 579 1097 611 for-

226 631 570 676 male-fignificatum:
591 640 660 664 non
687 629 777 663 enim
795 627 996 673 predicatum
1021 636 1097 663 eon-

226 683 379 726 tingeus‚
405 680 452 714 vel
467 680 678 716 necessarium
692 678 739 713 est
751 678 849 719 illud,
875 677 968 721 cujus
980 679 1098 712 forma-

227 730 258 767 le
267 731 487 777 ‘significatum
500 730 545 764 est
560 731 665 765 forma
678 728 863 771 (impliciter
874 728 1098 772 contingens,

229 782 282 815 vel
294 779 464 815 necessaria
478 792 492 823 ,-
521 780 573 815 sed
587 780 788 823 predicatum
802 779 1004 822 contingens
1016 800 1028 816 ‚
1048 777 1099 811 vel

227 831 442 866 necessarium
457 827 770 870 dicituresseillud,
793 826 886 870 cujus
907 826 1045 861 formale
1066 827 1098 859 fi-

226 880 419 926 gnificatum
433 880 477 916 est
491 881 596 914 forma
607 879 809 922 contingens
818 901 831 918 ‚
858 877 909 910 vel
923 874 1098 911 necessaria

224 929 367 973 subjecto
379 954 387 962 .
415 929 629 965 Manifestum
641 938 721 972 ergo
744 925 790 961 est
801 950 812 966 ,
843 926 932 970 quod
958 926 1098 969 predica-

225 990 295 1015 tum
306 980 433 1015 dicatur
443 981 510 1014 esse
520 979 719 1022 contingens
731 1001 742 1017 ‚
767 976 818 1010 vel
832 977 1044 1011 necessarium
1057 987 1098 1010 ex

223 1028 415 1066 habitudine
427 1028 602 1074 significati
615 1029 663 1063 sui
679 1027 827 1063 formalis
839 1027 881 1062 ad
894 1028 987 1062 suum
999 1024 1096 1070 subje·

226 1081 312 1115 &um
325 1104 333 1114 .
364 1080 434 1115 His
445 1081 489 1115 ita
501 1079 611 1125 positis
622 1103 630 1113 .

448 1180 471 1215 S
497 1180 526 1214 E
553 1180 584 1214 C
609 1179 648 1213 T
672 1176 688 1210 1
714 1178 749 1212 O
800 1175 859 1210 111.

381 1228 527 1271 Resolutio
551 1228 704 1272 propofitae
731 1226 921 1269 quaellionis.

223 1286 277 1326 34.
434 1277 506 1320 Esp.
520 1281 554 1314 <v
566 1280 752 1315 dicoprimo:
780 1274 966 1318 predicatio
992 1275 1096 1308 neces·

219 1336 221 1339 '
451 1329 529 1362 saria
540 1327 672 1367 estissa,
701 1326 899 1371 queconstat
930 1324 1097 1369 predicato

223 1378 416 1413 necessario.
444 1381 484 1413 Id
493 1378 549 1418 est:
565 1379 619 1413 Est
637 1378 692 1411 illa
705 1402 716 1418 ,
733 1379 766 1410 in
780 1387 844 1421 qua
875 1376 1095 1420 significatum

221 1428 359 1462 formale
370 1429 521 1472 predicari
543 1430 589 1463 est
603 1427 734 1462 realiter
757 1425 999 1461 identificatam
1020 1435 1095 1459 cum

219 1476 379 1518 subjecto.
399 1479 641 1513 Identificatum
667 1501 679 1517 ,
705 1478 841 1519 inquam
854 1497 865 1513 ,
902 1476 954 1508 vel
969 1475 1096 1509 realiter

219 1526 376 1571 adequate
394 1551 405 1568 ,
445 1528 495 1561 vel
528 1528 654 1561 realiter
676 1522 873 1566 inadequate
898 1534 940 1557 eo
987 1525 1091 1557 modo

220 1583 289 1617 ‘quo
324 1587 394 1620 pars
424 1575 616 1612 identifieari
654 1574 734 1609 solet
763 1575 822 1607 suo
851 1572 916 1607 toti
937 1597 944 1604 .
985 1573 1089 1607 Tales

220 1627 296 1660 suut
314 1626 378 1670 he,
407 1629 494 1660 Homo
505 1627 544 1667 est
564 1625 721 1659 rationalis
734 1648 744 1663 ‚
769 1623 851 1656 homo
876 1622 915 1662 est
944 1623 1061 1664 risibilis
1082 1647 1091 1662 ‚

221 1675 304 1709 homo
321 1677 358 1717 est
378 1683 533 1710 autmarus
546 1701 556 1717 ,
578 1677 634 1710 &a
682 1674 847 1708 Examina
869 1675 960 1706 enim
990 1673 1063 1706 illas
1081 1696 1091 1712 ‚

221 1726 255 1760 &
275 1727 421 1762 iuvenies
442 1727 658 1772 significatum
680 1723 817 1759 formale
836 1722 994 1766 predicari
1021 1724 1089 1756 esse

219 1776 344 1818 semper
358 1777 391 1810 in
412 1776 477 1810 illis
500 1776 602 1811 modo
622 1775 710 1809 disto
734 1773 977 1807 identificatam
1015 1782 1089 1806 cum

221 1823 364 1869 subjecto
376 1850 383 1859 .
410 1825 601 1861 Praedicatio
619 1835 696 1859 vero
718 1824 929 1867 contingens
946 1821 991 1855 est
1010 1821 1066 1856 illa
1083 1846 1094 1862 ,

220 1886 292 1919 quae
301 1875 429 1909 constat
442 1874 614 1918 praedicato
631 1875 841 1918 contingenti
856 1897 864 1905 .
894 1872 933 1904 Id
944 1872 982 1911 est
997 1883 1004 1903 :
1037 1872 1090 1906 Est

221 1926 279 1960 illa
290 1948 300 1963 ,
328 1926 362 1958 in
376 1935 438 1967 qua
449 1925 666 1969 significatum
676 1925 814 1958 formale
827 1923 1032 1965 praedicatum
1047 1923 1092 1954 est

221 1973 575 2009 distinstumrealitera
588 1972 729 2015 subjecto
749 1996 756 2003 .
789 1971 988 2004 Distinctum
1005 1993 1016 2010 ,
1039 1969 1089 2003 in-

222 2034 322 2068 quam
335 2047 346 2063 ,
372 2023 424 2057 vel
437 2024 562 2058 realiter
573 2021 738 2066 adaequate
748 2045 759 2061 ,
773 2021 824 2054 vel
834 2022 965 2054 realiter
980 2017 1091 2053 inadae-

222 2073 319 2117 quate
330 2095 342 2112 ,
367 2084 408 2106 eo
420 2072 599 2116 modoque
614 2082 722 2106 totum
735 2070 894 2114 distingui
913 2070 991 2101 solet
1008 2069 1025 2101 a
1039 2070 1093 2102 sua

221 2132 311 2166 parte
320 2146 328 2153 .
341 2121 442 2155 Tales
452 2123 524 2154 sunt
538 2120 584 2153 hae
593 2144 604 2159 ,
619 2125 710 2152 Homo
719 2119 758 2157 est
769 2119 856 2149 albus
867 2140 877 2154 ‚
890 2117 974 2148 homo
987 2123 1093 2155 currit,

221 2169 408 2211 homostudet
419 2195 430 2211 ‚
450 2170 484 2205 δε
497 2169 565 2205 aliae
577 2168 695 2202 ssmiles
706 2191 713 2199 .
743 2167 906 2200 Examina
920 2164 1040 2208 quippe
1056 2167 1092 2198 11-

221 2222 317 2262 las‚ac
327 2220 463 2262 reperies
473 2219 692 2264 significatum
704 2217 840 2249 formale
850 2215 1006 2257 predicati
1022 2216 1089 2249 esse

223 2270 413 2306 distinctum
428 2291 439 2308 ,
449 2279 487 2302 ac
499 2265 671 2309 separabile
683 2265 812 2298 realiter
821 2267 839 2296 a
851 2264 992 2305 subjecto
1005 2273 1016 2296 ι

277 2329 331 2366 35.
359 2317 490 2360 Itaque,
518 2325 554 2350 ut
565 2314 680 2348 habeas
692 2313 899 2356 praedicatum
927 2310 1090 2344 necessari-

227 2380 283 2403 um
296 2392 307 2409 ‚
334 2367 609 2409 necessariamque
621 2361 884 2408 pradicationem
897 2384 908 2401 ,
936 2370 1005 2393 non
1020 2361 1093 2394 satis

225 2418 271 2452 est
285 2415 400 2451 habere
411 2416 638 2461 praedicatum,
665 2413 758 2456 cujus
779 2410 946 2446 materiale
971 2408 1088 2454 fignifi-

225 2477 336 2502 catum
354 2467 390 2501 fit
402 2466 640 2501 identificatum
653 2475 729 2497 cum
744 2463 889 2505 subjecto
902 2473 911 2503 3
925 2461 979 2494 sed
990 2460 1092 2493 habe-

225 2529 259 2553 re
269 2526 399 2561 oportet
410 2515 618 2560 praedicatum
631 2538 642 2554 ,
667 2513 758 2556 cujus
771 2513 909 2547 formale
929 2510 1092 2555 fignifica-

225 2576 298 2602 tum
311 2590 321 2606 ‚
351 2567 455 2600 immo
466 2565 557 2609 cujus
569 2575 634 2599 tam
648 2563 784 2598 formale
795 2587 806 2603 ‚
817 2573 917 2605 quam
927 2561 1090 2605 fignifica-

226 2626 297 2651 turn
316 2615 478 2650 materiale
501 2618 515 2657 (
538 2615 559 2646 si
581 2623 772 2648 concretum
783 2612 952 2653 fuerit)s1t
964 2611 1091 2644 realiter

227 2665 466 2702 identificatutn
479 2661 626 2705 subjecto.
638 2661 738 2708 Qod
750 2661 864 2696 debeat
875 2661 1091 2706 fignificatum

227 2716 295 2759 ejus
306 2713 493 2753 materiale,
521 2724 559 2746 ac
570 2713 690 2745 testum
702 2712 768 2745 esse
791 2711 933 2753 subjecto
954 2710 1089 2744 identifi—

226 2776 337 2801 catum
349 2788 360 2805 ,
387 2762 472 2797 nihil
483 2762 526 2797 est
540 2762 711 2806 praedicato
725 2761 902 2794 necessario
912 2761 1092 2803 proprium,

227 2826 285 2851 aut
294 2814 469 2859 peculiare:
499 2813 579 2848 Hoc
590 2813 678 2846 enim
691 2811 784 2845 omni
796 2810 936 2844 omnino
948 2808 1091 2852 praedica·

229 2875 266 2901 to
278 2875 454 2901 commune
462 2862 506 2898 est
516 2888 524 2897 .
536 2864 650 2897 Omne
661 2861 783 2904 quippe
794 2860 1003 2903 predicatum,
1017 2870 1091 2893 con·

229 2915 381 2960 tingens,
409 2914 617 2948 necessatium
630 2936 641 2953 ,
667 2911 878 2945 intrinsecum
891 2934 902 2950 ,
939 2909 1090 2943 extrinse-

229 2977 305 3001 cum
314 2990 324 3006 ,
335 2965 397 3000 διο.
408 2965 648 3008 quodcumque,
659 2973 696 2995 ac
705 2961 942 3003 qualecumque
952 2959 1084 2994 tandem

229 3011 475 3054 fuerit’‚babet,
504 3014 537 3049 δι
551 3012 667 3047 habere
679 3009 774 3045 debet
793 3010 1010 3056 significatum
1028 3019 1089 3043 rec-

231 3074 302 3100 tum
318 3066 374 3104 suo
385 3062 799 3108 subjestoidentificatum:
827 3071 862 3095 ut
882 3071 922 3093 ex
946 3060 1091 3103 professo

230 3114 357 3153 dicam,
381 3115 414 3150 δε
432 3114 603 3149 ostendam
626 3112 727 3147 infra.
755 3111 926 3153 predicato
936 3120 1015 3154 ergo
1039 3120 1090 3143 ne-

233 3165 367 3198 cessario
379 3166 544 3208 proprium
565 3188 575 3204 ‚
587 3176 624 3201 ac
635 3161 800 3198 essentiale
812 3160 856 3195 est
868 3159 983 3194 habere
997 3160 1090 3204 figni-

231 3213 365 3248 ficatutn
377 3215 514 3250 formale
526 3238 538 3255 ,
558 3226 596 3249 ac
608 3212 782 3258 principale
794 3209 1031 3245 identificatum
1044 3210 1091 3244 su·

231 3262 353 3306 Βὶεᾶο.
385 3264 486 3310 Qod
499 3266 648 3308 quamvis
661 3264 733 3297 satis
745 3261 810 3295 huc
822 3262 920 3305 usque
941 3259 1089 3304 probave-

231 3316 315 3354 rim,
341 3312 448 3346 adbuc
471 3323 578 3347 tamen
603 3312 688 3348 hanc
709 3316 869 3347 rationem
888 3310 937 3344 illi
951 3309 1091 3348 adlicim

232 3364 320 3410 Qia
344 3363 541 3407 predicatum
562 3366 773 3399 necessarium
798 3361 914 3396 habere
931 3359 1026 3394 debet
1035 3362 1090 3395 ali·

235 3413 326 3460 quod
342 3412 807 3459 fignificatumidentificatum
818 3423 892 3447 cum
906 3411 962 3446 suo
976 3409 1093 3455 subjec-

1900 106 1994 154 271

1162 187 1198 211 to
1207 189 1218 211 .-
1231 175 1319 221 atqui
1333 186 1401 211 non
1417 176 1534 213 sufficit
1546 177 1764 214 identificatio
1776 177 1951 224 significati
1963 188 2032 213 man

1161 227 1282 261 terialis
1293 224 1389 262 reaia
1416 237 1497 271 ergo
1510 228 1681 270 requiritur
1693 229 1743 263 ide
1750 229 2036 273 ntificatiosngni·

1161 276 1249 310 ficati
1260 275 1415 312 formalis.
1426 276 1536 320 Major
1550 275 1594 308 est
1606 277 1690 313 clara
1702 291 1741 313 ex
1756 279 1910 316 haetenus
1921 279 2031 319 diffisa

1161 328 1194 361 δι
1205 327 1222 361 ὲ
1237 325 1366 359 nemine
1378 326 1433 369 qui
1446 325 1605 360 terminos
1614 328 1699 370 capit
1711 351 1722 368 ‚
1738 330 1884 374 neganda
1895 354 1906 365 ,
1932 333 2032 363 Mirm

1156 376 1325 420 probatur.-
1350 375 1440 430 Qia
1454 400 1465 416 ,
1485 376 1508 412 fi
1533 377 1574 410 ad
1587 378 1785 419 predicatum
1811 381 2031 414 necessatium

1161 426 1320 460 sufficiens
1332 426 1417 460 foret
1429 426 1646 462 identificatio
1658 425 1757 460 solius
1767 427 1937 470 significati
1965 438 2031 462 ma-

1160 476 1281 510 terialis
1294 498 1305 516 ,
1330 485 1410 510 tunc
1422 488 1525 512 omne
1551 476 1754 522 predicatum
1766 487 1953 513 concretum
1977 476 2032 513 ha-

1161 525 1239 560 bens
1253 525 1469 570 significatum
1484 527 1650 562 materiale
1661 525 1898 560 identificatum
1913 529 1969 560 suo
1984 529 2033 562 su·

1162 574 1266 618 bJeeto
1279 600 1288 615 ,
1309 577 1394 612 foret
1406 577 1610 620 praedicatum
1625 576 1834 612 necessarium
1847 587 1855 608 ι
1885 576 2033 618 adeoque

1161 625 1261 660 etiam
1277 627 1380 669 ipsum
1398 628 1606 670 praedicatum
1619 627 1816 671 contingens
1826 627 1909 659 foret
1921 626 2034 669 praedi-

1160 686 1270 711 catum
1284 677 1504 712 necessarium:
1516 675 1580 711 hoc
1590 678 1708 721 quippe
1718 673 1925 718 etiarn3habet
1939 675 2034 719 ligni-

1160 725 1292 759 ficatum
1305 727 1468 760 materiale
1482 729 1538 761 suo
1550 727 1694 770 subjesto
1706 725 1944 761 identificatum
1958 737 1965 756 :
1995 733 2034 758 ut

1163 775 1246 810 infra
1271 777 1328 810 suo
1350 776 1425 810 loco
1448 777 1585 822 patebit.
1616 777 1722 820 Atqui
1733 773 1798 810 hoc
1811 774 1953 809 omnino
1976 773 2034 808 fal-

1160 826 1231 858 sum
1243 851 1255 867 ,
1282 826 1315 860 ἀ
1326 825 1496 860 absurdum
1508 827 1551 860 est
1570 839 1577 860 :
1605 837 1683 871 ergo
1694 827 1794 861 etiarn
1805 824 1978 860 absurdum
1986 824 2032 860 est

1160 874 1267 909 dicere
1278 899 1288 915 ,
1315 876 1402 919 quod
1415 876 1455 911 ad
1467 875 1672 920 praedicatum
1687 875 1897 910 necessarium
1921 874 2035 909 suffici-

1164 936 1220 959 ens
1237 925 1274 958 fit
1288 925 1503 963 identificatio
1517 926 1617 960 solius
1629 925 1801 971 significati
1814 924 2006 959 materialis.

1214 974 1266 1022 36.
1283 974 1405 1009 Eodem
1421 977 1521 1010 modo
1533 975 1831 1020 philosophandum
1844 975 1889 1010 est
1903 974 1943 1008 de
1955 984 2032 1016 prau-⁴

1160 1024 1271 1061 dicato
1283 1026 1494 1070 contingenti
1508 1050 1517 1066 ,
1544 1026 1816 1071 contingentique
1836 1025 2034 1067 contingen·

1161 1077 1201 1108 tis
1212 1075 1372 1118 praedicati
1389 1076 1635 1119 praedicatione;
1650 1088 1687 1110 ac
1699 1075 1875 1110 dicendum
1888 1099 1896 1107 .
1926 1070 2033 1123 Quod

1161 1125 1419 1167 ad‘praedicatum
1431 1127 1628 1171 contingens
1651 1138 1719 1160 non
1743 1126 1912 1167 requiritur
1936 1123 2032 1159 realis

1161 1175 1324 1210 distinctio
1338 1175 1508 1219 fignificati
1520 1177 1694 1211 materialis
1706 1200 1716 1215 ‚
1744 1174 1795 1209 sed
1819 1175 1918 1208 solius
1931 1167 2030 1217 figula

1163 1225 1248 1259 ficati
1268 1225 1668 1261 formalis..1>raedicatum
1692 1226 1812 1269 quippe
1832 1228 2033 1267 contingens

1161 1287 1228 1309 non
1243 1275 1346 1310 solum
1359 1286 1426 1311 nou
1440 1275 1535 1311 debet
1547 1301 1558 1317 ‚
1584 1276 1637 1311 sed
1651 1287 1757 1319 neque
1785 1274 1887 1317 potest
1913 1272 2033 1307 habere

1161 1325 1373 1369 significatum
1387 1326 1551 1361 materiale
1561 1326 1751 1360 distineium
1766 1325 1892 1360 realiter
1902 1325 1919 1357 a
1933 1321 2034 1364 iubjo·

1160 1377 1210 1409 ἃο
1220 1400 1227 1407 .
1258 1375 1322 1409 Uti
1334 1376 1423 1410 enim
1437 1377 1518 1410 infra
1529 1376 1689 1410 disturum
1703 1388 1755 1409 me
1767 1374 1894 1418 premiss
1908 1398 1918 1414 ‚
1931 1382 2032 1407 omne

1159 1425 1299 1459 omnino
1332 1426 1540 1469 praedicatum
1574 1427 1669 1460 debet
1692 1425 1907 1470 significatum
1938 1424 2032 1459 suum

1163 1476 1328 1509 materiale
1349 1478 1468 1510 testum
1482 1476 1599 1510 habere
1626 1488 1700 1510 cum
1728 1477 1786 1509 suo
1809 1474 1948 1518 subjecto
1969 1484 2033 1507 tea-

1160 1527 1232 1560 liter
1244 1525 1479 1561 identificatum
1491 1552 1498 1559 .
1514 1527 1567 1560 Ad
1583 1528 1786 1568 praedicatum
1811 1535 1889 1569 ergo
1905 1524 2034 1557 contin-

1158 1586 1239 1619 gens
1253 1574 1424 1619 requiritur
1434 1599 1446 1615 ,
1472 1586 1509 1608 ac
1522 1575 1637 1608 sufficit
1651 1575 1743 1608 realis
1755 1573 1921 1606 distinctio
1936 1572 2035 1606 solius

1160 1625 1328 1670 fignificati
1355 1624 1519 1659 formalis.
1548 1624 1709 1668 Adeoque
1724 1634 1783 1666 pro
1810 1622 2005 1655 invenienda
2021 1645 2033 1661 ,

1160 1687 1195 1708 ac
1208 1674 1434 1719 cognoscenda
1449 1675 1607 1717 qualitate
1619 1674 1780 1717 praedicati
1798 1670 1963 1705 necessarii
1978 1681 2037 1711 ,ae

1158 1725 1398 1768 contingentis,
1413 1725 1577 1769 negligere
1592 1733 1720 1767 oportet
1734 1721 1949 1768 significatum
1961 1731 2034 1755 ma-

1159 1774 1269 1808 teriale
1282 1797 1292 1813 ‚
1318 1785 1357 1807 ac
1368 1775 1535 1808 attendere
1549 1774 1653 1808 solum
1668 1773 1822 1807 formale.

1209 1833 1262 1870 37.
1292 1824 1361 1856 Dico
1377 1821 1528 1865 secundo:
1552 1824 1676 1858 Eadem
1693 1821 1868 1868 propofitio
1881 1821 1943 1855 effe
1969 1831 2033 1863 po-

1159 1872 1217 1907 test
1231 1873 1450 1918 contingens,
1473 1874 1566 1907 fimul
1579 1875 1613 1908 &
1627 1874 1794 1906 necessaria
1806 1898 1813 1905 .
1839 1871 1942 1905 Tales
1959 1871 2034 1905 sunt

1161 1923 1207 1954 hae
1220 1946 1230 1960 ,
1257 1927 1347 1954 Homo
1355 1922 1394 1960 est
1417 1934 1469 1955 ens
1482 1946 1491 1960 ‚
1513 1923 1595 1955 homo
1618 1923 1657 1963 est
1677 1922 1843 1965 substantia
1856 1946 1866 1961 ,
1892 1920 1974 1954 bomo
1996 1919 2034 1959 eff

1158 1978 1261 2011 corpus
1272 1995 1282 2010 ‚
1296 1970 1428 2013 aliaeque
1442 1972 1573 2005 ssmiles.
1611 1972 1762 2006 Probatur
1776 1984 1784 2005 ε
1811 1972 1899 2017 Qia
1914 1973 2032 2015 propo*

1159 2022 1234 2054 sitio
1250 2022 1423 2054 necessaria
1436 2022 1478 2055 est
1495 2022 1549 2055 illa
1561 2045 1572 2060 ,
1599 2025 1632 2057 in
1644 2035 1706 2067 qua
1731 2023 1948 2067 fignificatum
1971 2022 2034 2055 for-

1160 2069 1242 2103 male
1274 2070 1436 2111 praedicati
1460 2072 1583 2105 realiter
1621 2073 1840 2107 identificatur
1870 2072 2033 2115 subje6103

1159 2117 1336 2160 propositio
1360 2119 1436 2151 vero
1446 2121 1644 2163 contingens
1654 2122 1764 2154 estilia
1779 2146 1789 2160 ‚
1813 2122 1845 2154 in
1865 2133 1925 2165 qua
1939 2122 2035 2164 figni-

1160 2167 1290 2199 ficatum
1303 2167 1440 2201 formale
1453 2168 1613 2209 praedicati
1641 2170 1767 2203 realiter
1790 2171 2000 2214 distinguitur
2013 2170 2032 2204 ὲ

1161 2216 1301 2258 subjesto
1315 2229 1326 2249 .·
1352 2217 1441 2259 atqui
1455 2218 1488 2249 in
1504 2217 1572 2250 istis
1586 2219 1860 2262 propolirionibus
1874 2221 2036 2264 fignifica-

1161 2275 1229 2297 tum
1243 2265 1379 2297 formale
1393 2266 1553 2306 praedicati
1566 2266 1691 2300 realiter
1700 2269 2033 2309 subjectoidennfica«

1158 2323 1229 2353 tur,
1256 2313 1443 2356 realiterque
1467 2313 1508 2347 ab
1535 2314 1594 2348 illo
1615 2313 1841 2359 distinguitur:
1868 2317 1947 2362 ergo
1968 2318 2032 2352 illae

1160 2361 1402 2405 praedicationes
1415 2363 1487 2396 sunt
1503 2364 1595 2398 fimul
1619 2366 1814 2405 neceflariae,
1841 2377 1878 2399 ac
1900 2368 2031 2400 contin-

1157 2422 1271 2455 gentes
1282 2436 1291 2452 ,
1317 2412 1463 2456 adeoque
1476 2413 1562 2447 idem
1576 2414 1783 2456 praedicatum
1797 2417 1933 2458 respestu
1947 2416 2029 2459 ejus-

1157 2464 1230 2496 dem
1253 2461 1382 2504 subjecti
1394 2463 1498 2505 potest
1511 2462 1604 2497 fimul
1616 2465 1679 2497 effe
1690 2465 1887 2509 contingens
1900 2489 1911 2506 ,
1925 2478 1962 2500 ac
1975 2477 2030 2500 ne-

1156 2512 1322 2546 cessarium
1344 2524 1353 2554 3
1380 2513 1557 2557 eademque
1579 2514 1764 2556 praedicatio
1785 2515 1876 2549 fimul
1898 2516 2027 2555 contin-

1156 2574 1235 2606 gens
1247 2586 1258 2602 ,
1284 2574 1320 2597 ac
1332 2563 1501 2596 necessaria
1517 2586 1528 2601 ,
1556 2563 1642 2604 quod
1665 2563 1699 2596 in
1712 2564 1778 2597 istis
1792 2565 2025 2607 praedicationi·

1157 2613 1215 2646 bus
1228 2636 1238 2652 ,
1249 2615 1278 2644 E
1281 2618 1374 2645 ntitas
1383 2637 1393 2653 ‚
1403 2611 1638 2655 substantialitas
1649 2637 1659 2653 ,
1683 2615 1716 2648 (π
1727 2622 1905 2656 corporeitas
1919 2640 1929 2655 ,
1956 2627 2025 2660 quae

1156 2663 1228 2696 sunt
1240 2663 1420 2707 significata
1433 2660 1584 2696 formalia
1600 2663 1785 2707 praedicati,
1804 2664 1933 2700 homini
1943 2691 1955 2707 ‚
1968 2665 2024 2709 qui

1155 2713 1197 2745 est
1212 2712 1386 2755 subjeetum
1399 2733 1410 2750 ‚
1434 2712 1562 2745 realiter
1574 2713 1817 2748 identificentur
1827 2739 1837 2754 ‚
1858 2714 1899 2755 fic
1907 2715 1998 2757 probo
2011 2719 2023 2749 ῤ-

1155 2762 1242 2809 Qia
1254 2762 1435 2795 animalitas
1448 2760 1574 2796 homini
1587 2764 1711 2797 realitet
1724 2763 1945 2799 identificatur
1956 2777 1964 2796 ε
1977 2776 2026 2798 er·-

1153 2815 1198 2856 go
1209 2812 1307 2845 etiam
1335 2812 1533 2854 corporeitas
1543 2836 1554 2852 ,
1580 2814 1834 2848 substantialitas
1844 2838 1855 2855 ‚
1880 2815 2024 2855 entitas,

1153 2862 1497 2905 aliaqueanimalitatis
1508 2864 1686 2898 essentialia
1698 2866 1864 2907 praedicata
1882 2888 1893 2904 ‚
1909 2863 2024 2898 identi-

1155 2912 1291 2946 ficantur
1302 2910 1566 2946 hominirealiter
1580 2940 1587 2945 .
1615 2917 1706 2948 Pater
1728 2914 1838 2958 conseq.
1860 2914 1949 2959 Quia
1970 2915 2022 2948 es·-

1159 2962 1305 2996 sentialia
1319 2961 1482 3006 praedicata
1496 2961 1657 3005 praedicati
1668 2964 1778 2999 insunt
1790 2964 1952 3009 praedicati
1972 2960 2023 2998 su·

1155 3011 1258 3054 bjet'io
1270 3036 1281 3052 ‚
1308 3024 1350 3047 eo
1361 3012 1464 3046 modo
1476 3023 1543 3055 quo
1554 3014 1757 3056 praedicatnm
1767 3017 1810 3049 est
1825 3018 1857 3049 in
1870 3014 1930 3048 illo
1941 3027 1952 3047 .·
1973 3024 2020 3048 at—

1154 3063 1410 3106 quianirnalitas
1424 3062 1504 3096 inest
1518 3062 1646 3099 homini
1669 3075 1722 3107 per
1743 3068 1861 3100 realem
1875 3064 2021 3098 identifi-

1154 3114 1316 3147 cationem
1331 3125 1342 3145 .·
1370 3122 1406 3147 ut
1417 3124 1528 3153 nemo,
1553 3115 1608 3157 qui
1623 3115 1715 3148 sanus
1729 3116 1786 3156 est,
1800 3117 1876 3149 aufit
1891 3125 2026 3161 negare..

1156 3163 1244 3206 Ergo
1257 3163 1355 3196 etiam
1366 3164 1561 3205 corporeitas
1572 3165 1845 3205 „substantialitas
1854 3188 1865 3204 ,
1892 3164 2020 3204 entitas,

1157 3213 1282 3256 aliaque
1294 3212 1405 3246 omnia
1414 3213 1630 3248 animalitatis
1642 3215 1825 3254 essentialia
1851 3214 2020 3257 praedicata.

1156 3263 1263 3296 insunt
1276 3260 1404 3294 homini
1417 3273 1470 3304 per
1481 3262 1598 3297 realem
1611 3263 1905 3299 identificationem
1914 3288 1923 3297 .
2015 3293 2017 3298 ,

1195 3309 1246 3359 38.
1260 3311 1362 3358 Qod
1375 3321 1481 3346 autern
1494 3312 1550 3347 ista
1562 3313 1706 3349 formalia
1717 3315 1894 3359 significata
1906 3314 1947 3348 ab
1959 3311 2018 3347 ho·

1157 3363 1247 3395 mine
1268 3372 1399 3404 quoque
1420 3361 1660 3408 distinguantur
1681 3366 1830 3406 realiter,
1850 3365 1892 3407 fic
1906 3363 2022 3406 probo:

1159 3411 1250 3459 Qia
1270 3421 1358 3453 caro,
1368 3422 1557 3456 os,uervus,
1578 3415 1636 3454 *seu
1646 3417 1770 3459 potius,
1782 3417 1887 3451 forma
1899 3424 2025 3451 carnea,

1866 3465 1950 3501 offra
1962 3484 1976 3502 ,
