2384 3770
369 115 429 165 28

330 197 454 235 sancius
475 196 678 241 Augustinus
699 198 740 237 sic
763 198 903 238 scribens
915 201 1061 239 adversus
1073 202 1201 238 Petilia,

156 269 206 312 Q
330 258 408 280 num
424 249 457 280 in
470 246 551 283 libro
564 246 605 280 de
617 249 717 283 unico
732 248 910 292 baptismo.
937 256 999 289 Nec
1012 252 1199 294 illudſsnedi-

208 281 239 318 9¹
275 281 300 311 ι
327 295 690 338 ἤὶιιέἰίφηερνιτιρνὶνηιυ,
719 308 750 332 ut
759 300 939 339 humiliorem
948 313 1040 347 agam
1050 309 1199 344 poenlten-

324 352 422 386 tiam,
449 350 501 387 qul
515 347 691 390 jamfideles
713 349 868 391 Ecclefiam
891 351 1062 387 catholicam
1082 351 1200 396 deserite

324 405 408 434 runt,
418 405 509 438 quam
520 403 570 439 qui
581 402 613 433 in
623 400 678 435 illa
688 402 817 435 nondum
820 401 949 445 fuerunt
962 426 969 433 .
983 402 1071 449 Qia
1084 413 1199 447 nempe

322 441 357 480 hi
378 470 387 484 ,
414 455 454 483 ue
472 447 548 490 saepe
567 447 645 482 alibi
658 449 761 490 dicit,
788 461 843 496 per
857 453 955 487 solam
971 463 1127 487 manuum
1142 454 1196 488 im-

320 495 514 539 positionem
536 498 770 542 recipiebantur
791 525 798 533 .
828 501 946 537 Earum
974 503 1196 546 receptionum

319 546 477 586 praecisam
496 546 712 586 differentiam
737 549 864 585 haurire
887 561 1017 595 oportet
1035 564 1075 586 ex
1089 554 1196 588 sancto

318 592 516 632 Innocentio
536 597 623 641 Papa
644 599 768 642 primo.
796 601 918 635 Tradit
940 602 1059 636 camin
1074 603 1197 647 Episto-

316 643 347 683 la
367 645 408 681 ad
423 647 563 683 sancium
588 647 779 687 Victricium
804 651 999 694 Episcopum
1017 653 1194 686 Rothorna·

123 692 199 747 ffip,
226 715 294 747 vc,
316 696 449 740 gensem
462 720 469 728 .
499 701 538 734 Ue
557 703 708 734 venientes
728 702 748 734 ἃ
775 704 957 736 Novatianis
979 703 1029 738 vel
1042 701 1191 744 Montensi-

138 747 171 794 8,
312 742 367 780 bus
384 755 442 787 per
457 757 566 783 munus
586 751 705 785 tantum
727 750 931 791 impositionem
953 750 1158 796 suscipiantur
1181 778 1191 794 ,

311 800 384 841 quia
400 802 542 844 quamvis
562 798 600 831 ab
621 798 770 836 hereticis
799 823 811 840 ,
835 810 937 836 tamen
958 808 990 835 in
1013 801 1122 840 Christ}
1146 814 1181 835 no

311 850 392 883 mine
407 843 480 888 fient
503 847 671 891 baptizati:
699 852 816 885 Praeter
838 862 885 886 eos
898 876 909 892 ,
928 851 1014 894 siqui
1023 850 1189 891 fortedno·

308 893 356 929 bis
378 897 422 930 ad
434 897 501 934 illos
526 897 712 942 transeuntes
736 901 918 942 rebaptizati
934 901 1027 943 sunt.
1055 904 1093 935 Hi
1108 901 1139 942 fi
1148 915 1187 935 re-

300 942 490 993 fipiscentes,
518 950 551 985 6*
568 954 687 983 ruinam
702 948 788 992 suam
810 956 971 996 cogitantes
983 975 993 990 ,
1020 952 1115 986 redere
1139 963 1188 987 vo-

304 995 437 1036 luerint,
459 996 518 1040 sub
540 999 625 1045 longa
643 1004 829 1040 poenitentlae
849 998 1058 1044 satisfacqione
1079 1002 1186 1036 admit·

303 1043 486 1091 tendisane.
517 1047 558 1082 Et
581 1049 614 1082 in
638 1048 783 1093 Epistola
805 1050 845 1085 ad
873 1050 1097 1087 Alexandrum
1113 1053 1183 1095 Epi-

134 1107 236 1151 Epist!
303 1094 435 1136 scopum
459 1096 711 1134 Antiochenum
726 1123 733 1131 .
762 1103 913 1140 Arianos,
937 1099 1114 1144 caeterasque
1134 1101 1184 1135 bu-

131 1156 186 1196 13·
252 1171 281 1210 ³·
300 1142 428 1229 lim*
438 1145 896 1241 fisixag3zj⁴;;'523':„i‘f²‘⁰'
907 1150 1117 1242 ffiwizsi'ffii
1128 1155 1171 1232 3⁹⁰

826 1212 863 1232 Ιώ
886 1213 905 1234 a
961 1213 1000 1233 an
1109 1213 1134 1233 Π
1148 1213 1181 1235 us

296 1242 532 1288 siznc‘llficatlone
548 1256 605 1290 per
633 1260 739 1283 manus
763 1249 969 1291 lmpofinonem
986 1249 1179 1294 suscipimus.

125 1283 185 1327 EP·
202 1295 255 1328 .22-·
299 1293 342 1328 Et
366 1296 399 1328 in
420 1295 567 1338 Epistola
589 1297 630 1331 ad
656 1299 836 1343 Episcopos
855 1298 1060 1335 Macedonia
1081 1324 1088 1332 .
1120 1305 1179 1333 No-

126 1343 194 1380 G‘P·
221 1343 252 1385 ἦν
291 1343 363 1387 strae
381 1345 430 1381 lex
452 1345 491 1385 est
513 1347 668 1389 Ecclefiae,
694 1349 883 1385 venientibus
896 1350 935 1382 ab
947 1350 1094 1384 baereticis
1106 1375 1116 1391 ,
1129 1356 1180 1394 qut·

295 1401 397 1427 tamen
416 1396 475 1432 illle
495 1397 645 1439 baptizae}
659 1397 722 1441 fine
735 1423 745 1439 ,
768 1408 823 1440 per
845 1411 953 1433 manus
975 1399 1178 1442 impofitionem

294 1444 405 1477 laicam
426 1447 546 1482 tantiam
569 1448 698 1481 tribuere
713 1454 938 1483 communionem
962 1474 972 1490 ,
999 1461 1051 1485 nec
1072 1461 1109 1482 ex
1130 1451 1176 1483 bis

295 1494 426 1535 aliquem
449 1500 481 1530 in
499 1496 653 1531 clericatus
675 1497 809 1532 bonorem
822 1501 874 1534 vel
890 1502 1034 1543 exiguum
1040 1499 1175 1547 subroga-

293 1553 345 1579 re·
375 1544 461 1582 Ecce
487 1568 499 1587 ‚
525 1546 690 1591 impositio
711 1558 844 1583 manum
867 1560 934 1591 uon
957 1560 1024 1585 erat
1044 1562 1115 1583 vera
1141 1562 1177 1585 ac

294 1591 391 1648 plena
416 1594 628 1637 poenitentia,
654 1597 706 1631 sed
731 1598 876 1642 quaedam
897 1599 1104 1636 solummodo
1114 1611 1177 1644 poe-

294 1644 440 1683 nitentiae
462 1645 590 1690 imago.
622 1647 688 1683 Res
709 1657 788 1683 nota
807 1649 852 1684 est
866 1650 959 1685 ornni
981 1651 1035 1692 ei,
1056 1650 1111 1695 qui
1125 1661 1175 1684 an-

295 1692 425 1736 tiquam
451 1694 606 1732 solemnis
628 1697 825 1740 poenitentiae
847 1699 986 1736 formam
1008 1723 1018 1738 ,
1054 1701 1177 1735 omnes·

295 1754 359 1786 que
380 1743 446 1786 ejus
468 1755 608 1787 quatuor
620 1747 738 1790 gradus
760 1749 872 1784 novit.
901 1749 1088 1785 Eainterim
1103 1761 1178 1785 um-

296 1790 351 1824 bra
378 1804 415 1831 ἐς
462 1794 576 1840 imago
607 1797 753 1838 impendi
778 1810 846 1833 non
877 1809 1003 1843 poterat
1024 1800 1149 1835 clericis
1168 1824 1178 1842 ,

296 1853 400 1885 neque
422 1844 496 1886 quis
518 1856 589 1881 eam
614 1848 717 1889 passus
741 1859 864 1892 poterat
889 1850 938 1883 vel
958 1849 998 1885 ad
1021 1850 1177 1894 exiguum

295 1892 371 1929 cleri
399 1890 535 1936 gradum
561 1894 748 1943 subrogari.
778 1897 883 1935 Unde
899 1898 1001 1941 prima
1013 1898 1177 1936 Toletana

292 1943 450 1985 ‚Synodus
464 1966 475 1982 ‚
502 1941 580 1980 dum
602 1944 646 1978 ob
673 1945 821 1979 Ecclefiae
834 1948 1030 1983 neceffitates
1041 1951 1178 1991 permisit

295 1997 335 2027 ἐκ
359 1993 587 2035 paenitentibus
609 1994 753 2032 ordinari
780 1994 928 2032 Lestores
954 2022 964 2037 ,
991 1999 1112 2035 recellit
1138 2000 1178 2033 ab

296 2043 386 2081 avito
408 2043 556 2080 Ecclefiae
577 2043 700 2087 rigore.
731 2045 808 2079 Hac
836 2046 877 2078 de
888 2048 994 2079 cauffa
1008 2048 1179 2084 facinorosi

297 2091 479 2130 Donatista
497 2093 653 2129 omnibus
677 2091 794 2128 nostris
822 2092 1012 2135 Episcopis,
1042 2095 1181 2136 Presby-

296 2143 394 2188 teris,
421 2154 459 2178 ac
472 2142 656 2179 Diaconis,
681 2152 763 2183 quos
786 2141 819 2173 in
845 2141 959 2176 laicam
976 2145 1178 2177 communio-

297 2203 374 2225 nem
398 2191 581 2233 abjecerant
593 2214 604 2231 ,
629 2190 729 2226 etiam
747 2201 865 2225 manus
883 2191 1066 2233 imposuere
1079 2203 1182 2231 ‚eam-

295 2252 362 2284 que
381 2239 619 2282 abjedionem,
646 2239 723 2275 licet
737 2250 851 2276 natura
863 2241 917 2277 sua
932 2241 1181 2284 irreparabilem,

297 2303 340 2325 eo
367 2290 475 2335 sigilio
502 2290 633 2326 voluere
659 2290 840 2326 obseratam
871 2315 879 2323 .
915 2290 1015 2326 Laica
1042 2303 1184 2337 namque

298 2340 493 2377 communio
506 2364 517 2381 ,
544 2341 619 2377 licet
637 2340 716 2379 dum
739 2340 821 2383 justa
840 2339 885 2373 est
903 2363 914 2379 ‚
941 2341 979 2378 fit
1001 2341 1128 2384 penitus
1148 2343 1181 2377 ir-

299 2390 495 2429 revocabilis
507 2414 518 2429 ,
543 2390 662 2434 injusta
682 2401 792 2427 tamen
806 2390 947 2427 omnino
958 2393 1060 2435 potest
1074 2392 1183 2426 caffari

299 2451 355 2478 aut
377 2443 460 2477 cassa
481 2438 657 2483 declarati3
685 2450 720 2474 at
742 2440 820 2474 vero
841 2451 999 2477 manuum
1019 2442 1184 2484 impositio

297 2491 364 2529 five
385 2490 465 2535 juste
484 2490 548 2525 sive
570 2489 688 2533 injuste
708 2489 788 2527 facta
807 2490 949 2526 faciebat
963 2491 1183 2535 irregularem,

299 2539 529 2582 adimebatque
555 2550 687 2576 omnem
708 2540 850 2579 omnino
873 2541 961 2585 spem
983 2540 1023 2574 ad
1050 2541 1182 2578 Clerum

122 1895 204 1940 Cap.-
219 1908 249 1939 2„

299 2590 442 2627 adeundi
463 2599 519 2622 aut
541 2588 715 2626 redeundi.
743 2591 823 2627 Hoc
845 2590 983 2625 scientes
994 2591 1185 2628 Nebulones

300 2639 371 2679 isti,
398 2651 433 2673 ut
447 2638 524 2673 istos
537 2639 703 2681 Clericos,
731 2651 869 2684 quorum
882 2639 1118 2684 depositionem
1133 2643 1183 2679 seu

299 2689 418 2728 laicam
439 2690 707 2728 communionem
728 2700 847 2727 norant
867 2691 929 2728 effe
950 2691 1184 2734 injustissimam

242 2759 246 2762 >
300 2750 339 2773 ac
366 2737 493 2776 notorie
515 2739 640 2777 nullam
661 2765 672 2780 ,
709 2739 868 2786 perpetuo
888 2740 906 2776 ,ὲ
928 2742 1015 2775 clero
1033 2742 1100 2777 line
1119 2742 1183 2775 ulla

300 2788 424 2825 reditus
445 2790 497 2836 spe
523 2789 678 2828 elicerent
699 2815 710 2831 ‚
736 2801 850 2827 eorum
877 2790 1037 2834 capitibus
1070 2803 1185 2829 manus

301 2839 482 2883 imposuere
493 2864 501 2872 .
529 2840 640 2886 Hujus
661 2840 814 2883 nequitiae
825 2841 924 2874 finem
936 2851 974 2876 ae
986 2841 1118 2887 scopum
1132 2854 1184 2879 au·

301 2889 336 2922 di
357 2895 374 2921 a
399 2890 508 2928 sansto
519 2891 647 2934 Optato
660 2914 667 2922 .
694 2893 732 2928 Ut
754 2891 826 2926 dum
841 2890 993 2935 Presbyter
1002 2900 1054 2926 aut
1067 2890 1185 2935 Episco-

299 2946 358 2983 pus
384 2939 543 2980 deficitur,
560 2939 601 2982 fic
630 2940 718 2978 Plebs
743 2948 917 2982 caperetur.
945 2941 1023 2974 Hoc
1045 2941 1089 2974 est
1113 2967 1123 2982 ,
1150 2953 1184 2975 ut

303 2988 442 3025 Rectore
460 2989 606 3033 deposito
629 3002 666 3026 ac
688 2990 721 3024 in
746 2989 805 3025 ista
827 2990 1184 3033 depositione-immobi-

302 3037 377 3073 liter
398 3038 550 3082 firmato,
576 3040 676 3077 securi
699 3050 803 3078 totam
826 3040 957 3079 Plebern
972 3041 1185 3081 invaderent,

303 3088 398 3131 eique
423 3087 464 3126 de
491 3089 555 3122 suis
583 3089 762 3133 Episcopos
787 3101 824 3123 ac
857 3091 1010 3126 Restores
1038 3092 1149 3127 darent
1178 3116 1184 3123 .

305 3137 422 3180 Neque
437 3137 483 3178 eis
503 3139 679 3177 sufficiebat
690 3140 735 3174 ita
754 3140 924 3178 trucidasse
936 3141 1089 3179 Rectores
1101 3165 1109 3177 ,.
1135 3143 1186 3175 In·

131 2891 201 2932 Lib,
228 2904 260 2935 2..-

305 3187 395 3230 super
416 3200 549 3227 omnem
570 3189 726 3233 populum
741 3214 751 3229 ,
777 3190 876 3228 etiam
901 3191 1093 3229 innocentes
1105 3203 1186 3234 pue-

305 3246 358 3271 ros
371 3259 380 3274 ,
405 3236 593 3282 redegerunt
605 3239 639 3275 in
661 3238 823 3282 publicam
838 3252 874 3274 ac
888 3241 1017 3284 plenam
1031 3242 1185 3284 poeniten·

305 3285 384 3319 tiam
399 3308 409 3323 ,
437 3286 531 3334 idque
553 3287 650 3332 ideo,
677 3299 714 3326 ne
741 3290 835 3331 aliqui
861 3293 995 3327 ordinari
1006 3292 1180 3333 potuifflmr.

305 3333 475 3371 Volebant
495 3339 581 3375 enim
601 3349 734 3378 omnem
748 3339 972 3375 orthodoxum
984 3339 1153 3377 hominem
1167 3340 1184 3378 ὲ

306 3383 408 3417 Clero
431 3383 576 3426 rejectum
590 3412 600 3427 ‚
626 3399 721 3431 atque
741 3388 787 3421 ita
810 3388 871 3422 soli
898 3389 930 3421 in
955 3389 1040 3424 Afris
1051 3391 1182 3435 populis

302 3432 487 3473 dominari.
516 3434 632 3485 Neque
645 3438 788 3483 nequitia
799 3439 902 3474 caruit
917 3449 1056 3479 eventu:
1086 3441 1137 3480 Ex
1149 3452 1185 3481 ea

846 118 927 167 Di.
964 118 1234 167 Osslolmfi
1273 118 1670 166 Eunu-snitum

1221 1055 1234 1569 l

1260 202 1349 238 enirn
1370 212 1425 248 per
1436 211 1569 236 omnem
1584 199 1727 235 Africam
1741 199 1874 236 surrexit
1894 201 1958 246 jam
1972 201 2083 245 saepius
2094 204 2142 239 di.

1262 253 1309 288 &a
1323 251 1432 293 inopia
1446 251 1647 285 clericorum
1659 274 1667 284 .
1684 250 1765 285 Earn
1779 251 1941 287 sublevare
1953 254 2056 286 voluit
2073 257 2142 289 san·

1261 304 1328 335 ssus
1342 302 1492 336 Aurelius
1503 325 1513 341 ,
1541 312 1618 334 mox
1630 311 1666 334 ut
1675 299 1840 335 adscendit
1852 301 2051 338 cathedram
2065 304 2145 340 Car-

1262 351 1503 397 thaginensem.
1532 350 1622 385 Hinc
1634 362 1712 386 mox
1722 351 1740 384 ὲ
1752 350 1840 393 Papa
1853 351 1969 386 siricio
1980 365 2017 387 ac
2030 354 2140 391 sanilo

1260 402 1474 444 Simpliciano
1498 401 1646 436 Ecclefiae
1666 400 1922 435 Mediolanenfis
1942 401 2104 446 Episcopo
2131 417 2140 440 ;

1262 451 1414 486 Habebat
1435 461 1576 492 namque
1588 450 1817 494 simplicianus
1837 450 1855 485 ὲ
1868 450 1984 484 Siricio
1994 463 2031 486 ac
2047 456 2141 497 Apo-

1260 500 1370 536 stolica
1382 501 1450 544 ejus
1463 500 1544 536 sede
1556 500 1722 537 Vicariam
1735 500 1954 535 Praefesturam
1968 501 2058 543 supra
2067 514 2139 538 orn·

1260 562 1315 585 nes
1330 551 1688 594 EcclefiasHispanicas
1702 563 1739 585 ac
1751 550 1922 585 Africanas
1933 575 1941 584 .
1969 550 2024 585 Ab
2036 551 2136 595 hisee,

1258 602 1390 644 inquam
1401 623 1412 640 ,
1438 599 1564 635 duobus
1583 600 1750 643 Episcopis
1764 600 1917 634 Aurelius
1930 601 2044 643 petivit
2056 602 2134 637 duo.

1258 649 1391 691 Primo,
1418 659 1454 685 ut
1480 651 1514 683 in
1537 650 1670 685 Clerum
1693 650 1825 685 adscisci
1849 652 1974 694 possent
1995 651 2082 694 pueri
2093 663 2134 686 ex

1257 699 1439 735 Donatistis
1458 700 1525 734 nari
1548 710 1648 745 atque
1669 699 1710 734 ab
1723 700 1792 743 ipfis
1804 700 1975 743 baptizati,
2001 702 2135 746 quijam

1254 750 1356 786 adulti
1378 749 1521 784 converfi
1533 752 1633 786 eflent
1645 750 1685 784 ad
1699 760 1833 784 matrem
1846 749 2067 793 Catholicam,
2080 763 2135 787 ne-

1254 812 1316 845 que
1340 811 1483 844 unquam
1506 800 1547 835 ab
1568 811 1606 834 ea
1617 800 1751 843 delapfi.
1778 799 1949 841 Secundo,
1975 811 2010 836 ut
2023 802 2138 837 Dona-

1253 852 1332 885 tissae
1346 850 1496 894 Episcopi
1509 859 1604 894 atque
1616 850 1671 884 alii
1684 850 1829 890 Clerici,
1855 851 1911 894 qui
1934 848 1974 884 ad
1998 862 2136 887 matrem

1254 900 1461 936 catholicam
1479 900 1583 935 redire
1602 900 1746 940 vellent,
1770 901 2002 944 susciperentur
2022 902 2055 935 in
2071 902 2137 936 suis

1251 949 1434 986 honoribus
1454 975 1461 982 .
1502 949 1710 995 Videturque
1731 951 1859 994 utrique
1884 952 2034 993 petitioni
2054 962 2135 987 tnnc

1252 1002 1344 1036 fuisse
1362 1001 1548 1044 responsum
1560 1001 1712 1045 negative
1724 1024 1732 1032 .
1759 999 1852 1035 Patet
1865 999 1897 1035 id
1914 1012 1956 1035 ex
1972 1000 2035 1035 alia
2048 1002 2134 1045 lega-

1250 1052 1340 1085 tione
1352 1074 1362 1091 ,
1388 1062 1484 1094 quam
1497 1050 1537 1086 ad
1551 1049 1756 1085 Anastafium
1769 1062 1806 1084 ac
1827 1050 2012 1086 Venereum
2025 1050 2134 1086 Siricii

1248 1111 1284 1133 ac
1314 1100 1518 1144 simpliciani
1553 1100 1722 1144 proximos
1748 1101 1938 1136 suceeffores
1959 1100 2134 1136 destinauit

1249 1149 1426 1190 Aurelius,
1454 1150 1552 1194 idque
1568 1161 1646 1185 cum
1672 1150 1786 1184 iisdem
1809 1151 2026 1193 petitionibus
2042 1176 2053 1191 ,
2079 1151 2133 1186 ad-

1246 1200 1379 1239 ditaque
1404 1200 1518 1238 tertia,
1543 1209 1608 1241 qua
1631 1198 1791 1242 quosdam
1815 1198 1964 1233 exltnlia
1982 1198 2131 1233 Clericos

1246 1249 1374 1293 petebat
1395 1247 1513 1282 Africa:
1537 1246 1789 1282 subministrari.
1817 1248 1917 1283 Hanc
1938 1259 2078 1292 namque
2092 1251 2134 1282 se·
2184 1251 2191 1261 ⁸

1243 1298 1385 1332 cundam
1410 1298 1609 1342 legationem
1633 1297 1796 1332 adornans
1824 1308 1923 1341 atque
1946 1296 1986 1331 de
2013 1299 2134 1332 Africae

1243 1347 1355 1391 inopia
1369 1347 1506 1389 loquens
1521 1347 1674 1381 Aurelius
1683 1347 1724 1381 fic
1738 1347 1819 1381 dicit
1841 1347 1882 1382 de
1902 1348 2040 1381 Ecclesia
2065 1349 2133 1381 Ro-

1244 1409 1341 1432 mana
1363 1409 1400 1431 ac
1415 1397 1654 1432 Mediolanensi
1672 1420 1680 1430 .
1707 1400 1763 1431 Ex
1777 1396 1826 1438 bis
1838 1396 2049 1440 enimsedibus
2075 1397 2129 1430 boe

1234 1446 1340 1491 fuerat
1356 1444 1560 1490 prohibitum?-
1587 1446 1718 1492 Nempe
1732 1446 1880 1483 Ecclefiae
1893 1446 2007 1481 nostrae
2019 1448 2128 1481 ruinas

1245 1497 1415 1532 restaurare
1436 1507 1489 1542 per
1502 1497 1569 1533 duo
1582 1496 1688 1533 media
1701 1497 1764 1540 jam
1777 1498 1860 1532 dista
1875 1521 1881 1529 .
1905 1496 2056 1531 Proinde
2066 1507 2131 1530 cer—

1243 1557 1313 1583 tum
1341 1547 1490 1588 videtur,
1516 1547 1606 1592 quod
1629 1546 1764 1581 Siricius
1787 1558 1824 1581 ac
1836 1546 2068 1590 simplicianus
2086 1547 2129 1581 ad

1244 1597 1372 1632 Aurelii
1397 1596 1557 1642 postulata
1578 1598 1802 1640 responderint
1822 1597 1975 1642 negative
1993 1618 2002 1628 .
2031 1597 2131 1629 Affir-

1242 1646 1362 1683 mative
1376 1658 1484 1683 autem
1508 1646 1741 1690 responderunt
1755 1645 1938 1682 Anastasius
1959 1659 1998 1680 ac
2021 1646 2131 1680 Vene-

1242 1708 1332 1740 reus,
1362 1697 1410 1732 uti
1422 1709 1475 1740 per
1488 1697 1572 1733 fidos
1582 1697 1677 1732 testes
1694 1697 1827 1741 probare
1841 1697 2005 1742 possumus
2015 1720 2025 1737 ,
2037 1697 2132 1740 quos·

1243 1745 1384 1791 clamque
1406 1747 1507 1782 etiam
1528 1747 1628 1783 Italos
1649 1747 1844 1783 Clericosin
1863 1746 2013 1781 Africam
2028 1746 2133 1781 trans-

1242 1798 1373 1834 misere.
1395 1798 1553 1834 Attamen
1572 1809 1647 1833 cum
1673 1808 1733 1833 nec
1745 1795 1828 1832 istud
1841 1796 2017 1831 confilium
2027 1796 2133 1830 succe-

1242 1847 1328 1882 deret
1339 1858 1381 1882 ex
1393 1858 1474 1882 voto
1486 1871 1497 1888 ‚
1523 1847 1687 1883 convertit
1700 1847 1856 1882 Aurelius
1868 1857 2042 1891 utrumque
2052 1856 2134 1880 ocu-

1242 1899 1309 1933 lum
1328 1898 1369 1932 ad
1392 1896 1798 1943 Augustinilvlonachos,
1824 1906 1924 1941 atque
1934 1895 1975 1930 ab
1990 1896 2055 1930 illis
2072 1896 2132 1930 diu.

1242 1947 1409 1995 quaefitum
1431 1948 1584 1983 solatium
1596 1947 1641 1983 est
1655 1945 1837 1991 plenissime
1847 1948 2043 1982 consecutus
2060 1969 2068 1978 .

1294 1997 1340 2033 At
1363 1998 1509 2040 inquies,
1538 1997 1709 2039 postquam
1719 1996 1907 2032 Donatistae
1927 1996 1985 2028 ista
2000 1996 2054 2027 sua
2079 2004 2133 2027 ne·

1242 2047 1347 2093 quiria
1365 2057 1468 2083 totam
1490 2046 1592 2084 ferme
1617 2045 1765 2081 Africam
1790 2043 1997 2079 reddiderant
2009 2042 2132 2086 irregu-

1244 2098 1342 2126 larem
1353 2117 1364 2131 ,
1391 2094 1480 2125 unde
1497 2095 1553 2134 ipsi
1566 2104 1702 2135 potuere
1720 2105 1778 2135 pro
1797 2094 1862 2127 suis
1874 2092 2005 2135 populis
2020 2092 2135 2126 nanci-

1246 2142 1286 2175 sci
1310 2141 1508 2184 Episcopos,
1534 2140 1744 2183 Presbyteros
1759 2140 1952 2180 ‚Diaconos
1964 2139 2133 2184 ,aliosque

1245 2190 1418 2227 Clericus?
1446 2190 1646 2233 Respondet>
1658 2189 1699 2224 de
1712 2190 1774 2224 isto
1788 2189 1968 2224 Diabolico
1990 2188 2132 2225 Donati-

1245 2241 1364 2276 starum
1384 2241 1531 2276 facinore
1558 2251 1626 2276 non
1661 2240 1724 2276 esse
1751 2238 1972 2275 dubitandum
1993 2263 2001 2272 .
2037 2239 2132 2274 Hinc
2155 2231 2216 2278 EP-

1246 2301 1387 2334 namque
1420 2290 1545 2327 sanstus
1563 2290 1663 2326 etiam
1687 2288 1894 2333 Augustinus
1917 2289 1958 2323 ad
1986 2289 2132 2324 sanetum

1248 2339 1420 2376 Aurelium
1443 2339 1551 2375 scribit
1571 2340 1677 2373 varios
1695 2339 1728 2372 in
1742 2339 1806 2375 suis
1821 2337 1997 2373 monachis
2018 2340 2081 2372 effe
2094 2339 2136 2371 ir-

1247 2390 1426 2433 regulares.
1455 2389 1559 2427 Porro
1582 2387 1767 2425 Donatistae
1790 2389 1943 2422 invenere
1965 2391 2067 2433 atque
2076 2387 2135 2430 fibi

1249 2439 1438 2474 ordinavere
1471 2440 1613 2476 clericos
1636 2462 1647 2479 ,
1684 2438 1856 2481 quomodo
1881 2448 1998 2472 omnes
2021 2437 2134 2480 paffim

1246 2489 1396 2527 Haeretici
1409 2514 1419 2529 ‚
1430 2488 1471 2525 de
1483 2487 1599 2536 quibus
1610 2487 1653 2521 ita
1665 2487 1894 2523 Tertullianus
1905 2488 1939 2521 in
1954 2486 2041 2521 libro
2055 2487 2135 2520 Pras-

1248 2539 1460 2585 scriptionum
1484 2563 1491 2574 .
1521 2539 1731 2575 Ordinationes
1751 2549 1848 2573 corum
1867 2541 2035 2571 temerariae
2053 2561 2064 2577 ,
2090 2537 2132 2569 le·
2153 2532 2225 2570 Fol.
2257 2544 2314 2583 39.

1246 2601 1298 2624 ves
1313 2613 1324 2629 ,
1347 2588 1541 2630 inconstantes
1556 2613 1564 2620 .
1590 2592 1684 2622 Nunc
1693 2587 1860 2629 Neophytos
1874 2588 2022 2621 conlocant
2034 2609 2044 2626 ,
2054 2597 2131 2619 nunc

1261 2640 1348 2675 aeculo
1358 2638 1527 2680 obflridos,
1556 2649 1634 2674 nunc
1648 2638 1802 2680 apostatas
1823 2636 1931 2675 nostros
1945 2661 1956 2679 ‚
1980 2646 2015 2671 ut
2034 2638 2134 2679 gloria

1246 2702 1295 2725 eos
1312 2688 1436 2737 ongent
1448 2714 1457 2727 ,
1484 2694 1555 2731 quia
1577 2694 1707 2726 veritate
1727 2699 1784 2722 non
1806 2687 1923 2729 possunt
1936 2712 1943 2721 .
1973 2685 2134 2730 Nusquam

1240 2739 1363 2781 facilius
1386 2738 1558 2780 proficitur,
1585 2750 1677 2781 quam
1694 2742 1728 2772 in
1753 2736 1855 2777 castris
1885 2737 2055 2776 rebellium,
2083 2736 2135 2770 ube

1245 2787 1340 2831 ipsum
1360 2790 1411 2831 effe
1436 2789 1513 2829 illic,
1536 2792 1700 2834 promereri
1719 2786 1757 2827 est
1779 2811 1786 2818 .
1815 2790 1916 2832 Itaque
1941 2788 2021 2821 altus
2047 2786 2135 2819 hodie

1247 2837 1428 2881 Episcopus,
1458 2850 1528 2873 cras
1552 2838 1656 2876 ahus:
1682 2838 1778 2873 Hodie
1800 2838 1971 2877 Diaconos,
1996 2843 2051 2882 qui
2064 2847 2134 2869 crae

1248 2889 1372 2925 Lec‘lor:
1399 2891 1488 2925 Hodie
1509 2888 1683 2927 Presbyter,
1707 2892 1759 2928 qul
1786 2897 1853 2920 cras
1881 2890 1990 2925 Lalcus
2012 2910 2020 2919 .
2048 2890 2138 2919 Nam

1246 2941 1280 2973 ὡ·
1303 2943 1404 2976 Laicis
1431 2939 1628 2973 sacerdotalia
1650 2948 1775 2972 munera
1788 2939 1962 2980 injungunt.
1992 2937 2138 2970 Donati-

1247 2989 1365 3022 starum
1397 2990 1517 3032 quippe
1549 2986 1789 3022 Ordinationes
1820 2986 1912 3020 fuiss‘e
1937 2985 2098 3031 ejusmodi
2122 3009 2135 3027 ‚

1248 3039 1364 3089 pluries
1386 3039 1519 3077 testatur
1530 3037 1654 3076 sandius
1677 3036 1908 3087 Augustinus.

1983 3484 2093 3520 CA-
