2384 3770
765 134 847 179 Dr.
886 132 1074 178 Huius
1111 129 1280 175 Siem
1316 126 1620 181 Divis10N.

281 225 374 261 debet
400 224 546 268 signum,
572 235 610 258 ac
635 222 879 263 reddere-hunc
906 221 1056 260 sensum,
1078 223 1146 252 Om-

278 281 331 309 -nis
356 274 438 308 bomo
462 285 519 307 non
545 275 582 315 est
592 285 697 317 equus:
724 271 898 307 tuncenim
911 269 1089 312 propositio
1102 269 1147 303 est

281 324 493 365 universalis,
520 325 555 359 ἀ
581 323 782 367 copulativa.
812 323 904 354 Patet
916 325 1029 352 minor:
1056 319 1147 367 Qia

279 374 412 419 negatio
439 374 567 418 praefixa
593 376 684 419 signo
711 380 814 404 mutat
841 371 874 403 &
900 370 1091 411 qualitatem
1114 370 1146 404 ὅ(

279 425 498 468 quantitatem
524 423 610 468 ejus;
641 432 674 456 at
701 420 776 454 veto
801 421 892 463 signo
919 419 1091 463 postposita
1105 431 1146 464 rc-

279 474 400 519 linquit
426 474 659 518 quantitatem,
683 470 718 503 &
746 469 833 504 tollit
870 469 973 503 solam
1011 470 1147 513 qualita-

280 534 367 563 tem,
393 533 428 559 ue
448 525 543 559 dicam
554 521 641 556 dubio
655 519 719 564 sitq.
739 520 901 564 Adeoque
922 531 998 553 cum
1016 520 1146 560 dicitur,

281 578 354 607 Non
368 580 465 608 omnis
486 572 568 606 bomo
587 571 625 612 ιβ
646 582 760 614 equus,
785 569 962 615 propositio
978 570 1023 604 est
1051 571 1144 615 parti·

280 624 419 664 culatis,
445 623 479 656 &
505 622 679 667 negativa;
707 632 782 655 cum
810 619 887 655 veto
912 620 1031 654 dicitur
1047 645 1059 661 ‚
1079 624 1146 653 Om-

279 679 328 707 ms
352 671 435 706 bomo
457 683 516 706 non
538 672 577 713 est
600 683 714 715 equus,
739 672 784 705 est
812 669 944 715 quidem
972 669 1147 716 negativa,

278 733 347 757 non
375 732 483 757 tamen
509 722 708 766 particularis
728 745 739 762 ‚
766 721 820 755 sed
848 721 1038 756 universalis
1058 745 1066 753 .
1091 721 1145 756 De

278 784 349 817 quo
376 773 483 806 statim
512 773 600 816 plura
627 771 712 805 dubio
723 769 885 814 sequenti.

328 830 385 858 22.
410 821 498 865 Resp.
516 821 643 866 secunda
667 833 674 853 z
698 820 846 868 Qando
871 820 998 864 signum
1025 818 1144 864 negati·

278 881 357 905 vum
384 873 558 918 praefigitur
584 870 816 915 propositionis
842 871 1033 913 praedicato,
1061 881 1092 902 v.
1111 881 1143 914 g.

276 932 352 956 cum
380 920 520 963 dicitur,
549 925 630 954 Unus
650 925 702 954 vir
722 919 760 960 ιβ
783 920 880 953 nullut
899 925 950 953 vir
971 944 982 960 ‚
1001 919 1084 953 bomo
1105 918 1144 958 est

277 971 376 1005 nullias
396 983 486 1014 equus
509 996 521 1012 ,
552 973 610 1005 δι’.
630 981 711 1005 tunc
734 971 868 1014 negatio
894 970 928 1004 in
956 971 1047 1004 sensu
1074 981 1143 1013 prae-

275 1019 363 1056 cedit
390 1022 517 1066 signum
541 1046 552 1062 ,
588 1032 658 1056 non
685 1031 795 1054 autern
823 1021 990 1064 sequitur:
1020 1019 1144 1064 istaque

274 1073 453 1116 propositio
480 1083 548 1107 non
577 1072 654 1106 facit
680 1070 769 1104 hunc
796 1071 920 1105 sensum
939 1095 946 1102 .
984 1075 1076 1103 Homo
1105 1069 1144 1110 ιβ

273 1124 383 1166 aliquis
407 1135 465 1156 non
485 1133 598 1165 equus,
623 1120 677 1155 sed
700 1120 812 1160 hunc,
837 1128 929 1156 Homo
947 1120 986 1161 est
1008 1132 1067 1154 non
1090 1121 1142 1153 ali·

274 1179 343 1213 quis
366 1183 480 1215 equus,
511 1173 560 1206 vel
590 1176 683 1205 Homo
701 1182 759 1207 non
781 1169 818 1211 ιβ
844 1175 953 1214 aliquis
978 1182 1084 1212 equus.
1098 1173 1144 1203 Et

272 1229 351 1256 ratio
376 1223 415 1263 est
435 1224 533 1257 clara.
561 1223 650 1268 Qia
675 1222 807 1266 negatio
833 1221 965 1256 inclusa·
984 1220 1019 1255 in
1047 1220 1141 1264 signi-

271 1271 431 1305 ficatione
457 1272 539 1315 signi
554 1271 700 1315 negativi
726 1281 896 1314 nunquam
917 1269 1144 1305 estinfinitans

271 1321 325 1354 sed
352 1321 473 1365 semper
499 1331 642 1365 negans:
670 1331 778 1364 neque
789 1321 866 1355 facit
880 1321 1142 1366 praedicationem

271 1370 438 1406 infinitam
463 1371 505 1406 de
530 1370 909 1415 praedicatoinsinitato;
937 1371 991 1406 sed
1019 1370 1143 1414 negati-

271 1432 344 1455 vam
371 1421 413 1455 de
439 1421 614 1465 praedicato·
633 1431 754 1465 negato
779 1445 787 1453 .
825 1421 930 1465 Atqui
957 1420 980 1454 fi
1007 1420 1142 1464 negatio

268 1469 393 1505 inclusa
420 1471 453 1505 in
481 1472 574 1515 signo
591 1495 603 1511 ‚
629 1471 718 1514 quod
746 1471 922 1514 prefigitur
949 1470 1143 1513 praedicato,

266 1521 396 1565 signum
419 1522 624 1562 sequeretur,
650 1531 731 1553 tunc
758 1519 816 1553 illa
834 1519 966 1565 negatio
992 1521 1077 1554 foret
1094 1519 1141 1554 in·

265 1571 421 1612 finitans;
447 1570 627 1614 faceretque
654 1569 920 1613 praedicationern
946 1594 956 1610 ,
986 1581 1053 1603 non
1082 1582 1141 1605 ne-

265 1621 433 1666 gativam,
460 1619 513 1655 sed
538 1621 703 1654 infinitam
729 1618 769 1654 de
782 1619 1142 1664 praedicatoinfinitat03

265 1679 300 1706 at
325 1670 420 1709 veto,
447 1671 527 1706 dum
556 1670 706 1714 praecedit
720 1672 855 1715 negatio
881 1670 1034 1714 signum,
1061 1681 1140 1705 tunc

263 1720 311 1755 est
338 1732 479 1765 negans,
505 1721 647 1764 facitque
664 1719 927 1763 praedicationem
953 1720 1139 1764 negativam

262 1770 305 1805 de
329 1771 503 1815 przdicaco
530 1780 652 1815 negato
676 1782 689 1806 .-
715 1772 763 1805 uti
790 1781 875 1815 patet
901 1770 1139 1805 consideranti.

263 1820 356 1866 Ergo
392 1820 527 1867 negatio
569 1819 692 1854 inclusa
719 1820 756 1854 in
783 1820 1028 1866 significatione
1049 1821 1139 1865 ,signi

262 1869 435 1914 praedicato
462 1870 578 1914 praefixi
606 1869 702 1904 debet
728 1871 906 1915 praecedere
923 1882 938 1912 ;
966 1882 1037 1905 non
1061 1870 1140 1906 vero

264 1920 515 1965 sequisignum.

524 1968 785 2005 DUBIUM
821 1967 892 2003 lv.
952 2003 956 2007 .

264 2045 348 2089 ,Qua
366 2044 406 2088 fit
431 2046 558 2088 efficacia
583 2045 687 2079 borum
708 2043 857 2090 fijgnorum
878 2068 890 2085 ,
924 2044 960 2078 <it
997 2043 1137 2086 quomoda

512 2096 566 2127 illa
595 2096 733 2136 impediri
755 2092 869 2135 βίαι.

261 2178 321 2219 23.
363 2166 592 2251 EFsicacia
618 2179 656 2202 ac
684 2166 784 2201 virtus
812 2164 932 2200 horum
960 2163 1134 2208 signorum

468 2220 608 2252 versatur
634 2216 779 2250 maxime
815 2217 902 2249 circa
943 2215 1135 2257 propositio-

262 2275 343 2304 num
368 2268 557 2309 qualitatem
577 2291 588 2306 ,
616 2278 653 2300 ac
681 2264 924 2307 quantitatem.
961 2265 1050 2296 Ratio
1074 2265 1126 2303 est:

261 2317 352 2364 Qia
378 2317 521 2351 efficacia
545 2316 777 2357 cujuscumque
802 2313 847 2346 rei
875 2313 1021 2345 versatur
1048 2314 1134 2347 circa

261 2367 358 2408 illud,
387 2367 475 2408 quod
502 2366 646 2401 cauffat:
672 2363 763 2407 atqui
791 2361 859 2398 haec
886 2363 974 2405 signa
988 2362 1132 2396 caussant

261 2417 294 2451 &
321 2418 527 2462 significant,
554 2416 603 2449 vel
629 2414 713 2448 certe
741 2412 799 2447 nisi
826 2412 868 2446 ab
894 2412 1006 2454 aliquo
1033 2412 1133 2456 impe·

259 2466 417 2506 diamur,
440 2478 482 2500 ex
508 2469 539 2501 se
565 2476 640 2509 apta
667 2466 700 2498 δε
728 2474 803 2497 nata
831 2464 903 2496 sunt
930 2464 1069 2496 caussato
1093 2475 1132 2497 ac

259 2516 438 2560 siguificare
464 2517 692 2559 propositionis
719 2512 908 2558 qualitatem
929 2534 938 2549 ,
970 2514 1004 2546 δι
1032 2523 1130 2556 quan-

259 2567 412 2600 titatem.-
437 2578 517 2611 ergo
542 2576 627 2600 cuca
654 2564 872 2598 illasversatur
898 2560 1014 2595 horum
1028 2563 1128 2606 signo-

259 2627 334 2651 rum
375 2616 477 2649 virtus
499 2641 510 2655 ,
549 2617 582 2651 &
615 2615 757 2648 efficacia
780 2637 788 2645 .
830 2614 978 2646 Probatur
1006 2618 1128 2644 minor:

258 2666 350 2711 Qia
379 2663 612 2708 propositionis
640 2665 779 2706 qualitas
803 2662 848 2695 est
886 2662 953 2704 ejus
997 2663 1127 2697 affirma·

257 2715 307 2749 tio
330 2740 340 2755 ‚
376 2716 409 2748 ὅ(
450 2716 583 2759 negatio
604 2726 613 2756 3
663 2713 750 2746 illius
775 2714 940 2754 quantitas
964 2712 1009 2746 est
1037 2713 1125 2747 illius

256 2765 502 2806 universalitas,
526 2763 763 2807 particularitas
785 2785 796 2801 ,
821 2761 873 2794 vel
900 2761 1122 2805 singularitas:

256 2817 347 2859 atqui
373 2816 463 2859 figna
491 2814 720 2858 propositionis
749 2811 960 2855 negationem
974 2811 1124 2846 velaffir-

257 2865 460 2906 mationem,
486 2867 562 2899 item
588 2864 655 2907 ejus
682 2860 968 2906 particularitatem
994 2862 1126 2896 veluni-

255 2916 471 2950 versalitatem
497 2915 636 2949 caussato
663 2913 696 2948 &
722 2911 903 2957 significare
929 2919 1004 2952 apta
1032 2911 1125 2947 &na-

256 2975 290 2999 ta
317 2965 389 2999 sunt
406 2979 418 2998 .·
445 2976 481 2999 ut
508 2963 716 2999 manifestum
743 2963 788 2996 est
817 2972 857 2994 ex
883 2959 978 2997 distis
1005 2960 1075 2995 dub.
1090 2973 1119 2997 2.

255 3017 290 3050 ὁ·
315 3024 346 3059 3.
373 3015 463 3060 Ergo
490 3016 576 3059 signa
605 3014 672 3049 haec
689 3023 764 3046 nata
790 3013 823 3046 &
850 3021 924 3053 apta
951 3010 1123 3045 sunrcaus-

255 3067 320 3099 sare
344 3066 378 3100 δε
403 3065 583 3111 significare
609 3062 838 3108 propositionis
865 3059 1053 3104 qualitatem
1067 3062 1123 3102 ,&

256 3116 492 3157 quantitatem.
522 3116 565 3150 Et
584 3115 662 3149 hinc
683 3115 716 3147 in
741 3111 836 3157 signis
857 3109 908 3144 his
929 3120 1059 3154 quoque
1077 3112 1124 3146 di·

255 3165 378 3209 stingui
400 3166 481 3200 solet
503 3166 664 3210 qualitas,
686 3161 912 3207 &quantitas·
940 3160 1121 3212 Qantitas

254 3215 339 3259 signi
373 3214 419 3248 est
449 3216 516 3258 ejus
540 3214 776 3260 particularitas
803 3212 852 3246 vel
877 3210 1119 3247 universalitas:

253 3265 316 3299 sive
337 3263 382 3298 est
405 3265 506 3298 virtus
522 3265 726 3309 significandi
747 3265 780 3299 ὅ(
804 3260 969 3296 cauffandi
988 3260 1022 3295 in
1049 3273 1119 3307 pro·

254 3315 417 3357 positione
441 3313 713 3350 universalitatem
731 3315 781 3347 vel
814 3310 1117 3356 particularitatem.

253 3364 346 3409 Signi
367 3365 504 3408 qualitas
525 3365 570 3398 est
594 3365 661 3408 ejus
694 3364 868 3399 affirmatio
892 3360 942 3395 vel
965 3362 1117 3406 negatio:

253 3414 316 3448 sive
336 3415 382 3448 est
407 3415 510 3449 virtus
531 3415 599 3458 ejus
609 3414 814 3450 cauffandi&
829 3411 1118 3458 significandi-prov·

253 3464 420 3508 positionis
442 3466 654 3509 negationem
682 3466 733 3500 vel
756 3460 1006 3498 affirmationem
1029 3487 1037 3496 .
1075 3465 1118 3500 Et

338 3513 444 3555 christ.
465 3516 544 3558 Lupi
555 3520 655 3558 Opera
664 3518 745 3550 Tom.
757 3517 828 3550 XII.

1937 154 2034 193 229

1209 219 1288 255 hinc
1314 220 1486 263 quaerenti,
1513 222 1624 268 Qiale
1644 224 1689 257 est
1718 224 1782 261 hoc
1801 228 1927 273 signum
1948 229 1963 262 Ρ
1996 230 2075 264 Res·

1209 268 1447 312 pondemus‚est
1460 271 1691 305 affirmativum
1703 277 1752 308 vel
1765 279 1962 321 negativum.
1976 281 2074 328 Qae·

1209 320 1292 353 renti
1308 320 1404 359 vero,
1423 321 1596 368 Qantum
1607 321 1651 355 est
1672 322 1735 356 hoc
1747 325 1873 368 signum
1886 355 1893 362 .
1918 329 2074 373 Respon-

1209 369 1354 403 dendum
1367 370 1411 403 est
1423 395 1433 410 ,
1446 371 1537 414 quod
1552 372 1587 404 sit
1599 372 1777 406 universale
1790 378 1838 408 vel
1861 382 2051 420 particulare
2063 405 2071 413 .

1255 429 1310 465 24.
1325 418 1420 461 Dixi,
1431 419 1502 462 Nifi
1508 421 1546 454 ab
1561 423 2025 477 aliquoimpedramur,<·sc,Q12
2037 430 2074 463 fi-

1207 480 1263 504 cut
1286 470 1372 513 ignis
1394 472 1480 513 palio
1502 472 1681 515 applicatus
1709 473 1869 508 interdum
1884 477 2071 520 impeditur,

1208 518 1249 553 ne
1270 519 1439 555 calefaciat
1459 545 1470 562 ,
1506 522 1538 556 ὅ(
1559 521 1607 555 sol
1631 533 1672 556 ne
1694 522 1860 559 illuminet
1876 549 1886 564 ,
1910 528 1943 559 δε
1967 528 2070 563 homo

1207 581 1248 603 ne
1267 568 1440 613 ambulet;
1461 573 1502 605 sic
1524 572 1624 606 etiarn
1648 571 1715 607 haec
1736 573 1827 617 figna
1851 575 1884 607 in
1904 579 2072 618 propositi-

1205 631 1270 653 one
1293 621 1391 662 posita
1414 633 1470 664 per
1492 623 1682 667 negationes
1714 623 1769 656 sibi
1804 624 1994 668 postpositas
2017 638 2073 661 aut

1206 670 1381 713 praepositas
1409 672 1603 714 quandoque
1629 671 1850 715 impediuntur
1871 699 1881 715 ,
1913 686 1954 709 ne
1981 677 2074 710 suum

1205 720 1406 754 ordinarium
1434 722 1584 756 effessum
1610 723 1809 766 producant.
1846 725 2074 768 Impediuntur

1204 781 1312 803 autem
1339 770 1439 805 tribus
1466 772 1598 806 modis.-
1624 774 1822 816 quandoque
1848 775 1957 818 quoad
1971 777 2072 811 solam

1203 820 1393 862 qualitatem
1416 846 1427 862 ‚
1464 822 1661 866 quandoque
1685 823 1792 867 quoad
1819 826 2009 867 qualitatem
2038 827 2075 860 &

1205 871 1238 903 ἀ
1263 871 1481 914 quantitatem
1508 873 1619 906 simul.
1646 873 1872 916 Impediuntur
1897 877 2007 917 quoad
2021 876 2074 910 so-

1205 920 1270 953 lam
1296 921 1532 964 quantitatem,
1558 924 1691 966 quando
1703 927 1828 960 ratione
1853 926 2076 969 appofitaene-

1204 971 1348 1013 gationis
1384 982 1426 1004 ex
1467 972 1698 1007 universalibus
1731 976 1814 1010 fiunt
1848 976 2049 1019 particularia
2064 999 2073 1015 ,

1206 1019 1255 1053 vel
1276 1019 1295 1053 ὲ
1315 1031 1451 1055 contra.
1477 1023 1703 1066 Impediuntut
1730 1026 1838 1069 quoad
1868 1027 1970 1060 solam
1997 1038 2076 1070 qua·

1206 1069 1348 1111 litatem,
1378 1070 1510 1114 quando
1537 1073 1662 1107 ratione
1675 1077 1861 1120 negationis
1878 1077 2027 1120 appositae
2040 1076 2075 1109 fi-

1205 1130 1265 1153 unt
1277 1131 1318 1153 ex
1331 1122 1493 1165 negativis
1505 1123 1695 1158 affirmativa
1710 1149 1721 1165 ,
1748 1128 1798 1159 vel
1814 1126 1831 1159 ἐ
1849 1126 1962 1160 contra
1975 1150 1983 1159 .
2012 1127 2076 1160 lm-

1206 1168 1379 1212 pediuntur
1405 1171 1515 1215 quoad
1543 1182 1709 1216 utramque
1735 1175 1847 1215 simul,
1873 1176 2008 1219 quando
2023 1188 2077 1209 ne-

1205 1222 1298 1264 gatio
1320 1232 1425 1255 mutat
1452 1233 1565 1256 eorum
1592 1224 1807 1266 quantitatem
1836 1226 1929 1258 simul
1949 1226 1982 1259 δε
2000 1237 2076 1269 qua·

1205 1270 1351 1311 litatem,
1374 1271 1407 1305 id
1421 1272 1487 1312 est,
1517 1273 1652 1316 quando
1673 1276 1800 1310 ratione
1821 1276 1967 1319 apposita:
1979 1287 2077 1319 nega-

1205 1321 1308 1354 tionis
1333 1332 1374 1355 ex
1401 1323 1647 1365 particularibus
1674 1326 1885 1366 universalia,
1912 1326 1946 1359 &
1971 1337 2013 1360 ex
2028 1326 2077 1359 af-

1204 1370 1373 1405 firmativis
1399 1372 1483 1406 siunt
1510 1375 1685 1418 negativa,
1714 1376 1763 1409 vel
1788 1375 1806 1409 ὲ
1832 1376 1966 1410 contra.

1253 1432 1310 1467 25.
1338 1421 1445 1463 Dixi,
1471 1424 1561 1466 quod
1588 1425 1676 1468 signa
1695 1424 1761 1460 haec
1776 1426 1995 1469 impediantur
2023 1436 2078 1468 per

1203 1471 1362 1514 appositas
1376 1474 1584 1517 negationes.
1615 1475 1689 1509 Ubi
1717 1486 1795 1510 nota
1819 1501 1829 1516 ,
1857 1477 1887 1509 id
1912 1476 1983 1510 fieri
2007 1486 2077 1509 non

1205 1522 1292 1563 posse
1314 1533 1369 1564 per
1379 1523 1538 1564 appositas
1551 1526 1741 1568 negationes
1768 1525 1994 1568 infinitantes;
2022 1525 2075 1558 sed

1204 1570 1414 1604 solummodo
1426 1583 1480 1614 per
1492 1583 1648 1615 negantes
1664 1597 1671 1604 .
1699 1574 1744 1607 V.
1757 1585 1788 1618 g.
1799 1586 1875 1608 cum
1886 1575 1979 1609 dico.
2006 1579 2080 1607 Om-

1202 1627 1250 1653 nis
1268 1619 1350 1653 bomo
1372 1621 1409 1662 ιβ
1433 1633 1491 1654 non
1511 1621 1652 1662 brutum,
1680 1623 1728 1656 vel
1747 1625 1944 1666 Aliquodnon
1957 1624 2078 1656 brutum

1201 1670 1238 1710 est
1260 1669 1357 1703 homo.
1393 1671 1495 1715 Signa
1509 1672 1565 1705 ista
1586 1678 1682 1706 omnis
1706 1675 1740 1708 (τ
1762 1675 1884 1716 aliquod
1895 1685 1962 1708 non
1977 1675 2078 1717 impe-

1201 1721 1361 1754 diuntur:
1390 1721 1441 1755 sed
1454 1724 1636 1756 manentin
1652 1725 1707 1757 sua
1728 1724 1836 1758 nativa
1863 1724 2020 1769 qualitate
2045 1725 2078 1758 &

1201 1770 1407 1813 quantitate.
1435 1774 1482 1804 Et
1501 1778 1580 1805 ratio
1600 1772 1659 1813 est:
1685 1774 1774 1822 Qia
1793 1776 1881 1819 signa
1902 1775 2079 1809 solummo-

1200 1818 1244 1853 do
1255 1820 1474 1855 alterantur&
1498 1821 1721 1865 impediuntur
1744 1835 1798 1867 per
1813 1825 1906 1858 issam
1929 1825 2079 1869 negatio-

1202 1880 1289 1910 nem,
1315 1882 1385 1914 quae
1397 1871 1499 1914 potest
1514 1873 1643 1907 turbare
1654 1874 1686 1906 de
1698 1874 1830 1906 alterare
1842 1885 1944 1909 totam
1960 1885 2078 1919 propo·

1199 1920 1366 1953 sitionem:
1393 1920 1484 1962 atqui
1498 1921 1531 1954 id
1544 1932 1610 1954 non
1623 1924 1726 1964 potest
1741 1925 1876 1968 negatio
1889 1925 2075 1964 infinitatis,

1200 1966 1251 2000 sed
1270 1967 1336 2001 sola
1355 1979 1498 2012 negans:
1525 1981 1604 2015 ergo
1627 1973 1726 2006 etiam
1742 1974 1829 2018 signa
1844 1975 1992 2019 impediri
2006 2000 2016 2015 ,
2040 1975 2076 2009 &

1199 2018 1529 2061 alteraripoffuntpet
1542 2021 1644 2056 solani
1670 2033 1865 2068 negantem·²
1898 2037 1966 2060 non
1995 2024 2074 2058 vero

1199 2078 1253 2109 per
1266 2069 1478 2111 negationem
1499 2071 1741 2107 infinitantem.
1770 2077 1864 2108 Clara
1885 2075 1922 2116 est
1952 2077 2073 2115 maJor:

1197 2116 1289 2162 Qia
1300 2117 1435 2150 alterato
1448 2119 1540 2161 signo
1551 2120 1651 2154 etiam
1665 2123 1816 2157 alteratur
1828 2136 1897 2158 tota
1925 2125 2075 2168 proposi-

1196 2166 1245 2199 tio
1257 2179 1268 2199 :
1294 2166 1374 2200 dum
1387 2167 1475 2201 enirn
1489 2169 1614 2213 signum
1628 2182 1669 2204 ex
1682 2172 1876 2207 affirmativo
1899 2175 1937 2208 fit
1951 2176 2075 2219 negati-

1196 2227 1293 2256 vum,
1318 2216 1421 2250 velex
1434 2219 1617 2259 particulari
1629 2221 1664 2254 fit
1681 2223 1971 2265 universale‚vele
1994 2235 2075 2258 con-

1195 2263 1245 2300 tra
1259 2288 1269 2304 ‚
1295 2266 1394 2299 etiam
1408 2266 1487 2301 talis
1506 2267 1541 2300 fit
1553 2277 1622 2302 tota
1637 2273 1838 2312 propositio:
1869 2285 1903 2307 ut
1916 2274 2012 2308 facile
2022 2285 2075 2318 pa·

1196 2313 1276 2348 tebit
1298 2315 1487 2350 inducendo
1502 2318 1650 2360 exempla
1667 2342 1674 2349 .
1702 2319 1793 2363 Ergo
1805 2322 1892 2364 signa
1906 2335 1973 2357 non
2001 2325 2075 2367 pos·

1196 2364 1269 2397 sunt
1290 2364 1439 2404 alterari,
1467 2366 1524 2399 nisi
1546 2377 1600 2409 pet
1625 2367 1714 2402 illam
1739 2372 1977 2414 negationem,
1997 2385 2070 2416 quae

1195 2413 1298 2455 potest
1322 2412 1451 2448 turbare
1470 2415 1503 2448 δε
1523 2417 1655 2451 alterare
1679 2426 1783 2453 totam
1798 2422 2063 2464 propositionem.

1193 2464 1288 2496 clara
1312 2470 1403 2498 etiam
1430 2464 1468 2505 ιβ
1493 2470 1605 2499 mlnor:
1628 2468 1719 2514 Qia
1742 2472 1873 2514 negatio
1896 2471 2068 2506 infinitans

1194 2513 1301 2547 solum
1322 2515 1497 2549 terminum
1519 2516 1536 2550 a
1559 2519 1589 2551 se
1618 2519 1845 2555 modificatum
1868 2521 1902 2555 ἀ
1924 2522 2065 2557 infinita-

1192 2574 1262 2598 tum
1286 2563 1413 2598 turbat:
1442 2564 1528 2599 nihil
1547 2566 1635 2600 enim
1654 2567 1759 2608 facit,
1781 2581 1990 2615 praetetquam
2006 2583 2067 2607 ter-

1182 2614 1318 2653 fminnm
1337 2615 1356 2648 ὲ
1378 2615 1408 2648 se
1430 2615 1630 2651 infinitatum
1656 2619 1791 2655 alterare
1805 2645 1816 2661 ‚
1838 2622 1872 2655 ἀ
1894 2622 1912 2655 ὲ
1933 2623 1987 2658 sua
2001 2623 2064 2656 ori·
2120 2632 2123 2634 ·

1189 2663 1314 2706 ginaria
1325 2664 1363 2698 ad
1372 2665 1655 2700 contradictoriam
1669 2669 1943 2714 significationem
1958 2673 2063 2706 trans-

1188 2723 1333 2755 portare.
1363 2717 1538 2749 Praeterea:
1566 2717 1711 2762 Negatio
1738 2729 1842 2754 totatn
1870 2722 2066 2764 propositio·

1188 2774 1262 2797 nem
1291 2763 1425 2798 turbans
1450 2765 1495 2798 est
1524 2766 1602 2808 illa,
1628 2779 1698 2810 qnae
1710 2769 1755 2803 est
1784 2770 1997 2814 malignantis
2010 2783 2062 2806 na-

1187 2824 1261 2847 turae
1283 2826 1291 2845 :
1317 2825 1388 2858 quae
1412 2816 1501 2849 enim
1523 2817 1629 2859 major
1658 2818 1712 2852 hic
1735 2820 1816 2864 fingi
1845 2820 1945 2864 poffet
1968 2821 2062 2854 mali·

1186 2866 1294 2907 gnitas
1316 2889 1325 2904 ,
1354 2876 1451 2907 quam
1479 2867 1580 2900 totius
1606 2870 1834 2913 propositionis
1857 2871 2000 2905 turbatio
2026 2872 2059 2905 ἀ

1185 2914 1366 2949 alteratio?
1393 2913 1497 2957 Atqui
1525 2919 1684 2961 negatio,
1711 2931 1810 2963 quam
1837 2920 1959 2964 Juristae
1985 2932 2060 2955 ma-

1184 2963 1344 3008 lignantis
1371 2974 1489 2999 naturae
1514 2969 1577 3001 esse
1603 2967 1742 3009 dicunt,
1768 2970 1813 3004 est
1843 2972 1907 3005 sola
1923 2981 2060 3015 negaris,

1184 3025 1252 3048 non
1281 3014 1360 3049 vero
1385 3015 1557 3050 infinitans
1572 3031 1583 3050 .-
1607 3029 1687 3063 ergo
1699 3020 1845 3055 similiter
1858 3022 1993 3065 negatio
2009 3031 2059 3055 to·

1183 3074 1253 3098 tum
1281 3065 1512 3108 propositionis
1534 3067 1707 3103 aedificium
1734 3071 1866 3105 turbans
1883 3071 1928 3105 est
1956 3081 2054 3116 nega-

1182 3115 1230 3148 tio
1259 3125 1382 3159 negans
1402 3139 1413 3155 ,
1441 3127 1509 3149 non
1538 3117 1611 3151 vero
1639 3118 1807 3154 infinitans
1826 3146 1833 3155 .

1231 3163 1284 3200 26.
1312 3165 1367 3197 Ubi
1390 3166 1423 3198 ὁ·
1446 3164 1497 3198 boc
1525 3168 1677 3203 adverte:
1712 3170 1814 3217 Qiod
1841 3171 1975 3215 negatio
2001 3181 2055 3205 ne·

1179 3225 1262 3258 gans
1275 3225 1340 3247 non
1356 3214 1591 3256 pointturbare
1617 3219 1648 3253 ὃς
1662 3220 1794 3254 alterare
1819 3220 2053 3265 quodcumque

1179 3265 1326 3307 signum,
1350 3264 1404 3298 sed
1419 3264 1737 3308 solummoddillud‚
1757 3269 1843 3313 quod
1859 3270 1992 3315 ponitur
2017 3271 2054 3305 iti

1180 3314 1401 3356 propositione
1414 3314 1545 3349 alterata
1569 3328 1621 3360 per
1641 3321 1848 3363 negationem
1863 3346 1872 3362 ,
1888 3322 1950 3356 sive
1962 3320 2054 3365 quod

1180 3362 1310 3406 ponitur
1332 3363 1372 3396 in'
1391 3363 1448 3398 illa
1472 3368 1696 3410 propositione
1719 3393 1729 3408 ,
1754 3371 1848 3413 cujus
1868 3371 1984 3415 copula
2010 3370 2054 3404 af-

1180 3412 1287 3446 ficitur
1309 3424 1363 3456 per
1386 3416 1615 3458 negationem.
1647 3419 1720 3452 Sive
1733 3419 1880 3455 brevius:
1904 3422 2054 3465 Negatio

1179 3474 1247 3498 non
1261 3462 1364 3510 potest
1376 3464 1511 3502 alterare
1525 3467 1614 3511 signa
1624 3470 1853 3513 propositionis
1865 3470 2048 3511 alienae3sed

1558 3516 1592 3552 V
1644 3528 1665 3565 3
1976 3521 2024 3557 ἱα-
