2384 3770
404 130 496 186 258

349 223 405 257 per
418 212 618 253 consequens
639 217 773 254 utraque
792 219 867 254 pars
880 208 974 244 istius
988 209 1167 251 complexae
1177 218 1239 242 ve-

967 141 969 143 ’
1023 120 1318 172 D1s1›.xx.
1358 126 1571 173 Doul-

1283 211 1316 246 &
1343 211 1569 254 objectivum,
1597 211 1682 254 spes,
1712 210 1832 254 timor,
1856 224 1971 254 arnor,
2001 211 2101 252 fides,
2128 210 2164 245 in

348 274 381 296 ra
395 263 454 302 sit3
481 262 558 304 quia
571 271 680 296 tamen
693 261 780 305 prior
803 260 981 304 propositio
996 270 1062 292 non
1078 259 1227 293 continet
1256 307 1258 310 .
1268 260 1451 306 formalem
1464 263 1497 296 ἀ
1509 261 1729 306 objectivam,
1754 263 1827 296 &c.
1837 262 1901 298 Ιώ·
1907 265 2018 300 eadem
2032 261 2168 298 divisio-

348 311 489 350 caussam
503 310 707 354 posterioris,
720 322 790 345 tota
801 311 970 353 complexa
984 309 1026 342 est
1045 309 1144 342 falsa.

1173 309 1227 343 Ad
1267 307 1325 346 ⁹-ne
1347 313 1450 346 dividi
1475 314 1571 347 debet
1597 315 1783 346 terminus.
1808 312 1990 356 Proposnio
2015 311 2164 348 formalis

348 361 515 395 veritatem
539 362 764 406 propositionis
798 359 1032 394 conditionalis
1055 361 1155 391 etiam
1181 370 1228 393 re·
1253 350 1569 418 ᾗίὶιιιιοοηεερως,
1597 374 1711 403 voces,
1741 364 1790 396 vel
1805 363 2163 405 scripturaeenuntianss

346 411 486 454 quiritur
500 413 615 445 veritas
626 412 791 452 utriusque
803 410 982 452 simplicis;
1007 420 1043 443 ac
1056 418 1202 451 praeterea
1214 433 1227 452 ‚

346 471 383 494 ut
397 472 462 495 una
472 460 651 505 dependeat
663 462 703 496 ab
716 462 777 495 alia
787 484 798 501 ,
825 470 996 501 tamquam
1011 459 1029 492 ὲ
1045 459 1099 492 sua
1111 458 1226 494 condi—

346 511 460 546 tione.

396 572 453 598 21·
479 564 570 597 Petes
588 561 740 605 secunde:
775 562 830 596 An
854 558 968 593 divisio
993 558 1225 602 propositionis

344 612 380 646 in
403 612 579 670 simplicem
603 614 635 646 &
656 612 866 654 complexam
893 610 930 643 sit
944 610 1110 643 univoca?
1136 608 1223 652 Resp.

344 653 553 704 affirmativi.
573 665 664 695 Ratio
685 662 748 701 est.-
775 661 865 708 Qia
884 658 1060 703 propofitio
1085 659 1218 703 simplex

344 714 378 747 &
390 713 561 755 complexa
575 714 647 747 sunt
660 713 835 746 univocata
850 712 940 743 vocis
948 707 1120 751 propofitto:
1143 720 1222 753 ergo

345 762 414 796 haec
437 762 551 797 divisio
570 763 618 797 est
644 763 784 796 univoca
807 786 814 794 .
855 760 1002 793 Probatur
1025 761 1221 793 antecedens:

347 813 438 859 Qia
450 812 623 846 univocata
642 813 715 859 sunt
730 812 808 853 illa,
835 821 905 856 quae
928 810 1147 854 significatum
1161 810 1220 843 for-

342 864 428 897 male
449 862 583 903 alicujus
604 861 698 896 vocis
718 861 840 896 habent
864 863 898 894 in
925 861 957 893 se
967 861 1082 894 eodem
1098 860 1219 893 modo:
1232 895 1233 898 Ἴ

341 912 431 955 atqui
445 911 622 954 propositio
631 911 765 954 simplex
778 911 993 954 &complexa
1008 908 1151 944 habent
1142 922 1175 943 in
1190 911 1220 943 se

340 960 556 1006 significatum
579 962 715 995 formale
735 963 824 996 vocis
843 960 996 1003 propofitio
1020 960 1138 994 eodem
1164 959 1219 994 ha—

342 1009 441 1045 bendi
454 1011 575 1045 modo:
604 1022 684 1056 ergo
705 1013 778 1045 sunt
800 1013 974 1047 univocata
987 1010 1053 1053 ejus
1067 1034 1074 1041 .
1102 1010 1217 1043 Proba·

340 1068 389 1093 tur
420 1065 539 1094 mlnor:

338 1112 437 1145 unius
448 1111 490 1145 de
503 1111 593 1145 alio.-
619 1112 765 1156 adeoque
761 1113 996 1166 significatum
1011 1111 1153 1147 formale
1162 1122 1215 1144 vo·

338 1161 385 1196 cis
406 1160 561 1204 propositio
582 1161 627 1195 est
648 1152 809 1204 judicatio
833 1164 930 1196 unius
940 1162 983 1195 de
994 1162 1081 1194 alio.
1113 1160 1218 1204 Atqui

338 1212 498 1255 judicatio
519 1212 616 1246 unius
644 1213 685 1247 de
706 1214 772 1247 alio
795 1212 997 1271 reperiturin
1011 1221 1146 1253 utraque
1158 1209 1219 1245 hac

339 1262 559 1306 propositione
571 1274 583 1295 ·.
608 1264 686 1297 item
708 1263 863 1306 reperitur
892 1264 925 1295 in
954 1271 1091 1303 utraque
1102 1259 1217 1295 eodem

338 1312 442 1347 modo
454 1336 464 1352 ,
490 1324 531 1346 eo
545 1313 695 1347 videlicet
709 1315 811 1347 modo
825 1339 834 1354 ‚
845 1323 912 1355 quo
926 1311 1142 1356 significatum
1154 1311 1215 1345 for

336 1362 422 1396 male
434 1363 562 1406 generis
573 1364 699 1405 reperiri
710 1363 791 1397 solet
805 1365 837 1396 in
857 1364 919 1396 suis
933 1360 1096 1405 speciebus
1108 1385 1115 1392 .
1129 1361 1218 1406 Ergo

337 1421 475 1455 utraque
498 1411 562 1446 haec
576 1414 753 1455 propositio
767 1411 871 1447 ,habet
895 1412 928 1446 in
955 1413 986 1445 se
999 1411 1086 1445 idem
1097 1412 1219 1455 fignifi-

340 1471 450 1496 catum
461 1461 597 1496 formale
610 1462 699 1496 vocis
703 1462 861 1506 propositio
867 1462 982 1496 eodem
996 1460 1138 1496 habendi
1150 1473 1216 1497 mo·

335 1512 381 1547 do
394 1537 401 1544 .
429 1512 650 1547 Minorfacile
662 1514 786 1557 patebit
799 1515 889 1548 illam
904 1512 1130 1547 examinanti.

410 1619 959 1669 -DISPUTATIO
985 1623 1089 1667 XX.

369 1745 428 1788 De
455 1741 638 1788 Partibus
663 1734 918 1807 Propcfitionis
944 1741 1179 1805 categoricae.
1204 1776 1210 1780 -

472 1921 564 1946 carn:
591 1910 666 1950 quia
681 1911 812 1948 omnia,
844 1920 916 1951 (μη
934 1910 1123 1954 eiroeillam
1136 1914 1214 1947 eom

472 1961 607 1994 troverti
622 1959 751 2002 possunt
767 1983 777 1999 ,
802 1957 897 1992 facile
917 1968 1071 1991 eruentur
1081 1969 1123 1990 ex
1136 1956 1212 1997 illis‚'

471 2021 549 2054 quae
564 2010 671 2044 dicam
695 2009 736 2043 de
759 2008 982 2052 propositione
1011 2007 1214 2051 categorica.

330 2061 401 2095 Hic
424 2061 555 2105 inquiro
578 2070 678 2102 partes
699 2060 789 2101 ejus,
814 2069 882 2101 quae
893 2059 965 2091 sunt
979 2055 1189 2100 praedicatum
1202 2081 1213 2097 ‚

331 2110 506 2154 subjessum
518 2135 526 2149 ,
555 2108 674 2151 copula
689 2132 700 2147 ,
714 2119 834 2141 nomen
845 2129 855 2144 ‚
870 2106 1002 2139 verbum
1014 2130 1024 2146 ‚
1040 2107 1101 2138 διε.
1120 2107 1213 2151 Qae-

330 2173 368 2197 ro
378 2171 457 2205 ergo
469 2159 534 2193 haec
547 2158 682 2196 omnia,
712 2156 888 2199 quid'sint.

331 1867 444 2005 B
458 1860 556 1894 Revis
568 1860 639 1893 sum
659 1859 744 1894 circa
757 1859 1012 1904 propositionem
1025 1839 1213 1902 hypotheti-

482 2268 486 2273 «
551 2244 990 2290 DU131UM1.

966 2310 970 2314 “
1206 2318 1215 2336 ι

397 2358 486 2402 Ouid
508 2357 542 2390 (9⁴
564 2357 762 2398 quotuplext
738 2351 764 2395 s
763 2361 777 2384 t
799 2358 945 2386 terminus
962 2351 1164 2395 propofitr'onit

603 2419 609 2430 ·
672 2409 876 2447 categoricae.

337 2522 367 2547 1.
500 2506 654 2541 Erminus
677 2505 784 2539 varius
798 2504 842 2538 est
866 2515 924 2547 pro
944 2503 1097 2537 varietate
1109 2514 1214 2537 rerum

512 2557 759 2591 terminatarum
773 2580 780 2587 .
809 2554 908 2588 Alius
930 2554 974 2588 est
989 2553 1148 2587 terminus
1160 2565 1213 2587 an-

333 2599 369 2646 ni
382 2632 392 2648 ‚
419 2611 502 2644 alius
515 2608 675 2641 terminus
688 2604 923 2639 vitaehumanae
933 2629 943 2645 ,
954 2604 1114 2638 terminus
1124 2605 1213 2649 agri,

331 2661 493 2696 terminus
516 2655 783 2691 Archidiocoefis
805 2654 1019 2688 Coloniensis
1037 2677 1048 2693 ,
1072 2654 1133 2687 διε.
1164 2653 1212 2686 Hi

331 2721 449 2746 omnes
471 2708 604 2742 termini
628 2707 667 2740 ad
694 2705 839 2740 nostrum
854 2705 1050 2748 propositum
1065 2703 1213 2738 velnihil

332 2763 481 2799 faciunt,
509 2758 560 2792 vel
582 2756 675 2790 valde
696 2766 828 2799 parum.
857 2755 929 2788 Nos
951 2754 1005 2788 hic
1016 2754 1211 2789 determino

332 2807 564 2855 propofitionis
576 2807 725 2861 agimus:
739 2807 772 2839 &
788 2805 920 2848 quidem
934 2805 1128 2838 determino
1141 2816 1209 2848 pro-

332 2859 503 2905 positionis
511 2856 725 2900 categoricae.
753 2856 841 2890 Nam
866 2856 906 2889 de
918 2855 1061 2888 termino
1073 2854 1210 2897 proposi-

330 2911 435 2946 tionis
450 2906 673 2952 hypotheticae
685 2904 769 2939 nihil
784 2906 883 2940 video
896 2904 1096 2938 dicendum:
1122 2904 1209 2938 illius

332 2961 422 2997 enim
447 2957 673 3004 propositionis
697 2957 855 2990 terminus
872 2955 917 2989 est
941 2954 1118 2997 propositio
1128 2963 1209 2988 cate·

332 3012 445 3058 gotica
458 3034 469 3049 ,
494 3008 534 3042 de
548 3018 610 3050 qua
625 3006 696 3040 dixi
709 3005 784 3049 disp.
791 3006 977 3049 praecedenti
989 3029 999 3045 ,
1025 3006 1059 3038 &
1071 3004 1208 3038 didiurus

333 3065 405 3097 sum
421 3061 522 3103 usque
533 3058 572 3091 ad
586 3058 686 3090 finem
703 3055 798 3098 hujus
807 3056 915 3099 operis
928 3079 935 3086 .
963 3055 1043 3102 Qo
1055 3055 1132 3089 vero
1143 3066 1212 3088 mo·

335 3114 380 3147 do
394 3136 404 3151 ,
429 3111 462 3144 δε
473 3120 535 3153 qua
548 3109 673 3141 ratione
694 3105 819 3141 dicatur
842 3106 1024 3148 categorica
1036 3105 1210 3149 propositio

333 3166 399 3196 effe
419 3161 576 3196 terminus
597 3157 825 3200 propositionis
846 3153 1067 3198 hypotheticae
1080 3179 1090 3195 ,
1117 3156 1210 3189 facile

337 3211 460 3254 patebit
487 3220 528 3243 ex
551 3208 700 3245 dicendis
731 3207 772 3242 de
804 3208 947 3241 termino
983 3205 1210 3250 propositionis

341 3261 546 3305 categoricae.
610 3294 614 3298 ,

389 3322 419 3346 2.
443 3310 499 3342 Ubi
521 3318 590 3344 ante
611 3311 710 3342 omnia
734 3309 897 3341 notandum
918 3305 956 3345 est
975 3318 982 3338 :
1010 3306 1208 3341 Terminum

339 3358 502 3392 ordinarie
517 3359 618 3393 dividi
643 3360 676 3393 in
699 3358 876 3392 terminum
888 3357 1081 3395 formalem,
1107 3356 1208 3391 &ob-

340 3408 513 3452 iestivum.
542 3408 630 3442 Sicut
653 3410 773 3452 quippe
797 3407 976 3452 propositio
996 3407 1154 3441 dividitur
1175 3407 1208 3440 in

344 3456 516 3493 formalem
527 3457 560 3490 &
574 3457 764 3501 objectivam
775 3483 785 3501 ,
804 3467 981 3503 conceptus
993 3458 1027 3493 in
1040 3457 1210 3494 formalem

566 1061 657 1110 Qia
672 1064 851 1106 propositio
871 1062 915 1095 est
926 1064 1033 1095 oratio
1045 1060 1233 1103 judicativa-

1284 420 1331 444 tes
1352 422 1456 445 unum
1479 415 1521 453 de
1533 415 1626 455 alio;
1653 413 1832 457 propositio
1860 413 1936 446 vero
1947 412 2101 456 objessiva
2113 411 2161 445 est

1284 461 1417 494 istorum
1431 472 1675 505 conceptuum,
1704 474 1841 501 vocum,
1866 463 1916 497 vel
1929 463 2157 504 scripturarum

1282 511 1464 554 objectum·
1457 535 1465 543 .
1497 513 1580 546 nihil
1591 537 1602 552 ,
1623 513 1759 556 inquam
1773 537 1784 554 ‚
1795 513 1840 546 est
1852 513 1941 547 aliud
1956 535 1967 553 ,
1979 522 2078 554 quam
2094 522 2160 552 res,

1283 571 1352 603 quae
1365 561 1404 594 de
1415 562 1479 596 alia
1502 563 1708 601 enuntiatur,
1733 565 1767 597 &
1799 574 1848 597 res
1858 564 1898 597 de
1910 574 1972 604 qua
1984 563 2046 596 alia
2058 571 2162 595 enum

1284 611 1401 644 tiatur.
1432 611 1591 655 Exempla
1603 613 1724 656 fingere
1741 613 1940 648 Lectorierit
1955 612 2074 646 facile:
2095 607 2162 645 haec

1282 662 1400 704 quippe
1411 660 1577 696 distinctio
1591 663 1625 695 in
1639 662 1758 695 scholis
1769 664 1813 696 est
1825 663 1918 698 valde
1931 663 2080 706 vulgata.
2097 661 2161 694 Eo·

1281 711 1355 745 dem
1369 710 1469 745 modo
1482 711 1782 755 philosophandum
1791 712 1836 746 est
1845 713 2038 749 determino
2055 737 2062 744 .
2076 711 2164 743 Ter-

1282 761 1390 795 minus
1411 762 1558 796 formalis
1583 762 1628 796 est
1652 773 1832 805 conceptus
1856 785 1867 802 ,
1894 763 2048 806 scriptura
2072 783 2083 799 ,
2109 759 2162 793 vel

1282 822 1347 845 vox
1371 812 1502 857 aliqua;
1531 812 1689 847 terminus
1714 806 1979 855 vero'objefflvus
1989 812 2032 845 est
2046 820 2096 844 res
2107 820 2162 853 per

1281 873 1479 905 conceptum
1493 885 1503 901 ‚
1531 874 1646 897 vocem
1659 887 1670 902 ‚
1697 863 1748 896 vel
1762 862 2052 905 scripturamfflam
2064 861 2161 904 [ignit

1283 912 1398 952 ficata,
1429 912 1544 958 verb-g.
1558 913 1663 947 inhac
1677 914 1898 957 propositione
1908 913 2039 952 vocali„
2066 915 2160 943 Homo

1279 961 1318 1002 est
1341 963 1461 996 animal
1479 987 1491 1003 ,
1519 973 1621 998 voces·
1638 962 1719 996 bomo
1739 964 1771 997 ἀ
1790 964 1911 996 animal
1931 960 2162 1003 suntytermini

1280 1013 1432 1047 formales
1443 1025 1457 1054 ;
1486 1014 1688 1056 suppositum
1702 1014 1778 1047 vero
1791 1012 2027 1051 humanitatis,
2042 1012 2076 1045 ἀ
2089 1011 2163 1052 sup-

1283 1063 1421 1106 positum
1449 1063 1688 1103 animalitatis,
1717 1074 1769 1105 per
1792 1063 1971 1097 vocesistas
1982 1060 2162 1107 significata

1282 1114 1355 1147 sunt
1370 1113 1504 1147 termini
1516 1112 1666 1156 objeffivi
1678 1137 1685 1146 .
1707 1113 1882 1148 Vocantur·
1891 1113 2023 1147 termini
2033 1110 2163 1153 objesti-

1285 1163 1317 1195 vi
1334 1186 1345 1203 ,
1371 1162 1446 1206 quin
1460 1164 1534 1197 sunt
1546 1163 1711 1206 objectum
1723 1162 2160 1205 terminorum-formalium:

1282 1212 1363 1257 signi
1376 1212 1465 1247 enim
1475 1213 1696 1257 significatum
1708 1213 1919 1257 propriissime
1931 1221 2063 1247 vocetur
2076 1209 2162 1256 signi.

1283 1262 1470 1305 objectum,
1499 1273 1536 1297 ut
1547 1262 1640 1297 dixi
1629 1274 1694 1306 Jam
1705 1263 1900 1308 aliquoties
1927 1262 2018 1309 Qid
2032 1262 2065 1295 ἀ
2077 1271 2156 1304 quor.

1280 1314 1390 1356 tupiex
1404 1314 1442 1346 fit
1467 1306 1626 1348 terminus
1637 1314 1813 1357 objeaivus
1823 1339 1833 1356 ,
1863 1324 1974 1356 parum
1986 1311 2025 1346 nd
2041 1322 2101 1345 nos
2115 1310 2159 1344 fa-

1279 1363 1346 1396 cit:
1375 1374 1437 1399 nos
1454 1375 1533 1410 ergo
1552 1363 1607 1398 hic
1629 1365 1826 1405 inquirimus
1846 1363 1887 1398 de
1911 1362 1983 1396 solo
2015 1361 2160 1395 termino

1279 1413 1429 1457 formali3
1458 1426 1497 1450 ac
1512 1415 1686 1458 praesertim
1688 1413 1892 1448 determino
1908 1411 2038 1446 vocali.
2068 1409 2158 1454 Agi-

1280 1473 1351 1497 mus
1365 1466 1485 1508 quippe
1495 1463 1552 1498 hic
1563 1464 1606 1498 de
1630 1465 1736 1499 vocali
1750 1463 1972 1508 propositione
1990 1484 2002 1503 ,
2027 1459 2159 1504 ejusque

1280 1513 1446 1548 vocalibus
1460 1513 1626 1557 partibus.

1335 1574 1363 1611 3.
1385 1564 1428 1598 Et
1439 1575 1479 1597 ex
1492 1562 1552 1597 hac
1567 1564 1699 1597 termini
1724 1563 1909 1601 divisione,
1933 1573 1969 1597 ac
1979 1558 2160 1595 distinctio·

1281 1625 1321 1648 ne
1334 1613 1416 1648 bene
1428 1613 1589 1647 intellecta
1611 1614 1805 1648 concordari
1818 1612 1922 1656 potest
1933 1613 2079 1655 quaedam
2091 1611 2158 1643 sen·

1279 1664 1383 1697 tentia
1392 1661 1673 1702 Nominalium,
1699 1674 1774 1696 cum
1799 1665 1940 1705 quadam
1962 1658 2160 1705 repugnanti

1280 1713 1438 1747 sententia
1451 1711 1626 1748 Realium.
1659 1712 1774 1746 Reales
1798 1711 2043 1756 quippekiicunt
2057 1721 2105 1745 res
2114 1710 2156 1743 de

1281 1764 1344 1797 sese
1361 1766 1478 1798 mutuo
1504 1764 1574 1797 vere
1597 1764 1759 1807 praedicari
1772 1786 1783 1802 ‚
1812 1773 1947 1808 vereque
1973 1761 2030 1795 fibi
2045 1756 2162 1795 mutu&

1279 1812 1390 1855 subjici
1412 1825 1421 1844 :
1460 1814 1531 1847 vere
1566 1813 1600 1846 iu
1640 1812 1933 1855 pradicationibus
1959 1812 2022 1844 effe
2048 1809 2164 1848 terrui-p

1278 1874 1363 1904 nos,
1390 1862 1462 1897 vere
1487 1863 1549 1897 esse
1577 1861 1780 1906 praedicuum
1804 1862 1839 1896 ἀ
1858 1859 2052 1903 subjeetum.
2081 1859 2163 1893 Now¹>

1276 1912 1416 1946 min-les
1428 1908 1506 1946 vero
1522 1912 1541 1946 ὲ
1554 1923 1667 1956 contra
1676 1921 1797 1956 negant
1811 1911 1875 1946 haec
1887 1913 2003 1950 omnia
2015 1923 2026 1943 .·
2038 1917 2162 1952 negant

1278 1960 1381 1996 resae
1401 1961 1471 1995 rsese
1498 1962 1614 1995 mutuo
1641 1961 1803 2004 praedieari
1816 1963 1927 2003 poste,
1954 1970 2009 1998 aut
2021 1957 2133 2000 subjici
2145 1967 2166 1996 -,·

1279 2022 1402 2056 negant
1414 2022 1463 2045 res
1473 2011 1535 2045 effe
1561 2012 1822 2054 propositionum
1836 2009 2019 2058 terminos3‚
2045 2006 2163 2051 pradi-

1277 2072 1388 2095 catum
1402 2085 1413 2101 ,
1442 2070 1496 2094 aut
1521 2060 1695 2104 subjefium
1714 2087 1721 2096 .
1751 2061 1813 2095 Sed
1835 2058 2158 2102 dicuntpropositio·

1279 2120 1358 2142 num
1374 2112 1534 2143 terminos
1546 2133 1556 2149 ,
1584 2111 1793 2152 pra-,dicatum
1803 2133 1815 2148 ‚
1842 2110 1874 2143 δι
1887 2108 2060 2150 subjeetum
2072 2130 2084 2146 ,
2097 2108 2160 2141 esse

1278 2158 1361 2191 solas
1373 2168 1468 2192 voces
1483 2182 1494 2198 ,
1520 2157 1709 2200 scripturas,
1740 2158 1772 2190 δε
1785 2167 1964 2199 conceptus
1975 2181 1982 2188 .
2009 2157 2072 2189 Hae
2086 2179 2096 2196 ,
2114 2154 2160 2189 in*-

1277 2219 1375 2251 quam
1390 2232 1401 2247 ,
1428 2207 1500 2241 duae
1522 2206 1687 2241 sententiat
1706 2214 1884 2251 repugnare
1897 2205 2068 2248 ridentur,
2094 2206 2127 2238 &
2140 2205 2161 2239 ὲ

1207 2263 1212 2269 ’
1278 2251 1485 2290 Tri'vialibus
1511 2253 1723 2298 philosophis
1749 2257 1786 2290 in
1822 2257 1964 2293 iestione
1983 2255 2162 2291 -Nominaf

1277 2307 1361 2339 lium
1399 2315 1569 2347 nunquam
1597 2305 1753 2345 versatis,
1778 2306 2161 2350 repugnateswsemut25

1279 2353 1511 2390 sed-*videntur
1533 2355 1569 2389 δε-
1591 2357 1762 2391 censentur
1783 2365 1936 2392 tantumx
1964 2354 2050 2388 Νοιι»
2070 2355 2159 2389 enim

1279 2403 1351 2440 vere
1372 2416 1575 2450 repugnant.
1604 2405 1722 2439 Reales
1742 2406 1831 2440 enim
1851 2405 2033 2450 loquuntur
2042 2405 2084 2440 de
2098 2415 2161 2438 ter·

1278 2457 1370 2491 mino
1384 2480 1395 2497 ,
1423 2456 1589 2499 subjecto,
1615 2456 1648 2490 dc
1660 2456 1833 2498 praedicato
1849 2455 2160 2497 objestwoaaeiicunt

1278 2517 1325 2540 res
1342 2505 1376 2539 in
1393 2505 1670 2549 propositionibus
1697 2505 1758 2539 esse
1771 2506 1927 2542 terminos
1941 2528 1951 2543 ,
1971 2505 2039 2543 effe
2048 2503 2159 2545 praedi2

1277 2565 1413 2596 catum,
1439 2557 1473 2589 δε
1503 2555 1675 2598 subjectum
1702 2554 1931 2598 obieffivum..
1959 2551 2159 2587 Nominales

1278 2606 1355 2640 vero
1367 2605 1549 2648 loquuntur
1570 2603 1612 2638 de
1622 2604 1767 2638 termino
1779 2628 1789 2642 ,
1819 2604 1990 2646 praedicato
2003 2602 2160 2643 ,tr-acsub·

1276 2656 1357 2699 jesto
1382 2653 1602 2690 formalibusae-
1623 2653 1741 2688 dicunt
1770 2664 1818 2686 res
1838 2664 1905 2686 non
1921 2654 2008 2695 poffc
2020 2654 2081 2686 effe
2091 2662 2154 2686 ter·

1276 2706 1428 2745 minum,
1455 2704 1635 2747 subjestum
1663 2727 1674 2743 ,
1701 2703 1751 2737 vel
1775 2701 1982 2745 praedicatum
2002 2702 2158 2745 formale;

1275 2755 1327 2790 sed
1341 2755 1396 2789 illa
1409 2755 1596 2789 debereeffe
1619 2763 1732 2792 voces,
1760 2754 1953 2795 scripturas,
1979 2753 2029 2786 vel
2041 2762 2159 2787 conce·

1276 2816 1348 2849 ptus
1362 2829 1369 2837 .
1400 2806 1443 2839 Et
1469 2804 1541 2839 hoc:
1556 2804 1656 2839 etiam
1669 2802 1864 2837 veriffimum
1877 2802 1923 2836 est
1934 2827 1945 2843 ,
1970 2802 2003 2836 dt
2015 2804 2033 2839 a
2049 2802 2159 2836 Reali-

1278 2856 1337 2890 bus
1365 2866 1536 2899 nunquam
1564 2863 1740 2898 negatum.
1769 2854 1931 2895 Adeoque
1958 2851 2157 2887 Nominales

1276 2905 1352 2947 hic,
1372 2906 1449 2940 sicut
1462 2907 1494 2940 dt
1504 2904 1585 2941 alibi
1601 2902 1681 2948 saepe
1695 2927 1707 2944 ,
1719 2913 1788 2937 non
1801 2913 1983 2947 repugnant
1997 2902 2157 2938 realibus.

1276 2956 1340 2989 His
1353 2957 1465 3000 positis

1324 3017 1358 3053 4.
1389 3005 1478 3050 Resp.
1501 3008 1536 3041 ὀ·
1561 3007 1625 3040 dico
1641 3006 1756 3048 primo
1785 2991 1996 3050 Terminus(
2010 3002 2155 3059 intellige

1274 3057 1424 3091 formalis
1438 3057 1506 3099 >est
1524 3054 1968 3100 extremumpropofitionis
1999 3052 2079 3092 Est,
2107 3053 2156 3085 in·

1275 3118 1406 3151 quam,
1435 3106 1886 3153 propositionismemum‚
1912 3114 1979 3137 non
2002 3101 2156 3139 extrinso·

1275 3168 1350 3192 cum
1364 3169 1404 3191 eo
1417 3155 1540 3198 modo,
1567 3169 1634 3202 quo
1647 3153 1783 3201 iepigcst
1797 3163 1981 3188 extremum
1993 3154 2085 3197 agri,·
2101 3151 2155 3187 sed

1330 3207 1492 3242 rinsecum
1515 3219 1557 3241 eo
1580 3203 1684 3245 modo
1696 3229 1707 3247 ‚
1730 3215 1797 3246 quo
1808 3203 1902 3238 ltalia
1913 3205 1958 3237 est
1971 3212 2155 3237 extremum

1277 3216 1418 3301 gimpae
1432 3282 1439 3290 .
1468 3257 1526 3296 Est
1550 3268 1632 3302 ergo
1643 3263 1822 3292 extremum
1837 3278 1848 3294 ‚
1876 3254 1908 3287 id
1921 3253 1987 3294 est,
2010 3262 2154 3287 extrema.

1280 3317 1349 3350 pars
1361 3307 1496 3350 alicujus
1509 3304 1757 3350 propositionis;
1787 3315 1847 3348 v-g.
1859 3303 1935 3338 cum
1948 3302 2025 3338 dico
2035 3326 2046 3343 ,
2060 3309 2153 3338 Homo

1278 3357 1315 3397 est
1327 3358 1454 3399 animal,
1466 3368 1560 3392 voces
1571 3356 1654 3391 hom
1663 3355 1697 3389 δε
1709 3354 1823 3387 animal
1834 3355 1908 3388 sunt
1919 3353 2051 3388 termini
2063 3351 2154 3386 istius

1280 3408 1534 3452 propositionis:
1561 3406 1638 3451 quia
1662 3406 1736 3438 sunt
1760 3406 1827 3447 ejus
1839 3414 1987 3438 extremae
1999 3404 2155 3446 partesu-

1274 3458 1338 3495 lam
1355 3469 1398 3495 ex
1411 3465 1547 3503 utraque
1557 3465 1647 3502 parte
1657 3454 1910 3491 concludentes.
1902 3452 2037 3539 Debe:1
2043 3463 2154 3538 agrem

2039 3515 2055 3540 e
2082 3519 2099 3527 -
