2384 3770
389 133 484 177 252

335 205 427 238 simul
449 202 672 237 determinans
694 201 729 238 ὅ(
754 202 947 248 appellans:
974 201 1139 246 utlfacile
1162 213 1216 245 pa·

334 256 417 288 tebit
442 254 664 287 consideranti
694 278 701 287 .
731 254 772 288 Et
796 253 860 287 hoc
884 251 1051 287 ordinarie
1077 254 1188 286 evenit
1204 277 1214 292 ‚

334 303 608 348 quotiescumque
630 315 696 337 vox
723 303 886 347 appellata
914 304 948 338 ὅ(
970 303 1134 346 appellans
1160 314 1216 345 po·

334 363 459 388 nuntur
480 355 513 388 in
540 355 657 388 eodem
676 354 904 398 propositionis
916 364 1063 387 extremo
1086 366 1094 387 2
1123 363 1212 392 tunc,

331 403 491 447 inquam,
520 416 586 439 vox
612 402 775 439 ordinarie
800 415 862 437 vox
885 403 1090 446 appellata&
1112 405 1214 447 appel·

334 454 405 488 lans
429 456 504 489 sunt
534 456 627 489 simul
649 455 884 491 determinata,
911 454 943 486 ὅ(
973 453 1211 487 determinans.

383 515 443 551 50.
470 505 562 539 Haec,
579 507 620 539 de
644 515 724 538 voce
749 505 986 537 determinante
1009 514 1047 537 ac
1067 503 1215 537 determi-

332 566 410 590 nata
433 580 440 588 .
483 555 729 589 Determinatio
753 553 831 588 vero
852 554 884 586 in
907 552 1066 588 absttasto
1086 554 1213 588 definiri

330 604 427 641 debet
450 606 689 644 conformiter,
718 603 782 637 hoc
806 604 907 637 modo
930 615 937 634 :
969 603 1215 638 Determinatio

330 657 374 690 est
399 657 544 700 quaedam
564 654 707 698 plurium
738 664 858 687 vocum
881 654 1008 687 affestio
1034 677 1045 693 ,
1083 654 1159 697 quia
1179 654 1214 687 fi-

330 706 504 751 gnificatio
527 706 625 739 unius
649 703 743 738 vocis
766 705 920 738 alteratur
937 727 947 743 ‚
972 715 1011 737 ac
1024 704 1215 738 immutatur

331 768 388 799 per
414 755 686 801 significationem
715 754 847 788 alterius
870 754 960 788 vocis
985 754 1034 787 illi
1051 754 1084 787 in
1096 753 1212 788 eodem

329 807 563 850 propositionis
584 814 732 838 extremo
746 804 924 848 adjunctas.
954 804 1034 848 Qiae
1058 802 1215 838 dividitur

330 858 364 890 in
384 855 694 891 determinationem
715 855 855 888 aeiivam
878 855 911 888 ὃς
938 854 1090 897 passivam
1110 879 1118 887 .
1151 855 1214 889 De·

329 906 518 941 terminatio
545 904 651 938 activa
675 916 765 938 tenet
795 906 827 939 se
852 915 894 938 ex
932 915 1019 948 farte
1044 904 1145 938 vocis-
1163 905 1212 940 de·

329 955 534 990 terminantis
547 979 558 995 ,
586 954 737 998 nihilque
750 954 794 988 est
811 954 902 988 aliud
917 978 928 994 ‚
947 966 1048 999 quam
1061 956 1165 989 forma
1179 955 1213 989 il-

328 1007 359 1040 la
372 1031 382 1046 ,
409 1016 471 1049 qua
485 1016 549 1039 una
566 1015 631 1038 vox
646 1006 761 1039 alterat
775 1004 1052 1049 significationem
1073 1006 1213 1040 alterius.

328 1055 576 1092 Determinatio
590 1055 706 1098 paffiva
725 1065 815 1090 tenet
838 1056 870 1089 se
891 1066 1028 1099 exparte
1050 1057 1139 1089 vocis
1165 1057 1215 1089 de·

327 1107 527 1147 terminatae,
554 1105 665 1147 estque
690 1106 746 1140 illa
765 1129 776 1145 ,
803 1117 870 1150 qua
891 1105 1089 1150 significatio
1117 1107 1215 1139 unius

327 1158 483 1192 alteratur
495 1167 549 1199 per
561 1156 838 1200 significationem
855 1155 984 1191 alterius
999 1156 1105 1190 vocis.
1133 1155 1215 1202 Qae

327 1206 396 1242 duae
407 1206 957 1250 determinationesdistinguuntur
978 1206 1126 1248 realiter3
1144 1217 1211 1239 non

325 1262 439 1293 t'atnen
462 1257 625 1300 adaequate
645 1270 655 1290 .·
685 1256 738 1290 sed
764 1257 973 1290 solummodo
989 1256 1211 1300 inadaequate:

329 1319 365 1342 ut
389 1309 460 1341 dixi
483 1308 574 1351 supra
599 1309 632 1341 in
656 1306 752 1340 simili
788 1308 829 1341 de
853 1306 1074 1350 appellatione
1106 1307 1210 1340 astiva

330 1359 364 1393 &
387 1358 521 1402 passiva.
553 1357 800 1392 Deretminatio
822 1358 911 1391 enim
936 1357 980 1390 est
1001 1368 1072 1391 vera
1100 1357 1212 1400 suppo-

325 1409 421 1442 sitio.-
443 1409 544 1442 aestiva
568 1408 703 1451 quidsm
730 1407 775 1441 est
797 1407 976 1451 suppositio
1002 1410 1091 1441 vocis
1114 1408 1213 1440 deter-

325 1459 485 1493 minantis
512 1470 526 1500 ;
562 1458 681 1501 passiva
705 1468 782 1493 vero
802 1457 848 1492 est
881 1457 1084 1501 supppositio
1124 1459 1215 1491 vocis

324 1509 548 1543 determinatae
585 1521 593 1540 ι
633 1519 712 1551 quas
746 1507 830 1542 duas
857 1508 1097 1551 suppositiones
1122 1508 1213 1550 supra

324 1559 393 1593 dixi
416 1572 428 1600 ;
459 1560 491 1591 δε
519 1556 621 1591 modo
659 1558 737 1591 dico
760 1557 919 1602 distingui
938 1558 1066 1592 realiter
1095 1558 1214 1591 inadae·

327 1610 443 1653 quate.

377 1671 395 1705 5
409 1670 434 1694 1.
447 1661 539 1690 Ratio
551 1656 589 1696 est
600 1659 694 1689 clara:
711 1657 802 1703 Qia
825 1656 880 1690 illa
893 1656 1142 1700 distinguuntur
1163 1667 1215 1690 re-

323 1708 427 1742 aliter<
443 1706 667 1754 inadequate,
694 1717 763 1750 quae
800 1706 918 1750 partim
941 1706 1189 1749 distinguuntur
1204 1730 1215 1746 ,

324 1758 440 1803 partim
469 1758 716 1791 identificantur
753 1769 761 1788 :
795 1767 866 1800 quae
900 1758 933 1790 in
959 1756 1069 1799 aliqua
1096 1756 1144 1789 sui
1171 1754 1215 1790 es·

325 1807 451 1843 sentiali
469 1806 558 1851 parte
583 1807 855 1847 identificantur‚
881 1807 914 1841 &
947 1806 982 1839 in
1015 1806 1079 1840 alia
1100 1806 1214 1839 distin-

323 1868 486 1904 guuntur.
523 1857 627 1900 Atqui
646 1857 882 1891 determinatio
922 1858 1024 1891 adtiva
1045 1856 1078 1890 ὅ(
1096 1855 1214 1898 paffiva

326 1910 371 1943 ita
395 1910 425 1942 se
450 1906 594 1942 habant:
622 1916 702 1950 ergo
729 1906 856 1939 realiter
871 1904 948 1938 inad
959 1906 1082 1948 aequate
1094 1905 1210 1939 distin-

325 1970 494 2005 guuntur.
527 1957 674 1990 Probatur
698 1961 816 1988 minor.-
847 1955 938 2002 Qia
981 1953 1215 1989 determinatio

326 2010 429 2044 astiva
451 2009 483 2042 ἀ
504 2006 620 2052 pissiva
644 2008 677 2040 in
702 2017 736 2039 re
760 2003 843 2039 nihil
869 2007 944 2039 sunt
971 2004 1085 2044 aliud,
1113 2015 1213 2047 quam

325 2059 469 2103 prolatio
506 2057 595 2091 vocis
627 2054 879 2090 determinantis
898 2055 1212 2095 ,&determinatae,

327 2111 419 2143 firnul
443 2120 519 2142 cum
547 2106 735 2139 intentione
756 2104 1037 2146 significationem
1061 2103 1157 2135 unius
1171 2103 1213 2136 al-

327 2159 453 2193 terandi
476 2158 510 2191 &
531 2154 727 2190 immutandi
755 2165 810 2195 per
831 2153 931 2186 aliam
955 2163 964 2183 τ
997 2151 1145 2193 adeoque
1178 2152 1212 2184 in

334 2210 390 2243 sua
413 2208 547 2242 essentia
570 2204 745 2238 includunt
768 2202 989 2245 prolationem
1017 2200 1105 2234 vocis
1118 2202 1212 2234 simul

333 2269 409 2294 cum
438 2257 494 2291 ista
515 2256 702 2289 intentione
738 2251 902 2286 alterandi
936 2250 1214 2295 significationem

335 2309 434 2346 unius
467 2305 661 2349 per'aliam-
696 2302 801 2344 Atqui
828 2300 970 2343 prolatio
998 2301 1089 2333 vocis
1112 2300 1213 2333 deter-

336 2357 514 2394 minantis,
540 2354 574 2388 &
601 2353 741 2396 prolatio
766 2350 855 2386 vocis
879 2350 1101 2384 determinata:
1122 2350 1212 2383 reali·

335 2419 383 2443 tet
410 2401 659 2449 distinguuntur
680 2414 691 2436 ι
728 2402 786 2435 ista
814 2412 892 2434 vero
915 2401 1044 2443 praefata
1069 2401 1212 2434 intentio

334 2458 380 2493 est
405 2457 499 2500 plane
523 2466 537 2488 r
558 2454 653 2487 aliter
689 2453 801 2486 eadem
822 2463 829 2483 :
869 2462 948 2494 ergo
979 2451 1213 2484 determinatio

334 2511 438 2544 activa
472 2507 504 2540 δε
540 2504 656 2548 paffiva
682 2504 716 2537 in
738 2502 846 2545 aliqua
870 2500 918 2534 sui
934 2501 1096 2535 essentiali
1126 2511 1213 2544 parte

334 2559 463 2594 realiter
485 2555 752 2599 distinguuntur,
783 2555 815 2585 in
840 2550 903 2585 alia
924 2551 1052 2585 realiter
1065 2549 1209 2584 identifi-

333 2620 475 2644 cantur:
503 2606 648 2648 adeoque
674 2604 924 2646 distinguuntur
948 2600 1073 2635 realiter
1100 2601 1211 2635 inadae.

333 2658 449 2704 quate.
478 2656 566 2691 Vide
577 2654 643 2687 dub.
675 2665 702 2690 1.
722 2653 795 2697 [σᾶ.
823 2664 851 2700 3.

574 2757 596 2789 S
622 2756 651 2789 E
681 2755 712 2789 C
737 2753 774 2787 T
799 2753 814 2786 1
841 2755 874 2788 Ο
924 2752 979 2787 11.

363 2860 545 2901 Explicatur
565 2854 669 2896 divcjfio
692 2855 952 2888 determlnatiams
977 2875 989 2893 ,
1020 2853 1055 2886 (9
1077 2857 1210 2886 natura'

667 2904 857 2938 alienationis
866 2927 874 2935 .

344 3022 390 3059 52
496 3010 553 3043 Ox
569 3000 821 3046 determinans,
848 3014 914 3036 vox
952 3001 1183 3036 determinata
1205 3027 1215 3043 ‚

519 3059 551 3092 ὅ(
572 3056 837 3094 determinatio,
857 3063 925 3087 tam
948 3048 1049 3087 activa
1073 3077 1084 3092 ,
1110 3064 1210 3095 quam

343 3111 460 3154 passiva
472 3108 616 3152 quinque
629 3106 750 3142 habent
763 3104 901 3148 speeies.
930 3102 1008 3136 Vox
1021 3102 1139 3147 quippe
1163 3105 1214 3137 de·

345 3161 524 3194 terminans
554 3158 714 3192 dividitur
738 3157 771 3190 in
795 3163 912 3189 vocem
946 3153 1211 3199 restringentem‚

345 3211 583 3253 ampliantem,
595 3209 854 3251 explanantem,
874 3204 1097 3244 alienantem,
1118 3216 1156 3238 ac
1167 3205 1211 3239 di·

346 3260 549 3294 minuentem
564 3283 572 3292 .
599 3257 758 3292 Similiter
781 3268 847 3290 vox
868 3254 1083 3288 determinata
1095 3253 1199 3288 dividi

347 3318 399 3340 tur
422 3310 455 3342 in
486 3311 601 3343 vocem
634 3307 832 3346 restrictam,
856 3315 973 3338 vocem
1001 3304 1214 3347 ampliatam,

344 3358 570 3400 explanatam,
593 3358 767 3392 alienatam
787 3381 798 3398 ‚
832 3367 870 3389 ac
891 3354 1111 3389 diminutam.
1133 3356 1213 3402 Item

345 3406 574 3441 determinatio
597 3410 697 3442 nitiva
721 3409 754 3442 &
775 3406 892 3451 paffiva
912 3404 1115 3440 dividiturin
1139 3404 1212 3440 asti-

345 3468 420 3494 vam
442 3456 477 3493 δε
505 3455 656 3502 passivam
671 3459 906 3493 restriistionem
918 3480 930 3499 a
949 3455 1212 3501 ampliationem,

675 93 1029 160 'Dispomn
1070 114 1238 161 xviii.
1277 116 1428 163 secr.
1471 117 1527 163 ιι.
1567 119 1705 164 θαι.
1744 120 1800 165 ιι.

1273 203 1543 247 explanationem
1575 227 1587 243 ‚
1618 203 1856 241 alienationem
1885 230 1896 249 ,
1933 207 1968 241 &
2003 205 2147 240 diminu-

1275 263 1401 288 tionem
1434 279 1442 288 .
1487 257 1629 298 Oportet
1669 254 1782 298 itaque
1821 255 1855 289 in
1894 257 2029 303 singulis
2062 255 2153 291 hisce

1273 303 1419 348 quinque
1449 304 1612 348 speciebus
1639 304 1840 349 distinguere
1876 306 1933 341 illa
1970 316 2109 352 quatuor
2140 330 2151 345 ,

1275 365 1347 397 quae
1370 353 1505 388 distinxi
1531 355 1565 388 in
1588 355 1868 389 determinatione
1894 356 1927 389 in
1949 368 2083 401 genere.
2106 357 2149 391 V.

1276 415 1308 448 g.
1335 404 1368 437 in
1390 405 1589 440 alienatione
1610 400 1811 450 distinguere
1835 416 1965 449 oportet
1991 403 2151 441 {ocenia-

1278 455 1482 494 limantem,
1503 465 1616 489 vocem
1643 455 1843 495 alienatam,
1869 454 2150 492 alienationema-

1276 505 1423 545 stivam,
1459 505 1492 538 &
1517 505 1752 541 alienationem
1788 479 1963 549 passivam.
2000 503 2147 540 Eodem-

1277 554 1341 596 que
1367 554 1471 587 modo
1496 554 1684 593 faciendum
1715 557 1762 591 est
1798 557 1841 591 de
1883 556 1958 591 aliis
1983 565 2151 601 quatuor.

1278 603 1408 638 Vocem
1434 604 1706 638 determinantem
1730 629 1742 646 ‚
1777 606 2018 654 alienantem,
2027 605 2154 639 restrin-

1278 665 1434 698 gentem;
1462 655 1526 689 &c.
1554 653 1620 689 hoc
1647 664 1811 698 tempore
1821 654 1940 702 magis'i
1933 654 2153 691 commuiter

1279 714 1397 738 vocant
1420 705 1639 747 particulam,
1665 705 1718 738 vel
1746 706 2153 741 terminumdei'erminan-

1277 764 1367 789 tem:
1394 754 1592 788 alienantem
1611 779 1621 795 ,
1647 755 1707 789 &c-
1737 754 1799 789 Sed
1827 766 1940 799 parum
1968 755 2014 791 est
2038 754 2080 790 de
2093 767 2155 790 no·

1279 805 1367 839 mine
1382 829 1392 845 ‚
1418 804 1603 839 dummodo
1627 805 1755 840 constet
1774 805 1816 840 de
1838 816 1888 841 re.
1914 807 1992 842 Hac
2012 806 2154 840 lenione

1277 855 1450 899 explicabo
1477 855 1713 890 alienationem
1730 869 1740 889 ,-
1766 855 1799 890 in
1829 856 1976 900 sequenti
2012 865 2154 900 quatuor

1277 907 1356 941 alias
1383 906 1501 949 species
1523 932 1530 939 .
1567 906 1663 940 Noto
1695 905 1751 941 hic
1783 917 1894 941 autem
1928 918 1998 942 uno
2030 905 2155 946 verbo,

1277 955 1364 1000 quod
1385 957 1511 999 antiqui
1539 954 1734 999 Philosophi
1756 968 1795 991 ac
1815 956 1990 1002 Theologi
2027 956 2155 991 aliena-

1276 1003 1416 1050 tionem
1431 1007 1580 1042 vocarint
1606 1005 1850 1041 distraeiionem
1878 1020 1887 1040 ι
1929 1018 2045 1043 vocem
2073 1016 2154 1040 vero

1275 1057 1476 1098 alienantem
1495 1066 1657 1092 vocarunt
1668 1054 2032 1098 distrahentemevocein
2041 1067 2153 1101 putem

1275 1108 1446 1141 alienatam
1474 1118 1633 1142 vocavere
1658 1116 1773 1140 vocem
1791 1105 1993 1148 distr-&erm
2006 1105 2072 1141 5112
2099 1117 2152 1149 pa-

1275 1168 1320 1191 tet
1341 1168 1382 1190 ex
1409 1157 1593 1191 Guilielmo
1618 1158 1746 1192 Occam
1773 1155 1806 1190 a'n
1831 1168 1859 1193 1.
1884 1152 2004 1195 disi„
2029 1169 2058 1199 q.
2073 1167 2104 1203 7.
2120 1155 2150 1198 §.

1273 1207 1297 1246 fi
1311 1207 1428 1240 dicatur
1450 1231 1459 1240 .
1482 1208 1609 1242 Verum
1631 1206 1696 1241 hoc
1719 1217 1868 1251 tempore
1884 1207 1977 1243 aliud
2000 1207 2045 1242 est
2079 1205 2154 1240 alie-

1276 1257 1393 1297 natio,
1419 1258 1509 1292 aliud
1537 1258 1581 1291 est
1612 1268 1676 1291 vox
1704 1258 1878 1298 alienans,
1903 1257 1994 1292 aliud
2024 1255 2152 1293 vuadi-

1275 1306 1434 1341 strahens:
1464 1309 1551 1342 aliud
1577 1308 1620 1341 est
1644 1318 1710 1342 vox
1734 1308 1896 1349 alienata,
1914 1306 2003 1342 aliud
2026 1317 2094 1340 vox
2104 1305 2153 1340 di.-

1277 1357 1408 1391 stracta:
1436 1358 1486 1392 uti
1504 1368 1595 1401 patet
1619 1368 1660 1391 ex
1684 1356 1752 1400 disp
1789 1369 1840 1404 17.
1862 1357 1936 1391 dub.
1958 1366 1989 1391 2.

1329 1420 1345 1455 5
1355 1419 1384 1455 3.
1398 1408 1452 1442 Est
1466 1419 1546 1452 ergo
1559 1418 1622 1447 vox
1634 1407 1779 1441 alienans
1791 1407 1947 1450 quedam,
1958 1417 2027 1450 quae
2037 1413 2156 1439 vocem

1283 1458 1520 1502 significatione
1532 1461 1583 1492 sua
1598 1458 1725 1501 propria
1752 1458 1902 1492 transfert
1927 1457 1968 1491 ad
1995 1455 2154 1500 significa-

1280 1509 1408 1542 tionem
1432 1509 1595 1547 alienam‚
1623 1519 1660 1540 ac
1690 1508 1784 1550 plane
1809 1508 1968 1541 diversam
2017 1505 2099 1540 Vox
2123 1515 2155 1537 a-

1282 1559 1400 1592 lienata
1436 1559 1479 1591 est
1510 1557 1564 1590 illa
1586 1582 1596 1598 ,
1639 1567 1707 1598 quae
1733 1567 1788 1601 pei·
1816 1569 1929 1591 vocem
1957 1556 2055 1590 aliam
2092 1554 2151 1588 fibi

1281 1606 1745 1651 adjunstamasignificatione
1773 1609 1827 1641 sua
1856 1607 1981 1650 propria
2009 1604 2156 1639 transfer-

1281 1668 1334 1691 tur
1361 1656 1400 1691 ad
1426 1657 1702 1702 significationem
1729 1656 1888 1691 alienam.
1919 1656 2091 1689 Alienatio
2106 1654 2154 1688 est

1282 1707 1378 1740 unius
1418 1708 1507 1741 vocis
1536 1719 1590 1750 per
1615 1706 1711 1740 aliam
1741 1717 1857 1740 vocem
1886 1707 1941 1739 sibi
1970 1705 2156 1749 adjunctam

1279 1758 1298 1791 a
1325 1757 1564 1801 significatione
1592 1758 1718 1800 proptia
1745 1757 1784 1790 ad
1813 1757 1954 1790 alienam
1979 1757 2058 1789 facia
2071 1765 2157 1788 tran·

1280 1807 1390 1841 slatio.
1426 1808 1531 1854 Qa,
1558 1818 1721 1851 quatenus
1748 1807 1778 1840 se
1804 1816 1894 1840 tenet
1920 1816 1960 1838 ex
1985 1816 2073 1848 parte
2099 1815 2147 1839 vo

1278 1857 1326 1891 cis
1340 1858 1514 1892 alienantis
1526 1868 1660 1892 vocatur
1672 1856 1830 1890 alienatio
1843 1857 1943 1890 aciiva
1955 1879 1965 1896 ,
1993 1854 2159 1898 quatenns

1280 1919 1356 1941 vero
1389 1910 1422 1942 se
1451 1917 1540 1942 tenet
1572 1920 1613 1941 ex
1647 1917 1736 1950 parte
1762 1909 1852 1940 vocis
1884 1905 2032 1939 alienatae
2052 1928 2063 1944 ,
2099 1914 2156 1937 vo-

1279 1965 1371 1990 catur
1394 1955 1552 1990 alienatio
1587 1956 1703 1998 paffiva
1726 1979 1733 1987 .
1772 1956 1859 1989 Sicut
1883 1956 2005 1998 quippe
2040 1952 2162 2001 injur

1279 2018 1314 2040 re
1340 2005 1385 2039 rei
1404 2007 1571 2040 translatio
1592 2005 1633 2039 ab
1661 2006 1757 2039 unius
1770 2004 1923 2039 dominio
1941 2004 1979 2038 in
2000 2003 2085 2039 alius
2097 2004 2159 2036 do-

1277 2104 1447 2138 translatio
1470 2108 1559 2137 vocis
1589 2106 1608 2137 a
1642 2105 1884 2146 significatione
1913 2104 2023 2145 unius
2045 2102 2091 2137 rei
2115 2100 2158 2136 ad.

1277 2153 1550 2198 significationem
1574 2152 1704 2186 alterius
1727 2176 1738 2192 ,
1779 2162 1913 2188 vocatur
1927 2146 2017 2189 vocis
2037 2153 2158 2185 aliena-

1277 2204 1343 2237 tio.
1371 2202 1469 2237 Verb.
1486 2214 1569 2246 grat.
1597 2213 1673 2234 cum
1700 2200 1776 2235 dico
1799 2225 1809 2241 ,
1839 2202 1985 2235 cadaver
2006 2198 2160 2242 ess-‘bomo

1274 2262 1427 2291 mortuus,
1454 2253 1505 2285 vel
1530 2252 1656 2284 PiHura
1676 2251 1712 2288 est
1735 2250 1816 2282 bomo
1829 2251 1931 2291 pillus
1946 2274 1956 2290 ,
1989 2252 2054 2285 &ox
2069 2250 2153 2285 bom

1282 2301 1327 2336 est
1361 2312 1425 2335 vox
1442 2301 1584 2334 alienata
1599 2313 1612 2341 ;
1640 2298 1736 2346 votces'
1765 2311 1839 2333 veto
1866 2308 1997 2333 mortuus
2019 2324 2031 2341 ,
2057 2300 2092 2333 &
2109 2304 2160 2342 pi-

1276 2351 1362 2392 aar,
1388 2352 1461 2385 sunt
1478 2360 1572 2385 voces
1599 2361 1714 2383 vocem
1730 2349 1812 2382 homo
1824 2349 2016 2389 alienantes.
2046 2349 2156 2387 Tran-

1276 2403 1401 2436 sferunt
1428 2401 1550 2444 quippe
1572 2411 1687 2443 vocem
1708 2400 1790 2432 homo
1812 2399 2083 2444 &significatione
2101 2401 2158 2434 sua

1277 2453 1404 2495 propria
1417 2476 1428 2492 ,
1450 2453 1484 2486 ἀ
1503 2451 1682 2496 originaria·
1706 2450 1745 2483 ad
1770 2451 2044 2493 significationem
2059 2449 2159 2492 plane

1276 2503 1456 2541 diversam,
1477 2503 1511 2544 ἀ
1541 2502 1682 2535 alienam
1696 2513 1707 2534 .·
1736 2501 1936 2533 transferunt
1958 2499 2046 2533 enim
2061 2498 2154 2533 illam

1277 2558 1293 2586 a
1313 2551 1554 2596 significatione
1575 2548 1720 2583 hominis
1741 2547 1781 2583 ad
1805 2548 2079 2593 significationem
2109 2548 2157 2591 pi-

1277 2604 1388 2639 aaran,
1413 2601 1463 2634 vel
1486 2599 1675 2641 cadaveris3
1701 2610 1771 2642 quae
1795 2599 1869 2635 sunt
1893 2599 2154 2643 significationes

1277 2650 1372 2696 plane
1391 2651 1550 2690 diversae,
1569 2662 1607 2683 ac
1628 2650 1815 2691 disparata,
1841 2649 1923 2684 ficut
1962 2649 2036 2682 sunt
2054 2648 2158 2693 figni-

1277 2703 1371 2736 ficata
1393 2700 1489 2746 piane
1509 2700 1635 2734 diversa
1661 2710 1699 2732 ac
1722 2699 1902 2742 disparata.

1327 2761 1382 2798 54.
1411 2750 1608 2790 Alienatio,
1630 2749 1711 2783 ficut
1738 2749 1771 2782 ἀ
1789 2748 2025 2786 determinatio
2049 2746 2083 2780 in
2100 2758 2158 2792 ge-

1278 2813 1376 2842 nere,
1401 2801 1447 2836 est
1481 2812 1554 2835 vera
1577 2798 1754 2843 suppositio
1779 2809 1786 2830 :
1811 2799 1911 2832 aCiiva
1943 2794 2076 2842 quidem
2109 2797 2156 2832 est

1277 2851 1455 2896 suppositio
1466 2851 1559 2889 vocis
1573 2849 1767 2890 alienantis;
1796 2848 1911 2891 paffiva
1924 2860 2003 2884 vero
2027 2847 2074 2881 est
2086 2847 2157 2890 sup-

1278 2902 1394 2947 positio
1419 2901 1511 2936 vocis
1521 2901 1691 2934 alienata:
1710 2896 1878 2940 nihilque
1869 2909 1902 2931 in
1918 2910 1952 2933 re
1963 2900 2038 2933 sunt
2050 2898 2153 2938 aliud

1277 2964 1374 2997 quam
1398 2952 1551 2996 prolatio
1574 2950 1665 2985 vocis
1685 2949 1883 2989 alienantis,
1903 2949 1938 2983 δε
1967 2946 2055 2982 vocis
2077 2949 2155 2981 alie·

1278 3014 1383 3043 natae‚
1403 3002 1495 3036 simul
1509 3012 1586 3036 cum
1603 2999 1788 3034 intentione
1815 3009 1914 3032 unam
1946 3008 2061 3032 vocem
2073 3006 2159 3030 tran·

1276 3052 1419 3090 sferendi
1442 3063 1496 3096 per
1519 3049 1623 3086 aliam
1645 3050 1664 3083 a
1683 3048 1923 3094 significatione
1943 3048 1998 3082 sua
2021 3046 2151 3090 propria

1276 3106 1316 3139 ad
1341 3103 1618 3148 significationem
1648 3100 1815 3134 alienam.
1850 3098 1926 3132 Sive
1949 3122 1961 3138 ,
1999 3096 2090 3140 quod
2117 3096 2156 3130 in

1277 3155 1364 3189 idern
1389 3153 1478 3188 cadit
1491 3175 1502 3192 ,
1523 3163 1598 3186 cum
1621 3149 1809 3184 intentione
1824 3159 1924 3182 unam
1940 3158 2054 3182 vocem
2067 3147 2157 3181 usur·

1277 3204 1376 3250 pandi
1401 3205 1435 3237 in
1458 3202 1698 3248 significatione
1716 3197 1812 3243 piane
1837 3197 1963 3233 diversa
1990 3222 2003 3239 ,
2023 3198 2057 3231 ὅ(
2080 3197 2155 3231 alie-

1278 3267 1318 3290 na
1343 3254 1361 3288 ὲ
1392 3256 1446 3288 sua
1467 3252 1704 3298 significatione
1728 3247 1937 3293 originaria.
1967 3247 2098 3282 Vocem
2122 3258 2156 3280 e-

1280 3306 1348 3339 nim
1374 3305 1415 3339 ad
1441 3303 1581 3338 alienam
1608 3299 1883 3347 significationem
1912 3299 2079 3333 transferre
2106 3296 2155 3330 ni-

1278 3353 1324 3388 hil
1345 3355 1390 3389 est
1403 3354 1493 3389 aliud
1504 3377 1515 3394 ,
1528 3363 1624 3398 quam
1640 3360 1755 3384 vocem
1766 3348 1799 3382 in
1813 3348 1920 3383 aliena
1947 3347 2156 3393 significatio·

1279 3416 1319 3439 ne
1334 3406 1506 3448 usurpate.
1535 3403 1598 3436 Hae
1612 3400 1683 3434 duae
1705 3399 1937 3434 alienationes
1944 3397 2157 3442 distinguun-

1278 3467 1331 3491 tur
1355 3456 1483 3492 realiter
1505 3450 1718 3499 inadaequate,
1720 3449 1798 3486 sicut
1822 3449 1887 3494 jam
1907 3447 2032 3484 dixide
2056 3447 2156 3481 deter-

2060 3497 2122 3533 mi.

1279 2056 1418 2090 minium
1447 2067 1585 2090 vocatur
1612 2056 1656 2090 rei
1685 2057 1866 2097 alienatio;
1892 2055 1933 2089 fic
1971 2056 2069 2096 etiam
2102 2053 2159 2087 hic
2210 2056 2218 2063 ‘
