<?xml version="1.0" encoding="UTF-8"?>
<!DOCTYPE html PUBLIC "-//W3C//DTD XHTML 1.0 Transitional//EN"
    "http://www.w3.org/TR/xhtml1/DTD/xhtml1-transitional.dtd">
<html xmlns="http://www.w3.org/1999/xhtml" xml:lang="en" lang="en">
 <head>
  <title>
</title>
<meta http-equiv="Content-Type" content="text/html;charset=utf-8" />
  <meta name='ocr-system' content='tesseract 3.04.00' />
  <meta name='ocr-capabilities' content='ocr_page ocr_carea ocr_par ocr_line ocrx_word'/>
</head>
<body>
  <div class='ocr_page' id='page_1' title='image "./operaomniastudio12lupuuoft/operaomniastudio12lupuuoft_0277.png"; bbox 0 0 2384 3770; ppageno 0'>
   <div class='ocr_carea' id='block_1_1' title="bbox 632 85 1666 155">
    <p class='ocr_par' dir='ltr' id='par_1_1' title="bbox 632 85 1666 155">
     <span class='ocr_line' id='line_1_1' title="bbox 632 85 1666 155; baseline -0.005 -20"><span class='ocrx_word' id='word_1_1' title='bbox 632 92 797 155; x_wconf 71' lang='lat' dir='ltr'>Qu&gt;</span> <span class='ocrx_word' id='word_1_2' title='bbox 834 88 928 134; x_wconf 76' lang='lat' dir='ltr'>Str</span> <span class='ocrx_word' id='word_1_3' title='bbox 964 86 1140 132; x_wconf 64' lang='lat' dir='ltr'>Pam.</span> <span class='ocrx_word' id='word_1_4' title='bbox 1179 85 1293 130; x_wconf 86' lang='lat' dir='ltr'>Ess.</span> <span class='ocrx_word' id='word_1_5' title='bbox 1333 86 1490 149; x_wconf 77' lang='lat' dir='ltr'>Qu&gt;</span> <span class='ocrx_word' id='word_1_6' title='bbox 1528 87 1666 130; x_wconf 76' lang='lat' dir='ltr'>Acc-</span> 
     </span>
    </p>
   </div>
   <div class='ocr_carea' id='block_1_2' title="bbox 245 170 1121 471">
    <p class='ocr_par' dir='ltr' id='par_1_2' title="bbox 245 170 1119 464">
     <span class='ocr_line' id='line_1_2' title="bbox 249 170 1118 219; baseline -0.012 -8"><span class='ocrx_word' id='word_1_7' title='bbox 249 177 311 211; x_wconf 84' lang='lat' dir='ltr'>Ista</span> <span class='ocrx_word' id='word_1_8' title='bbox 323 175 416 210; x_wconf 82' lang='lat' dir='ltr'>verba</span> <span class='ocrx_word' id='word_1_9' title='bbox 426 170 522 209; x_wconf 72' lang='lat' dir='ltr'>tertio</span> <span class='ocrx_word' id='word_1_10' title='bbox 535 171 683 216; x_wconf 86' lang='lat' dir='ltr'>adjacent</span> <span class='ocrx_word' id='word_1_11' title='bbox 698 186 705 205; x_wconf 96' lang='lat'><strong>:</strong></span> <span class='ocrx_word' id='word_1_12' title='bbox 732 173 822 219; x_wconf 85' lang='lat' dir='ltr'>Qia</span> <span class='ocrx_word' id='word_1_13' title='bbox 836 183 902 206; x_wconf 87' lang='lat' dir='ltr'>non</span> <span class='ocrx_word' id='word_1_14' title='bbox 918 172 991 205; x_wconf 89' lang='lat' dir='ltr'>sunt</span> <span class='ocrx_word' id='word_1_15' title='bbox 1004 179 1118 213; x_wconf 84' lang='lat' dir='ltr'>propo-</span> 
     </span>
     <span class='ocr_line' id='line_1_3' title="bbox 248 219 1119 268; baseline -0.009 -9"><span class='ocrx_word' id='word_1_16' title='bbox 248 225 379 260; x_wconf 84' lang='lat' dir='ltr'>fitionis</span> <span class='ocrx_word' id='word_1_17' title='bbox 389 223 615 268; x_wconf 62' lang='lat' dir='ltr'>predicatum</span> <span class='ocrx_word' id='word_1_18' title='bbox 643 222 697 258; x_wconf 89' lang='lat' dir='ltr'>sed</span> <span class='ocrx_word' id='word_1_19' title='bbox 718 221 928 257; x_wconf 73' lang='lat' dir='ltr'>solummodo</span> <span class='ocrx_word' id='word_1_20' title='bbox 938 219 1054 262; x_wconf 85' lang='lat' dir='ltr'>copula</span> <span class='ocrx_word' id='word_1_21' title='bbox 1069 229 1119 252; x_wconf 92' lang='lat' dir='ltr'>vo-</span> 
     </span>
     <span class='ocr_line' id='line_1_4' title="bbox 247 269 1118 318; baseline -0.009 -9"><span class='ocrx_word' id='word_1_22' title='bbox 247 276 326 310; x_wconf 89' lang='lat' dir='ltr'>calis</span> <span class='ocrx_word' id='word_1_23' title='bbox 348 274 475 318; x_wconf 75' lang='lat' dir='ltr'>subjeffl</span> <span class='ocrx_word' id='word_1_24' title='bbox 500 274 622 308; x_wconf 87' lang='lat' dir='ltr'>vocalis</span> <span class='ocrx_word' id='word_1_25' title='bbox 640 285 716 308; x_wconf 90' lang='lat' dir='ltr'>cum</span> <span class='ocrx_word' id='word_1_26' title='bbox 739 274 797 305; x_wconf 89' lang='lat' dir='ltr'>suo</span> <span class='ocrx_word' id='word_1_27' title='bbox 812 270 917 304; x_wconf 88' lang='lat' dir='ltr'>vocali</span> <span class='ocrx_word' id='word_1_28' title='bbox 930 269 1118 311; x_wconf 85' lang='lat' dir='ltr'>praedicato.</span> 
     </span>
     <span class='ocr_line' id='line_1_5' title="bbox 247 319 1117 375; baseline -0.01 -15"><span class='ocrx_word' id='word_1_29' title='bbox 247 326 300 360; x_wconf 80' lang='lat' dir='ltr'>Ex</span> <span class='ocrx_word' id='word_1_30' title='bbox 314 335 381 367; x_wconf 91' lang='lat' dir='ltr'>quo</span> <span class='ocrx_word' id='word_1_31' title='bbox 394 334 479 368; x_wconf 85' lang='lat' dir='ltr'>patet</span> <span class='ocrx_word' id='word_1_32' title='bbox 491 325 626 358; x_wconf 88' lang='lat' dir='ltr'>verbum</span> <span class='ocrx_word' id='word_1_33' title='bbox 641 322 803 358; x_wconf 84' lang='lat' dir='ltr'>interdum</span> <span class='ocrx_word' id='word_1_34' title='bbox 817 320 882 353; x_wconf 88' lang='lat' dir='ltr'>esse</span> <span class='ocrx_word' id='word_1_35' title='bbox 893 319 1057 375; x_wconf 80' lang='lat' dir='ltr'>copulam,</span> <span class='ocrx_word' id='word_1_36' title='bbox 1070 319 1117 351; x_wconf 89' lang='lat' dir='ltr'>in·</span> 
     </span>
     <span class='ocr_line' id='line_1_6' title="bbox 247 368 1121 417; baseline -0.007 -9"><span class='ocrx_word' id='word_1_37' title='bbox 247 375 375 408; x_wconf 86' lang='lat' dir='ltr'>terdum</span> <span class='ocrx_word' id='word_1_38' title='bbox 396 375 494 409; x_wconf 86' lang='lat' dir='ltr'>etiam</span> <span class='ocrx_word' id='word_1_39' title='bbox 517 374 733 417; x_wconf 77' lang='lat' dir='ltr'>praedicatum</span> <span class='ocrx_word' id='word_1_40' title='bbox 745 368 994 413; x_wconf 80' lang='lat' dir='ltr'>propositionis:</span> <span class='ocrx_word' id='word_1_41' title='bbox 1022 369 1121 402; x_wconf 84' lang='lat' dir='ltr'>inter·</span> 
     </span>
     <span class='ocr_line' id='line_1_7' title="bbox 245 419 1118 471; baseline -0.006 -13"><span class='ocrx_word' id='word_1_42' title='bbox 245 424 325 458; x_wconf 88' lang='lat' dir='ltr'>dum</span> <span class='ocrx_word' id='word_1_43' title='bbox 344 425 434 466; x_wconf 87' lang='lat' dir='ltr'>esse,</span> <span class='ocrx_word' id='word_1_44' title='bbox 460 423 623 459; x_wconf 81' lang='lat' dir='ltr'>interdum</span> <span class='ocrx_word' id='word_1_45' title='bbox 637 431 705 456; x_wconf 84' lang='lat' dir='ltr'>non</span> <span class='ocrx_word' id='word_1_46' title='bbox 727 420 794 454; x_wconf 86' lang='lat' dir='ltr'>esse</span> <span class='ocrx_word' id='word_1_47' title='bbox 807 419 1052 471; x_wconf 74' lang='lat' dir='ltr'>propositionis</span> <span class='ocrx_word' id='word_1_48' title='bbox 1052 429 1118 453; x_wconf 83' lang='lat' dir='ltr'>ter—</span> 
     </span>
    </p>
   </div>
   <div class='ocr_carea' id='block_1_3' title="bbox 245 475 1118 571">
    <p class='ocr_par' dir='ltr' id='par_1_3' title="bbox 245 475 1118 571">
     <span class='ocr_line' id='line_1_8' title="bbox 245 475 1118 571; baseline -0.008 -11"><span class='ocrx_word' id='word_1_49' title='bbox 245 475 392 571; x_wconf 52' lang='lat' dir='ltr'>miggm</span> <span class='ocrx_word' id='word_1_50' title='bbox 379 525 435 559; x_wconf 84' lang='lat' dir='ltr'>Est</span> <span class='ocrx_word' id='word_1_51' title='bbox 447 534 556 559; x_wconf 82' lang='lat' dir='ltr'>autem</span> <span class='ocrx_word' id='word_1_52' title='bbox 583 532 702 566; x_wconf 86' lang='lat' dir='ltr'>magna</span> <span class='ocrx_word' id='word_1_53' title='bbox 713 520 915 555; x_wconf 85' lang='lat' dir='ltr'>differentia&#39;</span> <span class='ocrx_word' id='word_1_54' title='bbox 906 529 989 555; x_wconf 84' lang='lat' dir='ltr'>inter</span> <span class='ocrx_word' id='word_1_55' title='bbox 1001 519 1118 565; x_wconf 84' lang='lat' dir='ltr'>signifi·</span> 
     </span>
    </p>
   </div>
   <div class='ocr_carea' id='block_1_4' title="bbox 244 571 1118 717">
    <p class='ocr_par' dir='ltr' id='par_1_4' title="bbox 244 571 1118 717">
     <span class='ocr_line' id='line_1_9' title="bbox 244 571 1118 617; baseline -0.007 -8"><span class='ocrx_word' id='word_1_56' title='bbox 244 585 353 609; x_wconf 87' lang='lat' dir='ltr'>catum</span> <span class='ocrx_word' id='word_1_57' title='bbox 375 573 536 616; x_wconf 80' lang='lat' dir='ltr'>verbisum</span> <span class='ocrx_word' id='word_1_58' title='bbox 547 571 690 608; x_wconf 63' lang='lat' dir='ltr'>secunde&gt;</span> <span class='ocrx_word' id='word_1_59' title='bbox 704 571 881 614; x_wconf 84' lang='lat' dir='ltr'>adjacentis</span> <span class='ocrx_word' id='word_1_60' title='bbox 896 596 906 612; x_wconf 88' lang='lat'>,</span> <span class='ocrx_word' id='word_1_61' title='bbox 918 571 952 605; x_wconf 75' lang='grc' dir='ltr'>δε</span> <span class='ocrx_word' id='word_1_62' title='bbox 963 571 1118 617; x_wconf 54' lang='grc' dir='ltr'><strong>ῦςηίἧσαρ</strong></span> 
     </span>
     <span class='ocr_line' id='line_1_10' title="bbox 244 619 1118 666; baseline -0.007 -8"><span class='ocrx_word' id='word_1_63' title='bbox 244 634 277 659; x_wconf 86' lang='lat' dir='ltr'>ta</span> <span class='ocrx_word' id='word_1_64' title='bbox 288 623 375 658; x_wconf 89' lang='lat' dir='ltr'>verbi</span> <span class='ocrx_word' id='word_1_65' title='bbox 384 622 452 665; x_wconf 82' lang='lat' dir='ltr'>sum</span> <span class='ocrx_word' id='word_1_66' title='bbox 462 623 560 656; x_wconf 74' lang='lat' dir='ltr'>tertio</span> <span class='ocrx_word' id='word_1_67' title='bbox 571 622 747 666; x_wconf 85' lang='lat' dir='ltr'>adjacentis</span> <span class='ocrx_word' id='word_1_68' title='bbox 759 647 766 654; x_wconf 93' lang='lat'><em>.</em></span> <span class='ocrx_word' id='word_1_69' title='bbox 795 621 942 657; x_wconf 87' lang='lat' dir='ltr'>Verbum</span> <span class='ocrx_word' id='word_1_70' title='bbox 953 622 1040 654; x_wconf 80' lang='lat' dir='ltr'>enim</span> <span class='ocrx_word' id='word_1_71' title='bbox 1050 619 1118 663; x_wconf 85' lang='lat' dir='ltr'>sum</span> 
     </span>
     <span class='ocr_line' id='line_1_11' title="bbox 244 670 1118 717; baseline -0.007 -8"><span class='ocrx_word' id='word_1_72' title='bbox 244 671 386 709; x_wconf 71' lang='lat' dir='ltr'>secundo</span> <span class='ocrx_word' id='word_1_73' title='bbox 406 672 554 715; x_wconf 84' lang='lat' dir='ltr'>adjacens</span> <span class='ocrx_word' id='word_1_74' title='bbox 582 674 623 708; x_wconf 89' lang='lat' dir='ltr'>de</span> <span class='ocrx_word' id='word_1_75' title='bbox 643 671 774 706; x_wconf 83' lang='lat' dir='ltr'>formali</span> <span class='ocrx_word' id='word_1_76' title='bbox 793 672 951 717; x_wconf 85' lang='lat' dir='ltr'>fignificat</span> <span class='ocrx_word' id='word_1_77' title='bbox 981 670 1118 704; x_wconf 83' lang='lat' dir='ltr'>existen-</span> 
     </span>
    </p>
   </div>
   <div class='ocr_carea' id='block_1_5' title="bbox 242 719 1119 766">
    <p class='ocr_par' dir='ltr' id='par_1_5' title="bbox 242 719 1119 766">
     <span class='ocr_line' id='line_1_12' title="bbox 242 719 1119 766; baseline -0.008 -7"><span class='ocrx_word' id='word_1_78' title='bbox 242 725 343 765; x_wconf 78' lang='lat' dir='ltr'>tiam;</span> <span class='ocrx_word' id='word_1_79' title='bbox 365 732 427 766; x_wconf 83' lang='lat' dir='ltr'>v.g.</span> <span class='ocrx_word' id='word_1_80' title='bbox 451 734 524 757; x_wconf 89' lang='lat' dir='ltr'>cum</span> <span class='ocrx_word' id='word_1_81' title='bbox 538 723 616 757; x_wconf 87' lang='lat' dir='ltr'>dico</span> <span class='ocrx_word' id='word_1_82' title='bbox 626 748 636 764; x_wconf 92' lang='lat'>,</span> <span class='ocrx_word' id='word_1_83' title='bbox 659 724 740 756; x_wconf 86' lang='lat' dir='ltr'>Deus</span> <span class='ocrx_word' id='word_1_84' title='bbox 750 721 788 761; x_wconf 82' lang='lat' dir='ltr'>est</span> <span class='ocrx_word' id='word_1_85' title='bbox 802 746 811 760; x_wconf 89' lang='lat'>,</span> <span class='ocrx_word' id='word_1_86' title='bbox 836 719 1028 760; x_wconf 75' lang='lat' dir='ltr'>Antichristus</span> <span class='ocrx_word' id='word_1_87' title='bbox 1041 727 1096 754; x_wconf 78' lang='lat' dir='ltr'>erit</span> <span class='ocrx_word' id='word_1_88' title='bbox 1108 742 1119 758; x_wconf 94' lang='lat'><strong>,</strong></span> 
     </span>
    </p>
   </div>
   <div class='ocr_carea' id='block_1_6' title="bbox 239 771 1116 867">
    <p class='ocr_par' dir='ltr' id='par_1_6' title="bbox 239 771 1116 867">
     <span class='ocr_line' id='line_1_13' title="bbox 243 771 1116 815; baseline -0.007 -7"><span class='ocrx_word' id='word_1_89' title='bbox 243 776 352 808; x_wconf 78' lang='lat' dir='ltr'>Petrus</span> <span class='ocrx_word' id='word_1_90' title='bbox 360 772 438 814; x_wconf 80' lang='lat' dir='ltr'>fuit,</span> <span class='ocrx_word' id='word_1_91' title='bbox 448 774 505 807; x_wconf 65' lang='lat' dir='ltr'>&amp;a</span> <span class='ocrx_word' id='word_1_92' title='bbox 521 772 567 807; x_wconf 89' lang='lat' dir='ltr'>ibi</span> <span class='ocrx_word' id='word_1_93' title='bbox 583 772 676 808; x_wconf 88' lang='lat' dir='ltr'>verba</span> <span class='ocrx_word' id='word_1_94' title='bbox 689 771 746 805; x_wconf 81' lang='lat' dir='ltr'>ista</span> <span class='ocrx_word' id='word_1_95' title='bbox 757 772 937 815; x_wconf 83' lang='lat' dir='ltr'>significant</span> <span class='ocrx_word' id='word_1_96' title='bbox 949 772 989 804; x_wconf 92' lang='lat' dir='ltr'>de</span> <span class='ocrx_word' id='word_1_97' title='bbox 1003 771 1116 804; x_wconf 83' lang='lat' dir='ltr'>forma-</span> 
     </span>
     <span class='ocr_line' id='line_1_14' title="bbox 239 819 1116 867; baseline -0.007 -9"><span class='ocrx_word' id='word_1_98' title='bbox 239 824 267 857; x_wconf 87' lang='lat' dir='ltr'>li</span> <span class='ocrx_word' id='word_1_99' title='bbox 279 823 498 864; x_wconf 78' lang='lat' dir='ltr'>existentiam,</span> <span class='ocrx_word' id='word_1_100' title='bbox 508 825 696 867; x_wconf 83' lang='lat' dir='ltr'>faciuntque</span> <span class='ocrx_word' id='word_1_101' title='bbox 708 820 796 854; x_wconf 87' lang='lat' dir='ltr'>hunc</span> <span class='ocrx_word' id='word_1_102' title='bbox 806 822 931 854; x_wconf 87' lang='lat' dir='ltr'>sensum</span> <span class='ocrx_word' id='word_1_103' title='bbox 944 833 951 853; x_wconf 89' lang='lat'>:</span> <span class='ocrx_word' id='word_1_104' title='bbox 969 821 1060 854; x_wconf 83' lang='lat' dir='ltr'>Deus</span> <span class='ocrx_word' id='word_1_105' title='bbox 1070 819 1116 853; x_wconf 88' lang='lat' dir='ltr'>est</span> 
     </span>
    </p>
   </div>
   <div class='ocr_carea' id='block_1_7' title="bbox 242 869 1119 913">
    <p class='ocr_par' dir='ltr' id='par_1_7' title="bbox 242 869 1119 913">
     <span class='ocr_line' id='line_1_15' title="bbox 242 869 1119 913; baseline -0.007 -5"><span class='ocrx_word' id='word_1_106' title='bbox 242 873 364 908; x_wconf 88' lang='lat' dir='ltr'>habens</span> <span class='ocrx_word' id='word_1_107' title='bbox 377 872 581 907; x_wconf 82' lang='lat' dir='ltr'>existentiam</span> <span class='ocrx_word' id='word_1_108' title='bbox 594 897 606 913; x_wconf 93' lang='lat'>‚</span> <span class='ocrx_word' id='word_1_109' title='bbox 618 869 840 906; x_wconf 82' lang='lat' dir='ltr'>Antichristus</span> <span class='ocrx_word' id='word_1_110' title='bbox 850 871 911 903; x_wconf 87' lang='lat' dir='ltr'>erit</span> <span class='ocrx_word' id='word_1_111' title='bbox 924 869 1119 909; x_wconf 88' lang='lat' dir='ltr'>babens‚Pe-</span> 
     </span>
    </p>
   </div>
   <div class='ocr_carea' id='block_1_8' title="bbox 230 919 1116 2306">
    <p class='ocr_par' dir='ltr' id='par_1_8' title="bbox 237 919 1116 1463">
     <span class='ocr_line' id='line_1_16' title="bbox 241 919 1115 961; baseline -0.007 -4"><span class='ocrx_word' id='word_1_112' title='bbox 241 933 308 957; x_wconf 88' lang='lat' dir='ltr'>trus</span> <span class='ocrx_word' id='word_1_113' title='bbox 322 923 382 956; x_wconf 87' lang='lat' dir='ltr'>fuit</span> <span class='ocrx_word' id='word_1_114' title='bbox 395 921 519 957; x_wconf 81' lang='lat' dir='ltr'>habens</span> <span class='ocrx_word' id='word_1_115' title='bbox 529 922 751 961; x_wconf 84' lang='lat' dir='ltr'>existentiam,</span> <span class='ocrx_word' id='word_1_116' title='bbox 764 920 825 953; x_wconf 68' lang='grc' dir='ltr'>ὅτε.</span> <span class='ocrx_word' id='word_1_117' title='bbox 838 920 886 952; x_wconf 84' lang='lat' dir='ltr'>At</span> <span class='ocrx_word' id='word_1_118' title='bbox 899 921 973 953; x_wconf 81' lang='lat' dir='ltr'>vero&#39;</span> <span class='ocrx_word' id='word_1_119' title='bbox 983 919 1115 952; x_wconf 88' lang='lat' dir='ltr'>verbum</span> 
     </span>
     <span class='ocr_line' id='line_1_17' title="bbox 238 969 1116 1017; baseline -0.005 -11"><span class='ocrx_word' id='word_1_120' title='bbox 238 971 307 1017; x_wconf 79' lang='lat' dir='ltr'>sum</span> <span class='ocrx_word' id='word_1_121' title='bbox 334 972 433 1006; x_wconf 76' lang='lat' dir='ltr'>tertio</span> <span class='ocrx_word' id='word_1_122' title='bbox 442 972 592 1015; x_wconf 84' lang='lat' dir='ltr'>adjacens</span> <span class='ocrx_word' id='word_1_123' title='bbox 602 972 642 1006; x_wconf 90' lang='lat' dir='ltr'>de</span> <span class='ocrx_word' id='word_1_124' title='bbox 653 970 783 1006; x_wconf 83' lang='lat' dir='ltr'>formali</span> <span class='ocrx_word' id='word_1_125' title='bbox 796 982 862 1004; x_wconf 89' lang='lat' dir='ltr'>non</span> <span class='ocrx_word' id='word_1_126' title='bbox 879 969 1037 1013; x_wconf 79' lang='lat' dir='ltr'>significat</span> <span class='ocrx_word' id='word_1_127' title='bbox 1048 970 1116 1003; x_wconf 85' lang='lat' dir='ltr'>exi-</span> 
     </span>
     <span class='ocr_line' id='line_1_18' title="bbox 241 1018 1115 1065; baseline -0.006 -9"><span class='ocrx_word' id='word_1_128' title='bbox 241 1022 418 1065; x_wconf 82' lang='lat' dir='ltr'>stentiam;</span> <span class='ocrx_word' id='word_1_129' title='bbox 436 1023 493 1057; x_wconf 82' lang='lat' dir='ltr'>sed</span> <span class='ocrx_word' id='word_1_130' title='bbox 504 1022 683 1065; x_wconf 79' lang='lat' dir='ltr'>simplicem</span> <span class='ocrx_word' id='word_1_131' title='bbox 695 1031 938 1056; x_wconf 81' lang='lat' dir='ltr'>connexlonem</span> <span class='ocrx_word' id='word_1_132' title='bbox 953 1018 1115 1063; x_wconf 84' lang='lat' dir='ltr'>praedicati</span> 
     </span>
     <span class='ocr_line' id='line_1_19' title="bbox 238 1048 1116 1117; baseline -0.005 -11"><span class='ocrx_word' id='word_1_133' title='bbox 238 1083 316 1107; x_wconf 86' lang='lat' dir='ltr'>cum</span> <span class='ocrx_word' id='word_1_134' title='bbox 328 1048 490 1115; x_wconf 64' lang='lat' dir='ltr'>subje’st03</span> <span class='ocrx_word' id='word_1_135' title='bbox 518 1084 549 1106; x_wconf 86' lang='lat' dir='ltr'>v.</span> <span class='ocrx_word' id='word_1_136' title='bbox 563 1083 594 1117; x_wconf 87' lang='lat' dir='ltr'>g.</span> <span class='ocrx_word' id='word_1_137' title='bbox 606 1082 681 1106; x_wconf 88' lang='lat' dir='ltr'>cum</span> <span class='ocrx_word' id='word_1_138' title='bbox 705 1071 804 1111; x_wconf 90' lang='lat' dir='ltr'>dico,</span> <span class='ocrx_word' id='word_1_139' title='bbox 831 1076 922 1105; x_wconf 87' lang='lat' dir='ltr'>Homo</span> <span class='ocrx_word' id='word_1_140' title='bbox 931 1069 968 1109; x_wconf 84' lang='lat' dir='ltr'>est</span> <span class='ocrx_word' id='word_1_141' title='bbox 977 1071 1116 1110; x_wconf 71' lang='lat' dir='ltr'>animal,</span> 
     </span>
     <span class='ocr_line' id='line_1_20' title="bbox 240 1119 1113 1165; baseline -0.003 -10"><span class='ocrx_word' id='word_1_142' title='bbox 240 1121 324 1155; x_wconf 74' lang='lat' dir='ltr'>bomo</span> <span class='ocrx_word' id='word_1_143' title='bbox 333 1121 371 1163; x_wconf 80' lang='lat' dir='ltr'>est</span> <span class='ocrx_word' id='word_1_144' title='bbox 381 1121 485 1165; x_wconf 50' lang='lat' dir='ltr'>albus,</span> <span class='ocrx_word' id='word_1_145' title='bbox 497 1121 578 1155; x_wconf 85' lang='lat' dir='ltr'>bomo</span> <span class='ocrx_word' id='word_1_146' title='bbox 586 1121 624 1163; x_wconf 81' lang='lat' dir='ltr'>est</span> <span class='ocrx_word' id='word_1_147' title='bbox 634 1120 765 1164; x_wconf 73' lang='lat' dir='ltr'>rifibi&#39;lis,</span> <span class='ocrx_word' id='word_1_148' title='bbox 778 1123 836 1155; x_wconf 68' lang='grc' dir='ltr'>(σε.</span> <span class='ocrx_word' id='word_1_149' title='bbox 852 1119 981 1154; x_wconf 85' lang='lat' dir='ltr'>verbum</span> <span class='ocrx_word' id='word_1_150' title='bbox 994 1121 1033 1160; x_wconf 74' lang='lat' dir='ltr'>est</span> <span class='ocrx_word' id='word_1_151' title='bbox 1046 1131 1113 1153; x_wconf 90' lang='lat' dir='ltr'>non</span> 
     </span>
     <span class='ocr_line' id='line_1_21' title="bbox 240 1169 1115 1216; baseline -0.003 -11"><span class='ocrx_word' id='word_1_152' title='bbox 240 1171 397 1216; x_wconf 81' lang='lat' dir='ltr'>significat</span> <span class='ocrx_word' id='word_1_153' title='bbox 408 1171 448 1206; x_wconf 90' lang='lat' dir='ltr'>de</span> <span class='ocrx_word' id='word_1_154' title='bbox 497 1173 588 1206; x_wconf 85' lang='lat' dir='ltr'>rmali</span> <span class='ocrx_word' id='word_1_155' title='bbox 600 1171 805 1207; x_wconf 85' lang='lat' dir='ltr'>existentiam</span> <span class='ocrx_word' id='word_1_156' title='bbox 809 1182 929 1213; x_wconf 88' lang='lat' dir='ltr'>‚neque</span> <span class='ocrx_word' id='word_1_157' title='bbox 941 1171 1019 1204; x_wconf 89' lang='lat' dir='ltr'>facit</span> <span class='ocrx_word' id='word_1_158' title='bbox 1028 1169 1115 1203; x_wconf 91' lang='lat' dir='ltr'>hunc</span> 
     </span>
     <span class='ocr_line' id='line_1_22' title="bbox 238 1220 1114 1262; baseline -0.002 -7"><span class='ocrx_word' id='word_1_159' title='bbox 238 1223 379 1262; x_wconf 79' lang='lat' dir='ltr'>sensum,</span> <span class='ocrx_word' id='word_1_160' title='bbox 393 1221 451 1256; x_wconf 90' lang='lat' dir='ltr'>Ho</span> <span class='ocrx_word' id='word_1_161' title='bbox 489 1234 511 1255; x_wconf 92' lang='lat' dir='ltr'>o</span> <span class='ocrx_word' id='word_1_162' title='bbox 520 1222 565 1256; x_wconf 88' lang='lat' dir='ltr'>est</span> <span class='ocrx_word' id='word_1_163' title='bbox 579 1222 721 1257; x_wconf 82' lang='lat' dir='ltr'>existens</span> <span class='ocrx_word' id='word_1_164' title='bbox 729 1221 865 1260; x_wconf 85' lang='lat' dir='ltr'>animal,</span> <span class='ocrx_word' id='word_1_165' title='bbox 877 1220 980 1255; x_wconf 86' lang='lat' dir='ltr'>homo</span> <span class='ocrx_word' id='word_1_166' title='bbox 993 1220 1037 1254; x_wconf 92' lang='lat' dir='ltr'>est</span> <span class='ocrx_word' id='word_1_167' title='bbox 1049 1221 1114 1254; x_wconf 83' lang='lat' dir='ltr'>exi-</span> 
     </span>
     <span class='ocr_line' id='line_1_23' title="bbox 238 1269 1114 1316; baseline -0.002 -11"><span class='ocrx_word' id='word_1_168' title='bbox 238 1271 324 1305; x_wconf 85' lang='lat' dir='ltr'>stens</span> <span class='ocrx_word' id='word_1_169' title='bbox 336 1271 427 1304; x_wconf 88' lang='lat' dir='ltr'>albus</span> <span class='ocrx_word' id='word_1_170' title='bbox 437 1283 452 1312; x_wconf 91' lang='lat'><em>;</em></span> <span class='ocrx_word' id='word_1_171' title='bbox 475 1271 528 1305; x_wconf 86' lang='lat' dir='ltr'>sed</span> <span class='ocrx_word' id='word_1_172' title='bbox 540 1273 700 1316; x_wconf 85' lang='lat' dir='ltr'>fignificat</span> <span class='ocrx_word' id='word_1_173' title='bbox 711 1272 811 1305; x_wconf 85' lang='lat' dir='ltr'>solam</span> <span class='ocrx_word' id='word_1_174' title='bbox 824 1270 1069 1305; x_wconf 85' lang='lat' dir='ltr'>connexionem</span> <span class='ocrx_word' id='word_1_175' title='bbox 1081 1269 1114 1303; x_wconf 74' lang='grc' dir='ltr'>ἀ</span> 
     </span>
     <span class='ocr_line' id='line_1_24' title="bbox 241 1318 1115 1365; baseline -0.005 -10"><span class='ocrx_word' id='word_1_176' title='bbox 241 1321 401 1355; x_wconf 83' lang='lat' dir='ltr'>unionem</span> <span class='ocrx_word' id='word_1_177' title='bbox 413 1321 576 1363; x_wconf 75' lang='lat' dir='ltr'>praedicati</span> <span class='ocrx_word' id='word_1_178' title='bbox 599 1333 675 1356; x_wconf 89' lang='lat' dir='ltr'>cum</span> <span class='ocrx_word' id='word_1_179' title='bbox 690 1321 851 1365; x_wconf 67' lang='lat' dir='ltr'>subjecto,</span> <span class='ocrx_word' id='word_1_180' title='bbox 874 1322 1016 1364; x_wconf 78' lang='lat' dir='ltr'>facitque</span> <span class='ocrx_word' id='word_1_181' title='bbox 1028 1318 1115 1352; x_wconf 90' lang='lat' dir='ltr'>hunc</span> 
     </span>
     <span class='ocr_line' id='line_1_25' title="bbox 237 1369 1116 1414; baseline -0.002 -10"><span class='ocrx_word' id='word_1_182' title='bbox 237 1371 384 1405; x_wconf 84' lang='lat' dir='ltr'>sensum:</span> <span class='ocrx_word' id='word_1_183' title='bbox 413 1371 531 1405; x_wconf 86' lang='lat' dir='ltr'>Homo</span> <span class='ocrx_word' id='word_1_184' title='bbox 550 1372 596 1406; x_wconf 88' lang='lat' dir='ltr'>est</span> <span class='ocrx_word' id='word_1_185' title='bbox 622 1371 746 1406; x_wconf 83' lang='lat' dir='ltr'>habens</span> <span class='ocrx_word' id='word_1_186' title='bbox 765 1371 821 1405; x_wconf 84' lang='lat' dir='ltr'>fibi</span> <span class='ocrx_word' id='word_1_187' title='bbox 834 1371 1039 1414; x_wconf 60' lang='lat' dir='ltr'>conjunctam</span> <span class='ocrx_word' id='word_1_188' title='bbox 1050 1369 1116 1404; x_wconf 89' lang='lat' dir='ltr'>ani—</span> 
     </span>
     <span class='ocr_line' id='line_1_26' title="bbox 237 1420 1027 1463; baseline -0.004 -7"><span class='ocrx_word' id='word_1_189' title='bbox 237 1420 420 1456; x_wconf 80' lang='lat' dir='ltr'>malitatem</span> <span class='ocrx_word' id='word_1_190' title='bbox 431 1445 442 1461; x_wconf 92' lang='lat'>,</span> <span class='ocrx_word' id='word_1_191' title='bbox 470 1421 654 1456; x_wconf 80' lang='lat' dir='ltr'>albedinem</span> <span class='ocrx_word' id='word_1_192' title='bbox 668 1447 679 1463; x_wconf 94' lang='lat'>‚</span> <span class='ocrx_word' id='word_1_193' title='bbox 705 1421 918 1456; x_wconf 86' lang='lat' dir='ltr'>risibilitatem</span> <span class='ocrx_word' id='word_1_194' title='bbox 932 1446 943 1460; x_wconf 90' lang='lat'><em>‚</em></span> <span class='ocrx_word' id='word_1_195' title='bbox 968 1422 1027 1455; x_wconf 66' lang='grc' dir='ltr'>διο.</span> 
     </span>
    </p>

    <p class='ocr_par' dir='ltr' id='par_1_9' title="bbox 230 1469 1115 2306">
     <span class='ocr_line' id='line_1_27' title="bbox 294 1469 1115 1516; baseline 0 -14"><span class='ocrx_word' id='word_1_196' title='bbox 294 1482 314 1516; x_wconf 80' lang='lat'>5</span> <span class='ocrx_word' id='word_1_197' title='bbox 323 1482 349 1506; x_wconf 88' lang='lat'>1-</span> <span class='ocrx_word' id='word_1_198' title='bbox 377 1472 467 1504; x_wconf 83' lang='lat' dir='ltr'><em>Ratio</em></span> <span class='ocrx_word' id='word_1_199' title='bbox 486 1478 598 1513; x_wconf 72' lang='lat' dir='ltr'>primae</span> <span class='ocrx_word' id='word_1_200' title='bbox 606 1477 708 1513; x_wconf 79' lang='lat' dir='ltr'>partis</span> <span class='ocrx_word' id='word_1_201' title='bbox 720 1470 758 1510; x_wconf 79' lang='lat' dir='ltr'>est</span> <span class='ocrx_word' id='word_1_202' title='bbox 770 1471 850 1504; x_wconf 87' lang='lat' dir='ltr'>baec:</span> <span class='ocrx_word' id='word_1_203' title='bbox 880 1470 969 1515; x_wconf 80' lang='lat' dir='ltr'>Qia</span> <span class='ocrx_word' id='word_1_204' title='bbox 983 1469 1115 1503; x_wconf 87' lang='lat' dir='ltr'>verbum</span> 
     </span>
     <span class='ocr_line' id='line_1_28' title="bbox 232 1516 1114 1564; baseline 0.002 -13"><span class='ocrx_word' id='word_1_205' title='bbox 232 1516 301 1562; x_wconf 74' lang='lat' dir='ltr'>¹sum</span> <span class='ocrx_word' id='word_1_206' title='bbox 308 1520 453 1557; x_wconf 74' lang='lat' dir='ltr'>seeundo</span> <span class='ocrx_word' id='word_1_207' title='bbox 462 1519 613 1564; x_wconf 81' lang='lat' dir='ltr'>adjacens</span> <span class='ocrx_word' id='word_1_208' title='bbox 624 1521 669 1554; x_wconf 85' lang='lat' dir='ltr'>est</span> <span class='ocrx_word' id='word_1_209' title='bbox 685 1519 883 1563; x_wconf 72' lang='lat' dir='ltr'>predicatum</span> <span class='ocrx_word' id='word_1_210' title='bbox 895 1519 1114 1553; x_wconf 69' lang='lat' dir='ltr'>vocalemdeo-</span> 
     </span>
     <span class='ocr_line' id='line_1_29' title="bbox 237 1569 1115 1614; baseline -0.001 -11"><span class='ocrx_word' id='word_1_211' title='bbox 237 1580 301 1613; x_wconf 86' lang='lat' dir='ltr'>que</span> <span class='ocrx_word' id='word_1_212' title='bbox 309 1569 355 1603; x_wconf 87' lang='lat' dir='ltr'>est</span> <span class='ocrx_word' id='word_1_213' title='bbox 368 1581 434 1604; x_wconf 82' lang='lat' dir='ltr'>vox</span> <span class='ocrx_word' id='word_1_214' title='bbox 444 1570 632 1614; x_wconf 83' lang='lat' dir='ltr'>significans</span> <span class='ocrx_word' id='word_1_215' title='bbox 646 1580 712 1604; x_wconf 86' lang='lat' dir='ltr'>rem</span> <span class='ocrx_word' id='word_1_216' title='bbox 720 1569 762 1603; x_wconf 90' lang='lat' dir='ltr'>de</span> <span class='ocrx_word' id='word_1_217' title='bbox 775 1570 837 1603; x_wconf 88' lang='lat' dir='ltr'>alia</span> <span class='ocrx_word' id='word_1_218' title='bbox 852 1580 884 1603; x_wconf 92' lang='lat' dir='ltr'>re</span> <span class='ocrx_word' id='word_1_219' title='bbox 895 1570 1089 1603; x_wconf 82' lang='lat' dir='ltr'>affirmatam</span> <span class='ocrx_word' id='word_1_220' title='bbox 1105 1594 1115 1610; x_wconf 92' lang='lat'>‚</span> 
     </span>
     <span class='ocr_line' id='line_1_30' title="bbox 236 1619 1114 1664; baseline 0 -11"><span class='ocrx_word' id='word_1_221' title='bbox 236 1619 288 1653; x_wconf 88' lang='lat' dir='ltr'>vel</span> <span class='ocrx_word' id='word_1_222' title='bbox 302 1629 451 1664; x_wconf 81' lang='lat' dir='ltr'>negatam</span> <span class='ocrx_word' id='word_1_223' title='bbox 464 1634 475 1653; x_wconf 91' lang='grc'>.·</span> <span class='ocrx_word' id='word_1_224' title='bbox 486 1621 520 1654; x_wconf 88' lang='lat'>&amp;</span> <span class='ocrx_word' id='word_1_225' title='bbox 534 1631 587 1663; x_wconf 88' lang='lat' dir='ltr'>per</span> <span class='ocrx_word' id='word_1_226' title='bbox 606 1622 806 1662; x_wconf 85' lang='lat' dir='ltr'>consequens</span> <span class='ocrx_word' id='word_1_227' title='bbox 822 1619 1038 1663; x_wconf 80' lang='lat' dir='ltr'>fignificaium</span> <span class='ocrx_word' id='word_1_228' title='bbox 1051 1621 1114 1654; x_wconf 90' lang='lat' dir='ltr'>for-</span> 
     </span>
     <span class='ocr_line' id='line_1_31' title="bbox 236 1667 1114 1713; baseline -0.002 -9"><span class='ocrx_word' id='word_1_229' title='bbox 236 1670 323 1705; x_wconf 84' lang='lat' dir='ltr'>male</span> <span class='ocrx_word' id='word_1_230' title='bbox 335 1670 403 1711; x_wconf 71' lang='lat' dir='ltr'>eJus</span> <span class='ocrx_word' id='word_1_231' title='bbox 417 1669 462 1703; x_wconf 88' lang='lat' dir='ltr'>est</span> <span class='ocrx_word' id='word_1_232' title='bbox 477 1669 534 1704; x_wconf 88' lang='lat' dir='ltr'>illa</span> <span class='ocrx_word' id='word_1_233' title='bbox 547 1671 652 1704; x_wconf 85' lang='lat' dir='ltr'>forma</span> <span class='ocrx_word' id='word_1_234' title='bbox 665 1695 676 1710; x_wconf 93' lang='lat'><strong><em>,</em></strong></span> <span class='ocrx_word' id='word_1_235' title='bbox 698 1681 768 1713; x_wconf 81' lang='lat' dir='ltr'>quae</span> <span class='ocrx_word' id='word_1_236' title='bbox 776 1667 816 1703; x_wconf 89' lang='lat' dir='ltr'>de</span> <span class='ocrx_word' id='word_1_237' title='bbox 828 1669 968 1712; x_wconf 67' lang='lat' dir='ltr'>subjesto</span> <span class='ocrx_word' id='word_1_238' title='bbox 979 1669 1114 1702; x_wconf 86' lang='lat' dir='ltr'>affirma·</span> 
     </span>
     <span class='ocr_line' id='line_1_32' title="bbox 235 1720 1113 1764; baseline -0.001 -11"><span class='ocrx_word' id='word_1_239' title='bbox 235 1728 314 1759; x_wconf 87' lang='lat' dir='ltr'>tur,</span> <span class='ocrx_word' id='word_1_240' title='bbox 325 1720 375 1754; x_wconf 91' lang='lat' dir='ltr'>vel</span> <span class='ocrx_word' id='word_1_241' title='bbox 390 1729 549 1764; x_wconf 86' lang='lat' dir='ltr'>negatur.</span> <span class='ocrx_word' id='word_1_242' title='bbox 563 1721 667 1764; x_wconf 80' lang='lat' dir='ltr'>Atqui</span> <span class='ocrx_word' id='word_1_243' title='bbox 683 1721 812 1758; x_wconf 79' lang='lat' dir='ltr'>forma,</span> <span class='ocrx_word' id='word_1_244' title='bbox 826 1730 897 1762; x_wconf 88' lang='lat' dir='ltr'>quae</span> <span class='ocrx_word' id='word_1_245' title='bbox 909 1730 964 1762; x_wconf 90' lang='lat' dir='ltr'>per</span> <span class='ocrx_word' id='word_1_246' title='bbox 977 1720 1113 1762; x_wconf 86' lang='lat' dir='ltr'>proposi-</span> 
     </span>
     <span class='ocr_line' id='line_1_33' title="bbox 234 1768 1115 1816; baseline -0.002 -13"><span class='ocrx_word' id='word_1_247' title='bbox 234 1768 362 1803; x_wconf 83' lang='lat' dir='ltr'>tionem</span> <span class='ocrx_word' id='word_1_248' title='bbox 377 1769 417 1802; x_wconf 89' lang='lat' dir='ltr'>de</span> <span class='ocrx_word' id='word_1_249' title='bbox 428 1769 464 1808; x_wconf 85' lang='lat' dir='ltr'>est</span> <span class='ocrx_word' id='word_1_250' title='bbox 474 1768 615 1803; x_wconf 73' lang='lat' dir='ltr'>secundo</span> <span class='ocrx_word' id='word_1_251' title='bbox 641 1770 809 1816; x_wconf 81' lang='lat' dir='ltr'>adjacente</span> <span class='ocrx_word' id='word_1_252' title='bbox 831 1769 872 1803; x_wconf 90' lang='lat' dir='ltr'>de</span> <span class='ocrx_word' id='word_1_253' title='bbox 883 1768 1021 1812; x_wconf 67' lang='lat' dir='ltr'>subjeflo</span> <span class='ocrx_word' id='word_1_254' title='bbox 1034 1770 1115 1802; x_wconf 85' lang='lat' dir='ltr'>affir-</span> 
     </span>
     <span class='ocr_line' id='line_1_34' title="bbox 232 1818 1111 1863; baseline 0 -11"><span class='ocrx_word' id='word_1_255' title='bbox 232 1827 351 1859; x_wconf 87' lang='lat' dir='ltr'>matur,</span> <span class='ocrx_word' id='word_1_256' title='bbox 364 1818 414 1852; x_wconf 87' lang='lat' dir='ltr'>vel</span> <span class='ocrx_word' id='word_1_257' title='bbox 427 1829 575 1863; x_wconf 90' lang='lat' dir='ltr'>negatur,</span> <span class='ocrx_word' id='word_1_258' title='bbox 587 1818 632 1852; x_wconf 84' lang='lat' dir='ltr'>est</span> <span class='ocrx_word' id='word_1_259' title='bbox 644 1819 826 1853; x_wconf 82' lang='lat' dir='ltr'>existentia.</span> <span class='ocrx_word' id='word_1_260' title='bbox 842 1829 877 1852; x_wconf 90' lang='lat' dir='ltr'>ut</span> <span class='ocrx_word' id='word_1_261' title='bbox 886 1819 980 1852; x_wconf 87' lang='lat' dir='ltr'>omni</span> <span class='ocrx_word' id='word_1_262' title='bbox 997 1818 1111 1852; x_wconf 88' lang='lat' dir='ltr'>Gram-</span> 
     </span>
     <span class='ocr_line' id='line_1_35' title="bbox 232 1866 1112 1913; baseline -0.001 -11"><span class='ocrx_word' id='word_1_263' title='bbox 232 1868 356 1903; x_wconf 86' lang='lat' dir='ltr'>matico</span> <span class='ocrx_word' id='word_1_264' title='bbox 368 1879 485 1902; x_wconf 88' lang='lat' dir='ltr'>notum</span> <span class='ocrx_word' id='word_1_265' title='bbox 497 1869 561 1902; x_wconf 87' lang='lat' dir='ltr'>est</span> <span class='ocrx_word' id='word_1_266' title='bbox 581 1869 671 1913; x_wconf 85' lang='lat' dir='ltr'>Ergo</span> <span class='ocrx_word' id='word_1_267' title='bbox 684 1869 816 1903; x_wconf 85' lang='lat' dir='ltr'>verbum</span> <span class='ocrx_word' id='word_1_268' title='bbox 825 1866 893 1911; x_wconf 80' lang='lat' dir='ltr'>sum</span> <span class='ocrx_word' id='word_1_269' title='bbox 904 1867 1047 1902; x_wconf 76' lang='lat' dir='ltr'>secundo</span> <span class='ocrx_word' id='word_1_270' title='bbox 1060 1869 1112 1902; x_wconf 87' lang='lat' dir='ltr'>ad-</span> 
     </span>
     <span class='ocr_line' id='line_1_36' title="bbox 233 1917 1111 1961; baseline 0 -11"><span class='ocrx_word' id='word_1_271' title='bbox 233 1917 340 1960; x_wconf 74' lang='lat' dir='ltr'>jacens</span> <span class='ocrx_word' id='word_1_272' title='bbox 360 1918 482 1959; x_wconf 83' lang='lat' dir='ltr'>semper</span> <span class='ocrx_word' id='word_1_273' title='bbox 503 1919 661 1961; x_wconf 86' lang='lat' dir='ltr'>fignificat</span> <span class='ocrx_word' id='word_1_274' title='bbox 685 1919 725 1952; x_wconf 89' lang='lat' dir='ltr'>de</span> <span class='ocrx_word' id='word_1_275' title='bbox 736 1918 866 1951; x_wconf 83' lang='lat' dir='ltr'>formali</span> <span class='ocrx_word' id='word_1_276' title='bbox 881 1919 1111 1951; x_wconf 84' lang='lat' dir='ltr'>existentiam.</span> 
     </span>
     <span class='ocr_line' id='line_1_37' title="bbox 234 1965 1111 2012; baseline 0.001 -13"><span class='ocrx_word' id='word_1_277' title='bbox 234 1970 325 1999; x_wconf 80' lang='lat' dir='ltr'><em>Ratio</em></span> <span class='ocrx_word' id='word_1_278' title='bbox 346 1968 417 1999; x_wconf 67' lang='lat' dir='ltr'>verb</span> <span class='ocrx_word' id='word_1_279' title='bbox 430 1965 568 2009; x_wconf 66' lang='lat' dir='ltr'>secundae</span> <span class='ocrx_word' id='word_1_280' title='bbox 587 1972 689 2008; x_wconf 72' lang='lat' dir='ltr'>partis</span> <span class='ocrx_word' id='word_1_281' title='bbox 711 1967 750 2007; x_wconf 79' lang='lat' dir='ltr'>est</span> <span class='ocrx_word' id='word_1_282' title='bbox 763 1966 846 1999; x_wconf 79' lang='lat' dir='ltr'>haec·</span> <span class='ocrx_word' id='word_1_283' title='bbox 839 1990 846 1997; x_wconf 92' lang='lat'><strong>.</strong></span> <span class='ocrx_word' id='word_1_284' title='bbox 874 1966 963 2012; x_wconf 80' lang='lat' dir='ltr'>Qia</span> <span class='ocrx_word' id='word_1_285' title='bbox 976 1966 1111 2000; x_wconf 87' lang='lat' dir='ltr'>verbum</span> 
     </span>
     <span class='ocr_line' id='line_1_38' title="bbox 230 2014 1110 2060; baseline 0.001 -12"><span class='ocrx_word' id='word_1_286' title='bbox 230 2014 298 2059; x_wconf 77' lang='lat' dir='ltr'>sum</span> <span class='ocrx_word' id='word_1_287' title='bbox 319 2015 416 2049; x_wconf 81' lang='lat' dir='ltr'>tertio</span> <span class='ocrx_word' id='word_1_288' title='bbox 427 2015 576 2059; x_wconf 81' lang='lat' dir='ltr'>adjacens</span> <span class='ocrx_word' id='word_1_289' title='bbox 590 2014 655 2050; x_wconf 82' lang='lat' dir='ltr'>non</span> <span class='ocrx_word' id='word_1_290' title='bbox 669 2017 713 2050; x_wconf 85' lang='lat' dir='ltr'>est</span> <span class='ocrx_word' id='word_1_291' title='bbox 727 2015 953 2060; x_wconf 74' lang='lat' dir='ltr'>propositionis</span> <span class='ocrx_word' id='word_1_292' title='bbox 966 2014 1110 2058; x_wconf 80' lang='lat' dir='ltr'>praedica-</span> 
     </span>
     <span class='ocr_line' id='line_1_39' title="bbox 233 2064 1110 2108; baseline -0.002 -8"><span class='ocrx_word' id='word_1_293' title='bbox 233 2076 324 2106; x_wconf 86' lang='lat' dir='ltr'>tum;</span> <span class='ocrx_word' id='word_1_294' title='bbox 354 2064 404 2099; x_wconf 87' lang='lat' dir='ltr'>sed</span> <span class='ocrx_word' id='word_1_295' title='bbox 416 2066 481 2099; x_wconf 86' lang='lat' dir='ltr'>sola</span> <span class='ocrx_word' id='word_1_296' title='bbox 493 2065 652 2108; x_wconf 80' lang='lat' dir='ltr'>praedicati</span> <span class='ocrx_word' id='word_1_297' title='bbox 664 2067 784 2108; x_wconf 87' lang='lat' dir='ltr'>copula</span> <span class='ocrx_word' id='word_1_298' title='bbox 799 2078 806 2098; x_wconf 90' lang='lat'><strong>:</strong></span> <span class='ocrx_word' id='word_1_299' title='bbox 833 2064 981 2108; x_wconf 85' lang='lat' dir='ltr'>adeoque</span> <span class='ocrx_word' id='word_1_300' title='bbox 994 2066 1035 2098; x_wconf 90' lang='lat' dir='ltr'>de</span> <span class='ocrx_word' id='word_1_301' title='bbox 1050 2065 1110 2099; x_wconf 89' lang='lat' dir='ltr'>for-</span> 
     </span>
     <span class='ocr_line' id='line_1_40' title="bbox 230 2113 1110 2157; baseline -0.002 -9"><span class='ocrx_word' id='word_1_302' title='bbox 230 2115 309 2149; x_wconf 83' lang='lat' dir='ltr'>mali</span> <span class='ocrx_word' id='word_1_303' title='bbox 324 2125 394 2147; x_wconf 88' lang='lat' dir='ltr'>non</span> <span class='ocrx_word' id='word_1_304' title='bbox 405 2113 500 2147; x_wconf 88' lang='lat' dir='ltr'>debet</span> <span class='ocrx_word' id='word_1_305' title='bbox 510 2115 689 2157; x_wconf 79' lang='lat' dir='ltr'>significare</span> <span class='ocrx_word' id='word_1_306' title='bbox 700 2115 840 2146; x_wconf 85' lang='lat' dir='ltr'>formam</span> <span class='ocrx_word' id='word_1_307' title='bbox 855 2136 866 2151; x_wconf 92' lang='lat'><strong>,</strong></span> <span class='ocrx_word' id='word_1_308' title='bbox 877 2124 947 2152; x_wconf 79' lang='lat' dir='ltr'>quae</span> <span class='ocrx_word' id='word_1_309' title='bbox 957 2114 998 2145; x_wconf 87' lang='lat' dir='ltr'>de</span> <span class='ocrx_word' id='word_1_310' title='bbox 1011 2114 1043 2146; x_wconf 88' lang='lat' dir='ltr'>su</span> <span class='ocrx_word' id='word_1_311' title='bbox 1049 2114 1110 2153; x_wconf 85' lang='lat' dir='ltr'>bje-</span> 
     </span>
     <span class='ocr_line' id='line_1_41' title="bbox 230 2161 1109 2207; baseline -0.001 -10"><span class='ocrx_word' id='word_1_312' title='bbox 230 2165 285 2197; x_wconf 65' lang='lat' dir='ltr'>do</span> <span class='ocrx_word' id='word_1_313' title='bbox 298 2164 491 2203; x_wconf 88' lang='lat' dir='ltr'>affirmatur,</span> <span class='ocrx_word' id='word_1_314' title='bbox 503 2162 555 2196; x_wconf 89' lang='lat' dir='ltr'>vel</span> <span class='ocrx_word' id='word_1_315' title='bbox 570 2173 706 2207; x_wconf 86' lang='lat' dir='ltr'>negatur</span> <span class='ocrx_word' id='word_1_316' title='bbox 723 2162 795 2204; x_wconf 86' lang='lat' dir='ltr'>;sed</span> <span class='ocrx_word' id='word_1_317' title='bbox 812 2161 912 2194; x_wconf 89' lang='lat' dir='ltr'>solam</span> <span class='ocrx_word' id='word_1_318' title='bbox 927 2161 1109 2204; x_wconf 87' lang='lat' dir='ltr'>copulatio-</span> 
     </span>
     <span class='ocr_line' id='line_1_42' title="bbox 230 2211 1105 2254; baseline -0.002 -8"><span class='ocrx_word' id='word_1_319' title='bbox 230 2224 326 2251; x_wconf 85' lang='lat' dir='ltr'>nem,</span> <span class='ocrx_word' id='word_1_320' title='bbox 353 2212 403 2246; x_wconf 88' lang='lat' dir='ltr'>vel</span> <span class='ocrx_word' id='word_1_321' title='bbox 414 2212 659 2246; x_wconf 83' lang='lat' dir='ltr'>connexionem</span> <span class='ocrx_word' id='word_1_322' title='bbox 674 2211 839 2254; x_wconf 85' lang='lat' dir='ltr'>praedicati</span> <span class='ocrx_word' id='word_1_323' title='bbox 853 2222 928 2244; x_wconf 88' lang='lat' dir='ltr'>cum</span> <span class='ocrx_word' id='word_1_324' title='bbox 945 2212 1105 2253; x_wconf 58' lang='lat' dir='ltr'>subjecto:</span> 
     </span>
     <span class='ocr_line' id='line_1_43' title="bbox 232 2259 1006 2306; baseline -0.005 -10"><span class='ocrx_word' id='word_1_325' title='bbox 232 2262 282 2296; x_wconf 90' lang='lat' dir='ltr'>uti</span> <span class='ocrx_word' id='word_1_326' title='bbox 298 2271 386 2306; x_wconf 89' lang='lat' dir='ltr'>patet</span> <span class='ocrx_word' id='word_1_327' title='bbox 399 2262 433 2294; x_wconf 88' lang='lat' dir='ltr'>in</span> <span class='ocrx_word' id='word_1_328' title='bbox 455 2260 612 2302; x_wconf 83' lang='lat' dir='ltr'>exemplis</span> <span class='ocrx_word' id='word_1_329' title='bbox 625 2261 688 2302; x_wconf 80' lang='lat' dir='ltr'>jam</span> <span class='ocrx_word' id='word_1_330' title='bbox 701 2260 809 2293; x_wconf 82' lang='lat' dir='ltr'>statim</span> <span class='ocrx_word' id='word_1_331' title='bbox 822 2259 1006 2303; x_wconf 85' lang='lat' dir='ltr'>affignatis.</span> 
     </span>
    </p>
   </div>
   <div class='ocr_carea' id='block_1_9' title="bbox 344 2347 1001 2399">
    <p class='ocr_par' dir='ltr' id='par_1_10' title="bbox 344 2347 1001 2399">
     <span class='ocr_line' id='line_1_44' title="bbox 344 2347 1001 2399; baseline -0.005 -2"><span class='ocrx_word' id='word_1_332' title='bbox 344 2347 842 2399; x_wconf 90' lang='lat' dir='ltr'><strong>DISPUTATIO</strong></span> <span class='ocrx_word' id='word_1_333' title='bbox 880 2350 1001 2394; x_wconf 90' lang='lat' dir='ltr'>XXI.</span> 
     </span>
    </p>
   </div>
   <div class='ocr_carea' id='block_1_10' title="bbox 232 2457 1111 2596">
    <p class='ocr_par' dir='ltr' id='par_1_11' title="bbox 232 2457 1111 2596">
     <span class='ocr_line' id='line_1_45' title="bbox 232 2457 1111 2527; baseline -0.006 -20"><span class='ocrx_word' id='word_1_334' title='bbox 232 2465 292 2507; x_wconf 87' lang='lat' dir='ltr'>De</span> <span class='ocrx_word' id='word_1_335' title='bbox 325 2457 547 2526; x_wconf 78' lang='lat' dir='ltr'>quibusdam</span> <span class='ocrx_word' id='word_1_336' title='bbox 595 2458 854 2527; x_wconf 72' lang='lat' dir='ltr'>Propofitionis</span> <span class='ocrx_word' id='word_1_337' title='bbox 900 2459 1111 2524; x_wconf 72' lang='lat' dir='ltr'>categoricae</span> 
     </span>
     <span class='ocr_line' id='line_1_46' title="bbox 330 2527 1030 2596; baseline -0.003 -20"><span class='ocrx_word' id='word_1_338' title='bbox 330 2527 445 2594; x_wconf 44' lang='grc' dir='ltr'>αἰνᾷ</span> <span class='ocrx_word' id='word_1_339' title='bbox 444 2530 567 2576; x_wconf 76' lang='lat' dir='ltr'>ombus</span> <span class='ocrx_word' id='word_1_340' title='bbox 594 2527 795 2596; x_wconf 52' lang='lat' dir='ltr'>desumptis</span> <span class='ocrx_word' id='word_1_341' title='bbox 829 2547 882 2575; x_wconf 84' lang='lat' dir='ltr'>ex</span> <span class='ocrx_word' id='word_1_342' title='bbox 907 2527 1030 2593; x_wconf 72' lang='lat' dir='ltr'>quali-</span> 
     </span>
    </p>
   </div>
   <div class='ocr_carea' id='block_1_11' title="bbox 506 2598 831 2665">
    <p class='ocr_par' dir='ltr' id='par_1_12' title="bbox 506 2598 831 2665">
     <span class='ocr_line' id='line_1_47' title="bbox 506 2598 831 2665; baseline 0.003 -21"><span class='ocrx_word' id='word_1_343' title='bbox 506 2615 584 2645; x_wconf 85' lang='lat' dir='ltr'>tate</span> <span class='ocrx_word' id='word_1_344' title='bbox 606 2615 647 2665; x_wconf 65' lang='lat' dir='ltr'>pi</span> <span class='ocrx_word' id='word_1_345' title='bbox 649 2598 831 2646; x_wconf 76' lang='lat' dir='ltr'>·aedicati.</span> 
     </span>
    </p>
   </div>
   <div class='ocr_carea' id='block_1_12' title="bbox 229 2704 1109 3398">
    <p class='ocr_par' dir='ltr' id='par_1_13' title="bbox 388 2704 1109 2901">
     <span class='ocr_line' id='line_1_48' title="bbox 388 2704 1108 2750; baseline 0 -9"><span class='ocrx_word' id='word_1_346' title='bbox 388 2704 526 2741; x_wconf 88' lang='lat' dir='ltr'>Ualitas</span> <span class='ocrx_word' id='word_1_347' title='bbox 550 2705 713 2750; x_wconf 69' lang='lat' dir='ltr'>praedicati</span> <span class='ocrx_word' id='word_1_348' title='bbox 735 2706 810 2748; x_wconf 68' lang='lat' dir='ltr'>saepe</span> <span class='ocrx_word' id='word_1_349' title='bbox 823 2706 1046 2741; x_wconf 87' lang='lat' dir='ltr'>refunditurin</span> <span class='ocrx_word' id='word_1_350' title='bbox 1061 2716 1108 2741; x_wconf 84' lang='lat' dir='ltr'>to-</span> 
     </span>
     <span class='ocr_line' id='line_1_49' title="bbox 401 2755 1108 2800; baseline 0 -10"><span class='ocrx_word' id='word_1_351' title='bbox 401 2767 468 2790; x_wconf 87' lang='lat' dir='ltr'>tam</span> <span class='ocrx_word' id='word_1_352' title='bbox 482 2755 736 2800; x_wconf 87' lang='lat' dir='ltr'>propofitionem</span> <span class='ocrx_word' id='word_1_353' title='bbox 750 2781 760 2797; x_wconf 92' lang='lat'>‚</span> <span class='ocrx_word' id='word_1_354' title='bbox 771 2757 823 2789; x_wconf 89' lang='lat' dir='ltr'>seu</span> <span class='ocrx_word' id='word_1_355' title='bbox 838 2757 1108 2799; x_wconf 55' lang='lat' dir='ltr'>praedicationem</span> 
     </span>
     <span class='ocr_line' id='line_1_50' title="bbox 402 2805 1108 2850; baseline 0.001 -11"><span class='ocrx_word' id='word_1_356' title='bbox 402 2807 538 2850; x_wconf 89' lang='lat' dir='ltr'>talisque</span> <span class='ocrx_word' id='word_1_357' title='bbox 553 2805 675 2840; x_wconf 86' lang='lat' dir='ltr'>dicitur</span> <span class='ocrx_word' id='word_1_358' title='bbox 697 2816 766 2840; x_wconf 88' lang='lat' dir='ltr'>tota</span> <span class='ocrx_word' id='word_1_359' title='bbox 779 2806 987 2849; x_wconf 82' lang='lat' dir='ltr'>praedicatio,</span> <span class='ocrx_word' id='word_1_360' title='bbox 1014 2807 1108 2848; x_wconf 87' lang='lat' dir='ltr'>quale</span> 
     </span>
     <span class='ocr_line' id='line_1_51' title="bbox 399 2855 1109 2901; baseline -0.001 -11"><span class='ocrx_word' id='word_1_361' title='bbox 399 2857 443 2891; x_wconf 88' lang='lat' dir='ltr'>est</span> <span class='ocrx_word' id='word_1_362' title='bbox 457 2856 664 2900; x_wconf 86' lang='lat' dir='ltr'>praedicatum</span> <span class='ocrx_word' id='word_1_363' title='bbox 679 2880 690 2896; x_wconf 88' lang='lat'><strong>,</strong></span> <span class='ocrx_word' id='word_1_364' title='bbox 704 2867 735 2889; x_wconf 84' lang='lat' dir='ltr'>v.</span> <span class='ocrx_word' id='word_1_365' title='bbox 746 2867 777 2901; x_wconf 88' lang='lat' dir='ltr'>g.</span> <span class='ocrx_word' id='word_1_366' title='bbox 789 2857 806 2889; x_wconf 75' lang='lat' dir='ltr'>a</span> <span class='ocrx_word' id='word_1_367' title='bbox 819 2855 989 2898; x_wconf 82' lang='lat' dir='ltr'>praedicato</span> <span class='ocrx_word' id='word_1_368' title='bbox 1000 2857 1109 2890; x_wconf 88' lang='lat' dir='ltr'>essen·</span> 
     </span>
    </p>

    <p class='ocr_par' dir='ltr' id='par_1_14' title="bbox 229 2905 1109 3398">
     <span class='ocr_line' id='line_1_52' title="bbox 229 2905 1107 2950; baseline -0.002 -10"><span class='ocrx_word' id='word_1_369' title='bbox 229 2906 300 2940; x_wconf 87' lang='lat' dir='ltr'>tiali</span> <span class='ocrx_word' id='word_1_370' title='bbox 314 2931 324 2947; x_wconf 90' lang='lat'><strong>,</strong></span> <span class='ocrx_word' id='word_1_371' title='bbox 345 2906 562 2947; x_wconf 87' lang='lat' dir='ltr'>accidentali,</span> <span class='ocrx_word' id='word_1_372' title='bbox 591 2906 800 2950; x_wconf 85' lang='lat' dir='ltr'>contingenti</span> <span class='ocrx_word' id='word_1_373' title='bbox 814 2930 825 2945; x_wconf 92' lang='lat'><em>‚</em></span> <span class='ocrx_word' id='word_1_374' title='bbox 848 2905 1027 2939; x_wconf 88' lang='lat' dir='ltr'>necessario</span> <span class='ocrx_word' id='word_1_375' title='bbox 1038 2927 1048 2943; x_wconf 91' lang='lat'>,</span> <span class='ocrx_word' id='word_1_376' title='bbox 1062 2905 1107 2938; x_wconf 90' lang='lat' dir='ltr'>in-</span> 
     </span>
     <span class='ocr_line' id='line_1_53' title="bbox 229 2954 1107 3000; baseline -0.002 -10"><span class='ocrx_word' id='word_1_377' title='bbox 229 2956 370 2991; x_wconf 90' lang='lat' dir='ltr'>trinseco</span> <span class='ocrx_word' id='word_1_378' title='bbox 382 2982 392 2997; x_wconf 93' lang='lat'>‚</span> <span class='ocrx_word' id='word_1_379' title='bbox 409 2958 470 2991; x_wconf 87' lang='lat' dir='ltr'>&amp;c.</span> <span class='ocrx_word' id='word_1_380' title='bbox 483 2967 553 2991; x_wconf 90' lang='lat' dir='ltr'>tota</span> <span class='ocrx_word' id='word_1_381' title='bbox 566 2956 755 3000; x_wconf 84' lang='lat' dir='ltr'>praedicatio</span> <span class='ocrx_word' id='word_1_382' title='bbox 768 2966 901 2990; x_wconf 86' lang='lat' dir='ltr'>vocatur</span> <span class='ocrx_word' id='word_1_383' title='bbox 912 2954 1088 2989; x_wconf 82' lang='lat' dir='ltr'>essentialis</span> <span class='ocrx_word' id='word_1_384' title='bbox 1097 2977 1107 2994; x_wconf 94' lang='lat'>‚</span> 
     </span>
     <span class='ocr_line' id='line_1_54' title="bbox 230 3004 1108 3051; baseline -0.003 -10"><span class='ocrx_word' id='word_1_385' title='bbox 230 3007 442 3041; x_wconf 86' lang='lat' dir='ltr'>accidentalis</span> <span class='ocrx_word' id='word_1_386' title='bbox 466 3031 478 3047; x_wconf 87' lang='lat'>‚</span> <span class='ocrx_word' id='word_1_387' title='bbox 502 3007 699 3051; x_wconf 85' lang='lat' dir='ltr'>contingens</span> <span class='ocrx_word' id='word_1_388' title='bbox 721 3030 732 3046; x_wconf 93' lang='lat'><strong>,</strong></span> <span class='ocrx_word' id='word_1_389' title='bbox 758 3007 819 3040; x_wconf 67' lang='grc' dir='ltr'>διε.</span> <span class='ocrx_word' id='word_1_390' title='bbox 847 3005 901 3039; x_wconf 90' lang='lat' dir='ltr'>De</span> <span class='ocrx_word' id='word_1_391' title='bbox 922 3004 1009 3038; x_wconf 90' lang='lat' dir='ltr'>hisce</span> <span class='ocrx_word' id='word_1_392' title='bbox 1030 3015 1108 3048; x_wconf 85' lang='lat' dir='ltr'>ergo</span> 
     </span>
     <span class='ocr_line' id='line_1_55' title="bbox 231 3053 1108 3102; baseline -0.001 -14"><span class='ocrx_word' id='word_1_393' title='bbox 231 3056 517 3100; x_wconf 81' lang='lat' dir='ltr'>praedicationibus</span> <span class='ocrx_word' id='word_1_394' title='bbox 527 3057 595 3102; x_wconf 88' lang='lat' dir='ltr'>agit</span> <span class='ocrx_word' id='word_1_395' title='bbox 608 3055 674 3090; x_wconf 82' lang='lat' dir='ltr'>haec</span> <span class='ocrx_word' id='word_1_396' title='bbox 685 3057 820 3099; x_wconf 88' lang='lat' dir='ltr'>praesens</span> <span class='ocrx_word' id='word_1_397' title='bbox 831 3055 1015 3099; x_wconf 86' lang='lat' dir='ltr'>disputatio.</span> <span class='ocrx_word' id='word_1_398' title='bbox 1032 3053 1108 3090; x_wconf 90' lang='lat' dir='ltr'>Ubi</span> 
     </span>
     <span class='ocr_line' id='line_1_56' title="bbox 232 3103 1106 3151; baseline -0.001 -11"><span class='ocrx_word' id='word_1_399' title='bbox 232 3107 267 3140; x_wconf 88' lang='lat'>&amp;</span> <span class='ocrx_word' id='word_1_400' title='bbox 278 3103 342 3139; x_wconf 89' lang='lat' dir='ltr'>hoc</span> <span class='ocrx_word' id='word_1_401' title='bbox 355 3107 499 3149; x_wconf 87' lang='lat' dir='ltr'>adverte(</span> <span class='ocrx_word' id='word_1_402' title='bbox 510 3107 708 3150; x_wconf 85' lang='lat' dir='ltr'>quandoque</span> <span class='ocrx_word' id='word_1_403' title='bbox 721 3106 811 3140; x_wconf 89' lang='lat' dir='ltr'>enim</span> <span class='ocrx_word' id='word_1_404' title='bbox 822 3104 988 3146; x_wconf 89' lang='lat' dir='ltr'>occurrit):</span> <span class='ocrx_word' id='word_1_405' title='bbox 1004 3104 1106 3151; x_wconf 76' lang='lat' dir='ltr'>Qiod</span> 
     </span>
     <span class='ocr_line' id='line_1_57' title="bbox 233 3153 1108 3200; baseline 0 -12"><span class='ocrx_word' id='word_1_406' title='bbox 233 3153 301 3189; x_wconf 85' lang='lat' dir='ltr'>haec</span> <span class='ocrx_word' id='word_1_407' title='bbox 310 3166 375 3189; x_wconf 78' lang='lat' dir='ltr'>vox</span> <span class='ocrx_word' id='word_1_408' title='bbox 385 3158 583 3191; x_wconf 71' lang='lat' dir='ltr'>denominatio</span> <span class='ocrx_word' id='word_1_409' title='bbox 594 3158 752 3199; x_wconf 82' lang='lat' dir='ltr'>supponat</span> <span class='ocrx_word' id='word_1_410' title='bbox 763 3156 960 3200; x_wconf 80' lang='lat' dir='ltr'>quandoque</span> <span class='ocrx_word' id='word_1_411' title='bbox 968 3166 1026 3198; x_wconf 89' lang='lat' dir='ltr'>pro</span> <span class='ocrx_word' id='word_1_412' title='bbox 1039 3165 1108 3189; x_wconf 89' lang='lat' dir='ltr'>tota</span> 
     </span>
     <span class='ocr_line' id='line_1_58' title="bbox 234 3204 1107 3250; baseline 0.001 -13"><span class='ocrx_word' id='word_1_413' title='bbox 234 3204 463 3248; x_wconf 66' lang='lat' dir='ltr'>pradicatione</span> <span class='ocrx_word' id='word_1_414' title='bbox 483 3219 493 3248; x_wconf 89' lang='lat'>;</span> <span class='ocrx_word' id='word_1_415' title='bbox 520 3207 716 3250; x_wconf 85' lang='lat' dir='ltr'>quandoque</span> <span class='ocrx_word' id='word_1_416' title='bbox 742 3218 802 3250; x_wconf 86' lang='lat' dir='ltr'>pro</span> <span class='ocrx_word' id='word_1_417' title='bbox 824 3206 896 3240; x_wconf 90' lang='lat' dir='ltr'>solo</span> <span class='ocrx_word' id='word_1_418' title='bbox 920 3205 1088 3248; x_wconf 83' lang='lat' dir='ltr'>praedicato</span> <span class='ocrx_word' id='word_1_419' title='bbox 1098 3229 1107 3237; x_wconf 90' lang='lat'><strong>.</strong></span> 
     </span>
     <span class='ocr_line' id='line_1_59' title="bbox 235 3256 1109 3300; baseline 0.001 -12"><span class='ocrx_word' id='word_1_420' title='bbox 235 3256 285 3289; x_wconf 83' lang='lat' dir='ltr'>lta</span> <span class='ocrx_word' id='word_1_421' title='bbox 305 3256 446 3289; x_wconf 84' lang='lat' dir='ltr'>dicimus</span> <span class='ocrx_word' id='word_1_422' title='bbox 460 3279 470 3295; x_wconf 81' lang='lat'><strong>,</strong></span> <span class='ocrx_word' id='word_1_423' title='bbox 497 3258 562 3300; x_wconf 80' lang='lat' dir='ltr'>Effe</span> <span class='ocrx_word' id='word_1_424' title='bbox 582 3257 683 3290; x_wconf 83' lang='lat' dir='ltr'>album</span> <span class='ocrx_word' id='word_1_425' title='bbox 699 3280 710 3296; x_wconf 93' lang='lat'>,</span> <span class='ocrx_word' id='word_1_426' title='bbox 735 3257 788 3299; x_wconf 81' lang='lat' dir='ltr'>effe</span> <span class='ocrx_word' id='word_1_427' title='bbox 809 3256 947 3295; x_wconf 62' lang='lat' dir='ltr'>dmum,</span> <span class='ocrx_word' id='word_1_428' title='bbox 974 3257 1029 3289; x_wconf 65' lang='grc' dir='ltr'>(σε.</span> <span class='ocrx_word' id='word_1_429' title='bbox 1043 3256 1109 3289; x_wconf 88' lang='lat' dir='ltr'>esse</span> 
     </span>
     <span class='ocr_line' id='line_1_60' title="bbox 235 3304 1108 3346; baseline 0 -7"><span class='ocrx_word' id='word_1_430' title='bbox 235 3304 522 3339; x_wconf 81' lang='lat' dir='ltr'>denominationes</span> <span class='ocrx_word' id='word_1_431' title='bbox 533 3306 746 3341; x_wconf 86' lang='lat' dir='ltr'>accidentales</span> <span class='ocrx_word' id='word_1_432' title='bbox 757 3307 945 3341; x_wconf 87' lang='lat' dir='ltr'>intrinsecas</span> <span class='ocrx_word' id='word_1_433' title='bbox 958 3318 970 3339; x_wconf 91' lang='lat'><em>:</em></span> <span class='ocrx_word' id='word_1_434' title='bbox 996 3305 1108 3346; x_wconf 60' lang='lat' dir='ltr'>idiest,</span> 
     </span>
     <span class='ocr_line' id='line_1_61' title="bbox 237 3355 857 3398; baseline 0 -9"><span class='ocrx_word' id='word_1_435' title='bbox 237 3355 407 3398; x_wconf 67' lang='lat' dir='ltr'>predicata</span> <span class='ocrx_word' id='word_1_436' title='bbox 428 3355 642 3391; x_wconf 83' lang='lat' dir='ltr'>accidentalia</span> <span class='ocrx_word' id='word_1_437' title='bbox 664 3357 836 3391; x_wconf 86' lang='lat' dir='ltr'>intrinseca</span> <span class='ocrx_word' id='word_1_438' title='bbox 850 3381 857 3389; x_wconf 94' lang='lat'><strong><em>.</em></strong></span> 
     </span>
    </p>
   </div>
   <div class='ocr_carea' id='block_1_13' title="bbox 333 3454 823 3501">
    <p class='ocr_par' dir='ltr' id='par_1_15' title="bbox 333 3454 823 3501">
     <span class='ocr_line' id='line_1_62' title="bbox 333 3454 823 3501; baseline 0.004 -13"><span class='ocrx_word' id='word_1_439' title='bbox 333 3454 438 3497; x_wconf 68' lang='lat' dir='ltr'>christ.</span> <span class='ocrx_word' id='word_1_440' title='bbox 464 3459 543 3500; x_wconf 76' lang='lat' dir='ltr'>Lupi·</span> <span class='ocrx_word' id='word_1_441' title='bbox 556 3461 652 3501; x_wconf 82' lang='lat' dir='ltr'>Opera</span> <span class='ocrx_word' id='word_1_442' title='bbox 664 3460 743 3492; x_wconf 86' lang='lat' dir='ltr'>Tom.</span> <span class='ocrx_word' id='word_1_443' title='bbox 753 3460 784 3490; x_wconf 88' lang='lat' dir='ltr'>X</span> <span class='ocrx_word' id='word_1_444' title='bbox 788 3461 823 3490; x_wconf 86' lang='grc' dir='ltr'>Π.</span> 
     </span>
    </p>
   </div>
   <div class='ocr_carea' id='block_1_14' title="bbox 1403 92 2020 206">
    <p class='ocr_par' dir='ltr' id='par_1_16' title="bbox 1403 92 2020 206">
     <span class='ocr_line' id='line_1_63' title="bbox 1930 92 2020 140; baseline -0.022 -13"><span class='ocrx_word' id='word_1_445' title='bbox 1930 92 2020 140; x_wconf 78' lang='lat'>263</span> 
     </span>
     <span class='ocr_line' id='line_1_64' title="bbox 1403 165 1829 206; baseline 0 -6"><span class='ocrx_word' id='word_1_446' title='bbox 1403 165 1740 206; x_wconf 69' lang='lat' dir='ltr'>DUBHJM</span> <span class='ocrx_word' id='word_1_447' title='bbox 1803 167 1829 200; x_wconf 92' lang='lat'>1.</span> 
     </span>
    </p>
   </div>
   <div class='ocr_carea' id='block_1_15' title="bbox 1184 265 2051 314">
    <p class='ocr_par' dir='ltr' id='par_1_17' title="bbox 1184 265 2051 314">
     <span class='ocr_line' id='line_1_65' title="bbox 1184 265 2051 314; baseline -0.003 -12"><span class='ocrx_word' id='word_1_448' title='bbox 1184 268 1271 314; x_wconf 71' lang='lat' dir='ltr'>,Quid</span> <span class='ocrx_word' id='word_1_449' title='bbox 1288 265 1328 309; x_wconf 78' lang='lat' dir='ltr'>fit</span> <span class='ocrx_word' id='word_1_450' title='bbox 1350 267 1529 310; x_wconf 64' lang='lat' dir='ltr'>pradicatio</span> <span class='ocrx_word' id='word_1_451' title='bbox 1538 265 1712 308; x_wconf 79' lang='lat' dir='ltr'>essentialis?</span> <span class='ocrx_word' id='word_1_452' title='bbox 1739 268 1827 312; x_wconf 74' lang='lat' dir='ltr'>,Quid</span> <span class='ocrx_word' id='word_1_453' title='bbox 1835 268 2025 301; x_wconf 67' lang='lat' dir='ltr'>accidentalis</span> <span class='ocrx_word' id='word_1_454' title='bbox 2037 266 2051 299; x_wconf 68' lang='grc' dir='ltr'><strong><em>ἓ</em></strong></span> 
     </span>
    </p>
   </div>
   <div class='ocr_carea' id='block_1_16' title="bbox 1164 365 2075 3249">
    <p class='ocr_par' dir='ltr' id='par_1_18' title="bbox 1178 365 2065 1810">
     <span class='ocr_line' id='line_1_66' title="bbox 1186 365 2052 413; baseline 0.001 -12"><span class='ocrx_word' id='word_1_455' title='bbox 1186 381 1217 405; x_wconf 93' lang='lat'>1.</span> <span class='ocrx_word' id='word_1_456' title='bbox 1345 368 1586 408; x_wconf 68' lang='lat' dir='ltr'>Dverteprimsz</span> <span class='ocrx_word' id='word_1_457' title='bbox 1614 365 1707 413; x_wconf 84' lang='lat' dir='ltr'>Qid</span> <span class='ocrx_word' id='word_1_458' title='bbox 1732 367 1768 400; x_wconf 87' lang='lat' dir='ltr'>sit</span> <span class='ocrx_word' id='word_1_459' title='bbox 1790 380 1888 403; x_wconf 90' lang='lat' dir='ltr'>unam</span> <span class='ocrx_word' id='word_1_460' title='bbox 1906 379 1973 402; x_wconf 87' lang='lat' dir='ltr'>rem</span> <span class='ocrx_word' id='word_1_461' title='bbox 1984 368 2052 402; x_wconf 82' lang='lat' dir='ltr'>esse</span> 
     </span>
     <span class='ocr_line' id='line_1_67' title="bbox 1358 415 2052 460; baseline 0 -9"><span class='ocrx_word' id='word_1_462' title='bbox 1358 417 1398 451; x_wconf 89' lang='lat' dir='ltr'>de</span> <span class='ocrx_word' id='word_1_463' title='bbox 1423 416 1557 450; x_wconf 83' lang='lat' dir='ltr'>essentia</span> <span class='ocrx_word' id='word_1_464' title='bbox 1578 415 1727 450; x_wconf 82' lang='lat' dir='ltr'>alterius.</span> <span class='ocrx_word' id='word_1_465' title='bbox 1756 416 1869 460; x_wconf 86' lang='lat' dir='ltr'>Aliqui</span> <span class='ocrx_word' id='word_1_466' title='bbox 1883 418 1995 451; x_wconf 89' lang='lat' dir='ltr'>dicunt</span> <span class='ocrx_word' id='word_1_467' title='bbox 2006 418 2052 451; x_wconf 90' lang='lat' dir='ltr'>ni·</span> 
     </span>
     <span class='ocr_line' id='line_1_68' title="bbox 1182 467 2052 510; baseline 0 -9"><span class='ocrx_word' id='word_1_468' title='bbox 1182 468 1227 501; x_wconf 90' lang='lat' dir='ltr'>hil</span> <span class='ocrx_word' id='word_1_469' title='bbox 1239 469 1305 502; x_wconf 84' lang='lat' dir='ltr'>esse</span> <span class='ocrx_word' id='word_1_470' title='bbox 1327 467 1415 501; x_wconf 90' lang='lat' dir='ltr'>aliud</span> <span class='ocrx_word' id='word_1_471' title='bbox 1428 492 1438 508; x_wconf 94' lang='lat'>‚</span> <span class='ocrx_word' id='word_1_472' title='bbox 1461 471 1557 510; x_wconf 77' lang='lat' dir='ltr'>qua&#39;m</span> <span class='ocrx_word' id='word_1_473' title='bbox 1581 477 1682 500; x_wconf 81' lang='lat' dir='ltr'>unam</span> <span class='ocrx_word' id='word_1_474' title='bbox 1707 475 1773 498; x_wconf 87' lang='lat' dir='ltr'>rem</span> <span class='ocrx_word' id='word_1_475' title='bbox 1787 477 1851 499; x_wconf 88' lang='lat' dir='ltr'>non</span> <span class='ocrx_word' id='word_1_476' title='bbox 1863 469 1951 509; x_wconf 85' lang='lat' dir='ltr'>posse</span> <span class='ocrx_word' id='word_1_477' title='bbox 1962 468 2029 501; x_wconf 85' lang='lat' dir='ltr'>esse</span> <span class='ocrx_word' id='word_1_478' title='bbox 2040 491 2052 507; x_wconf 90' lang='lat'>,</span> 
     </span>
     <span class='ocr_line' id='line_1_69' title="bbox 1181 515 2049 560; baseline 0 -9"><span class='ocrx_word' id='word_1_479' title='bbox 1181 529 1240 552; x_wconf 91' lang='lat' dir='ltr'>nec</span> <span class='ocrx_word' id='word_1_480' title='bbox 1263 518 1395 560; x_wconf 84' lang='lat' dir='ltr'>concipi</span> <span class='ocrx_word' id='word_1_481' title='bbox 1420 518 1486 551; x_wconf 82' lang='lat' dir='ltr'>{ine</span> <span class='ocrx_word' id='word_1_482' title='bbox 1508 517 1592 551; x_wconf 79' lang='lat' dir='ltr'>alia.</span> <span class='ocrx_word' id='word_1_483' title='bbox 1621 517 1681 549; x_wconf 81' lang='lat' dir='ltr'>Sed</span> <span class='ocrx_word' id='word_1_484' title='bbox 1702 517 1798 548; x_wconf 63' lang='lat' dir='ltr'>male:</span> <span class='ocrx_word' id='word_1_485' title='bbox 1828 515 1958 549; x_wconf 87' lang='lat' dir='ltr'>Etenim</span> <span class='ocrx_word' id='word_1_486' title='bbox 1972 518 2049 551; x_wconf 87' lang='lat' dir='ltr'>licet</span> 
     </span>
     <span class='ocr_line' id='line_1_70' title="bbox 1180 565 2051 608; baseline -0.003 -6"><span class='ocrx_word' id='word_1_487' title='bbox 1180 579 1279 602; x_wconf 84' lang='lat' dir='ltr'>omne</span> <span class='ocrx_word' id='word_1_488' title='bbox 1291 567 1371 601; x_wconf 89' lang='lat' dir='ltr'>illud</span> <span class='ocrx_word' id='word_1_489' title='bbox 1384 591 1395 606; x_wconf 90' lang='lat'>‚</span> <span class='ocrx_word' id='word_1_490' title='bbox 1423 567 1510 608; x_wconf 87' lang='lat' dir='ltr'>quod</span> <span class='ocrx_word' id='word_1_491' title='bbox 1530 567 1571 600; x_wconf 92' lang='lat' dir='ltr'>de</span> <span class='ocrx_word' id='word_1_492' title='bbox 1579 565 1715 600; x_wconf 88' lang='lat' dir='ltr'>essentia</span> <span class='ocrx_word' id='word_1_493' title='bbox 1728 565 1786 606; x_wconf 83' lang='lat' dir='ltr'>est,</span> <span class='ocrx_word' id='word_1_494' title='bbox 1800 565 1837 597; x_wconf 85' lang='lat' dir='ltr'>fit</span> <span class='ocrx_word' id='word_1_495' title='bbox 1849 565 1924 604; x_wconf 86' lang='lat' dir='ltr'>tale,</span> <span class='ocrx_word' id='word_1_496' title='bbox 1938 576 1974 598; x_wconf 83' lang='lat' dir='ltr'>ut</span> <span class='ocrx_word' id='word_1_497' title='bbox 1987 567 2051 600; x_wconf 85' lang='lat' dir='ltr'>fine</span> 
     </span>
     <span class='ocr_line' id='line_1_71' title="bbox 1182 614 2054 669; baseline -0.003 -18"><span class='ocrx_word' id='word_1_498' title='bbox 1182 618 1240 651; x_wconf 87' lang='lat' dir='ltr'>illo</span> <span class='ocrx_word' id='word_1_499' title='bbox 1263 628 1310 651; x_wconf 87' lang='lat' dir='ltr'>res</span> <span class='ocrx_word' id='word_1_500' title='bbox 1333 629 1393 651; x_wconf 90' lang='lat' dir='ltr'>nec</span> <span class='ocrx_word' id='word_1_501' title='bbox 1411 618 1477 651; x_wconf 84' lang='lat' dir='ltr'>esse</span> <span class='ocrx_word' id='word_1_502' title='bbox 1500 616 1618 660; x_wconf 87' lang='lat' dir='ltr'>poffit‚</span> <span class='ocrx_word' id='word_1_503' title='bbox 1643 626 1702 649; x_wconf 92' lang='lat' dir='ltr'>nec</span> <span class='ocrx_word' id='word_1_504' title='bbox 1713 614 1843 658; x_wconf 90' lang='lat' dir='ltr'>concipi</span> <span class='ocrx_word' id='word_1_505' title='bbox 1855 614 1993 669; x_wconf 31' lang='lat' dir='ltr'>&amp;multa</span> <span class='ocrx_word' id='word_1_506' title='bbox 2007 625 2054 648; x_wconf 86' lang='lat' dir='ltr'>ta·</span> 
     </span>
     <span class='ocr_line' id='line_1_72' title="bbox 1180 663 2053 710; baseline -0.003 -9"><span class='ocrx_word' id='word_1_507' title='bbox 1180 679 1252 701; x_wconf 88' lang='lat' dir='ltr'>men</span> <span class='ocrx_word' id='word_1_508' title='bbox 1266 669 1338 701; x_wconf 92' lang='lat' dir='ltr'>sunt</span> <span class='ocrx_word' id='word_1_509' title='bbox 1351 690 1360 706; x_wconf 91' lang='lat'>‚</span> <span class='ocrx_word' id='word_1_510' title='bbox 1388 668 1450 700; x_wconf 85' lang='lat' dir='ltr'>fine</span> <span class='ocrx_word' id='word_1_511' title='bbox 1466 667 1585 710; x_wconf 88' lang='lat' dir='ltr'>quibus</span> <span class='ocrx_word' id='word_1_512' title='bbox 1606 676 1651 699; x_wconf 87' lang='lat' dir='ltr'>res</span> <span class='ocrx_word' id='word_1_513' title='bbox 1663 677 1723 700; x_wconf 89' lang='lat' dir='ltr'>nec</span> <span class='ocrx_word' id='word_1_514' title='bbox 1736 668 1803 699; x_wconf 82' lang='lat' dir='ltr'>esse</span> <span class='ocrx_word' id='word_1_515' title='bbox 1816 689 1827 706; x_wconf 93' lang='lat'>,</span> <span class='ocrx_word' id='word_1_516' title='bbox 1851 675 1909 699; x_wconf 84' lang='lat' dir='ltr'>nec</span> <span class='ocrx_word' id='word_1_517' title='bbox 1920 663 2053 707; x_wconf 82' lang='lat' dir='ltr'>concipi</span> 
     </span>
     <span class='ocr_line' id='line_1_73' title="bbox 1180 714 2053 760; baseline -0.008 -8"><span class='ocrx_word' id='word_1_518' title='bbox 1180 718 1282 760; x_wconf 87' lang='lat' dir='ltr'>potest</span> <span class='ocrx_word' id='word_1_519' title='bbox 1296 742 1308 757; x_wconf 91' lang='lat'><em>,</em></span> <span class='ocrx_word' id='word_1_520' title='bbox 1334 729 1404 760; x_wconf 78' lang='lat' dir='ltr'>quae</span> <span class='ocrx_word' id='word_1_521' title='bbox 1415 727 1523 751; x_wconf 88' lang='lat' dir='ltr'>tamen</span> <span class='ocrx_word' id='word_1_522' title='bbox 1537 716 1628 749; x_wconf 91' lang='lat' dir='ltr'>nullo</span> <span class='ocrx_word' id='word_1_523' title='bbox 1641 716 1742 750; x_wconf 89' lang='lat' dir='ltr'>modo</span> <span class='ocrx_word' id='word_1_524' title='bbox 1757 716 1830 749; x_wconf 89' lang='lat' dir='ltr'>sunt</span> <span class='ocrx_word' id='word_1_525' title='bbox 1843 714 1882 748; x_wconf 89' lang='lat' dir='ltr'>de</span> <span class='ocrx_word' id='word_1_526' title='bbox 1893 714 2027 748; x_wconf 84' lang='lat' dir='ltr'>essentia</span> <span class='ocrx_word' id='word_1_527' title='bbox 2043 726 2053 756; x_wconf 64' lang='grc' dir='ltr'><strong>ς</strong></span> 
     </span>
     <span class='ocr_line' id='line_1_74' title="bbox 1180 764 2054 811; baseline -0.003 -12"><span class='ocrx_word' id='word_1_528' title='bbox 1180 779 1208 800; x_wconf 90' lang='lat' dir='ltr'>v.</span> <span class='ocrx_word' id='word_1_529' title='bbox 1220 780 1251 811; x_wconf 87' lang='lat' dir='ltr'>g.</span> <span class='ocrx_word' id='word_1_530' title='bbox 1278 768 1363 801; x_wconf 67' lang='lat' dir='ltr'>astio</span> <span class='ocrx_word' id='word_1_531' title='bbox 1380 768 1445 800; x_wconf 76' lang='lat' dir='ltr'>sine</span> <span class='ocrx_word' id='word_1_532' title='bbox 1472 768 1635 807; x_wconf 89' lang='lat' dir='ltr'>termino,</span> <span class='ocrx_word' id='word_1_533' title='bbox 1665 767 1740 800; x_wconf 88' lang='lat' dir='ltr'>item</span> <span class='ocrx_word' id='word_1_534' title='bbox 1762 765 1827 798; x_wconf 87' lang='lat' dir='ltr'>fine</span> <span class='ocrx_word' id='word_1_535' title='bbox 1839 765 1895 798; x_wconf 91' lang='lat' dir='ltr'>suo</span> <span class='ocrx_word' id='word_1_536' title='bbox 1906 764 2054 797; x_wconf 62' lang='lat' dir='ltr'>effestivo</span> 
     </span>
     <span class='ocr_line' id='line_1_75' title="bbox 1179 813 2054 861; baseline -0.003 -12"><span class='ocrx_word' id='word_1_537' title='bbox 1179 818 1362 861; x_wconf 77' lang='lat' dir='ltr'>principi03</span> <span class='ocrx_word' id='word_1_538' title='bbox 1389 818 1471 851; x_wconf 91' lang='lat' dir='ltr'>unio</span> <span class='ocrx_word' id='word_1_539' title='bbox 1496 818 1563 849; x_wconf 85' lang='lat' dir='ltr'>fine</span> <span class='ocrx_word' id='word_1_540' title='bbox 1584 817 1758 856; x_wconf 85' lang='lat' dir='ltr'>extremis,</span> <span class='ocrx_word' id='word_1_541' title='bbox 1785 814 1884 858; x_wconf 85' lang='lat' dir='ltr'>paffio</span> <span class='ocrx_word' id='word_1_542' title='bbox 1907 814 1973 847; x_wconf 85' lang='lat' dir='ltr'>fine</span> <span class='ocrx_word' id='word_1_543' title='bbox 1985 813 2054 847; x_wconf 72' lang='lat' dir='ltr'>sub</span> 
     </span>
     <span class='ocr_line' id='line_1_76' title="bbox 1179 864 2054 910; baseline -0.005 -9"><span class='ocrx_word' id='word_1_544' title='bbox 1179 869 1261 909; x_wconf 60' lang='lat' dir='ltr'>jesto</span> <span class='ocrx_word' id='word_1_545' title='bbox 1273 890 1284 906; x_wconf 90' lang='lat'>‚</span> <span class='ocrx_word' id='word_1_546' title='bbox 1311 878 1372 901; x_wconf 90' lang='lat' dir='ltr'>nec</span> <span class='ocrx_word' id='word_1_547' title='bbox 1382 868 1447 900; x_wconf 89' lang='lat' dir='ltr'>esse</span> <span class='ocrx_word' id='word_1_548' title='bbox 1462 866 1563 910; x_wconf 88' lang='lat' dir='ltr'>potest</span> <span class='ocrx_word' id='word_1_549' title='bbox 1576 891 1586 906; x_wconf 93' lang='lat'>,</span> <span class='ocrx_word' id='word_1_550' title='bbox 1605 876 1663 900; x_wconf 85' lang='lat' dir='ltr'>nec</span> <span class='ocrx_word' id='word_1_551' title='bbox 1675 865 1805 908; x_wconf 87' lang='lat' dir='ltr'>concipi</span> <span class='ocrx_word' id='word_1_552' title='bbox 1817 877 1830 906; x_wconf 89' lang='lat'><em>;</em></span> <span class='ocrx_word' id='word_1_553' title='bbox 1843 864 1999 898; x_wconf 88' lang='lat' dir='ltr'>terminus</span> <span class='ocrx_word' id='word_1_554' title='bbox 2009 875 2054 897; x_wconf 89' lang='lat' dir='ltr'>ta-</span> 
     </span>
     <span class='ocr_line' id='line_1_77' title="bbox 1180 914 2054 960; baseline -0.003 -10"><span class='ocrx_word' id='word_1_555' title='bbox 1180 928 1253 950; x_wconf 88' lang='lat' dir='ltr'>men</span> <span class='ocrx_word' id='word_1_556' title='bbox 1277 918 1311 951; x_wconf 89' lang='lat'>&amp;</span> <span class='ocrx_word' id='word_1_557' title='bbox 1335 917 1531 960; x_wconf 87' lang='lat' dir='ltr'>principium</span> <span class='ocrx_word' id='word_1_558' title='bbox 1543 917 1662 950; x_wconf 67' lang='lat' dir='ltr'>astioni</span> <span class='ocrx_word' id='word_1_559' title='bbox 1678 940 1688 955; x_wconf 86' lang='lat'><strong>,</strong></span> <span class='ocrx_word' id='word_1_560' title='bbox 1709 915 1885 957; x_wconf 69' lang='lat' dir='ltr'>subjedum</span> <span class='ocrx_word' id='word_1_561' title='bbox 1900 914 2054 957; x_wconf 78' lang='lat' dir='ltr'>passioni,</span> 
     </span>
     <span class='ocr_line' id='line_1_78' title="bbox 1179 964 2053 1009; baseline -0.003 -9"><span class='ocrx_word' id='word_1_562' title='bbox 1179 977 1321 1001; x_wconf 85' lang='lat' dir='ltr'>extrema</span> <span class='ocrx_word' id='word_1_563' title='bbox 1335 967 1451 1001; x_wconf 91' lang='lat' dir='ltr'>unioni</span> <span class='ocrx_word' id='word_1_564' title='bbox 1467 979 1534 1000; x_wconf 91' lang='lat' dir='ltr'>non</span> <span class='ocrx_word' id='word_1_565' title='bbox 1550 968 1622 1000; x_wconf 89' lang='lat' dir='ltr'>sunt</span> <span class='ocrx_word' id='word_1_566' title='bbox 1631 965 1825 1006; x_wconf 85' lang='lat' dir='ltr'>essentialia,·</span> <span class='ocrx_word' id='word_1_567' title='bbox 1839 975 1918 1009; x_wconf 81' lang='lat' dir='ltr'>ergo</span> <span class='ocrx_word' id='word_1_568' title='bbox 1930 964 1986 997; x_wconf 79' lang='lat' dir='ltr'>ista</span> <span class='ocrx_word' id='word_1_569' title='bbox 1997 964 2053 998; x_wconf 89' lang='lat' dir='ltr'>de-</span> 
     </span>
     <span class='ocr_line' id='line_1_79' title="bbox 1179 1014 2051 1059; baseline -0.003 -10"><span class='ocrx_word' id='word_1_570' title='bbox 1179 1017 1286 1051; x_wconf 89' lang='lat' dir='ltr'>finitio</span> <span class='ocrx_word' id='word_1_571' title='bbox 1298 1027 1367 1051; x_wconf 87' lang='lat' dir='ltr'>non</span> <span class='ocrx_word' id='word_1_572' title='bbox 1379 1016 1422 1049; x_wconf 87' lang='lat' dir='ltr'>est</span> <span class='ocrx_word' id='word_1_573' title='bbox 1442 1016 1687 1059; x_wconf 83' lang='lat' dir='ltr'>convertibilis;</span> <span class='ocrx_word' id='word_1_574' title='bbox 1715 1016 1765 1050; x_wconf 87' lang='lat' dir='ltr'>sed</span> <span class='ocrx_word' id='word_1_575' title='bbox 1774 1015 1817 1049; x_wconf 86' lang='lat' dir='ltr'>est</span> <span class='ocrx_word' id='word_1_576' title='bbox 1834 1014 1932 1049; x_wconf 89' lang='lat' dir='ltr'>nimis</span> <span class='ocrx_word' id='word_1_577' title='bbox 1943 1015 2030 1059; x_wconf 86' lang='lat' dir='ltr'>larga</span> <span class='ocrx_word' id='word_1_578' title='bbox 2043 1039 2051 1046; x_wconf 93' lang='lat'><em>.</em></span> 
     </span>
     <span class='ocr_line' id='line_1_80' title="bbox 1181 1064 2052 1112; baseline -0.002 -13"><span class='ocrx_word' id='word_1_579' title='bbox 1181 1070 1271 1100; x_wconf 83' lang='lat' dir='ltr'>Patet</span> <span class='ocrx_word' id='word_1_580' title='bbox 1292 1072 1403 1099; x_wconf 83' lang='lat' dir='ltr'>minor:</span> <span class='ocrx_word' id='word_1_581' title='bbox 1431 1066 1520 1112; x_wconf 81' lang='lat' dir='ltr'>Qia</span> <span class='ocrx_word' id='word_1_582' title='bbox 1544 1068 1647 1100; x_wconf 89' lang='lat' dir='ltr'>forma</span> <span class='ocrx_word' id='word_1_583' title='bbox 1668 1065 1847 1100; x_wconf 84' lang='lat' dir='ltr'>essentialis</span> <span class='ocrx_word' id='word_1_584' title='bbox 1858 1064 1970 1104; x_wconf 91' lang='lat' dir='ltr'>abeo,</span> <span class='ocrx_word' id='word_1_585' title='bbox 1997 1064 2052 1098; x_wconf 90' lang='lat' dir='ltr'>cui</span> 
     </span>
     <span class='ocr_line' id='line_1_81' title="bbox 1178 1114 2052 1160; baseline -0.003 -9"><span class='ocrx_word' id='word_1_586' title='bbox 1178 1117 1355 1151; x_wconf 78' lang='lat' dir='ltr'>essentialis</span> <span class='ocrx_word' id='word_1_587' title='bbox 1367 1116 1409 1150; x_wconf 86' lang='lat' dir='ltr'>est</span> <span class='ocrx_word' id='word_1_588' title='bbox 1422 1140 1433 1156; x_wconf 92' lang='lat'><strong>,</strong></span> <span class='ocrx_word' id='word_1_589' title='bbox 1459 1127 1524 1150; x_wconf 91' lang='lat' dir='ltr'>non</span> <span class='ocrx_word' id='word_1_590' title='bbox 1535 1115 1638 1158; x_wconf 85' lang='lat' dir='ltr'>potest</span> <span class='ocrx_word' id='word_1_591' title='bbox 1654 1115 1811 1160; x_wconf 80' lang='lat' dir='ltr'>distingui</span> <span class='ocrx_word' id='word_1_592' title='bbox 1833 1114 2052 1148; x_wconf 61' lang='lat' dir='ltr'>realiteradv</span> 
     </span>
     <span class='ocr_line' id='line_1_82' title="bbox 1178 1163 2051 1209; baseline -0.003 -9"><span class='ocrx_word' id='word_1_593' title='bbox 1178 1166 1275 1209; x_wconf 73' lang='lat' dir='ltr'>quate</span> <span class='ocrx_word' id='word_1_594' title='bbox 1290 1191 1296 1199; x_wconf 95' lang='lat'>.</span> <span class='ocrx_word' id='word_1_595' title='bbox 1319 1167 1405 1200; x_wconf 88' lang='lat' dir='ltr'>Dico</span> <span class='ocrx_word' id='word_1_596' title='bbox 1420 1190 1430 1206; x_wconf 91' lang='lat'>‚</span> <span class='ocrx_word' id='word_1_597' title='bbox 1442 1167 1572 1199; x_wconf 79' lang='lat' dir='ltr'>Realiter</span> <span class='ocrx_word' id='word_1_598' title='bbox 1585 1168 1765 1208; x_wconf 62' lang='lat' dir='ltr'>adaequatiz</span> <span class='ocrx_word' id='word_1_599' title='bbox 1792 1164 1879 1207; x_wconf 88' lang='lat' dir='ltr'>Quia</span> <span class='ocrx_word' id='word_1_600' title='bbox 1892 1163 2051 1207; x_wconf 84' lang='lat' dir='ltr'>distingui</span> 
     </span>
     <span class='ocr_line' id='line_1_83' title="bbox 1180 1214 2051 1260; baseline -0.003 -10"><span class='ocrx_word' id='word_1_601' title='bbox 1180 1216 1282 1260; x_wconf 90' lang='lat' dir='ltr'>potest</span> <span class='ocrx_word' id='word_1_602' title='bbox 1297 1217 1422 1250; x_wconf 82' lang='lat' dir='ltr'>realiter</span> <span class='ocrx_word' id='word_1_603' title='bbox 1444 1215 1642 1259; x_wconf 74' lang='lat' dir='ltr'>inadaequate</span> <span class='ocrx_word' id='word_1_604' title='bbox 1655 1241 1662 1248; x_wconf 90' lang='lat'>.</span> <span class='ocrx_word' id='word_1_605' title='bbox 1689 1216 1812 1249; x_wconf 83' lang='lat' dir='ltr'>Anima</span> <span class='ocrx_word' id='word_1_606' title='bbox 1827 1215 1915 1248; x_wconf 90' lang='lat' dir='ltr'>enim</span> <span class='ocrx_word' id='word_1_607' title='bbox 1927 1226 1996 1247; x_wconf 86' lang='lat' dir='ltr'>mea</span> <span class='ocrx_word' id='word_1_608' title='bbox 2006 1214 2051 1247; x_wconf 82' lang='lat' dir='ltr'>est</span> 
     </span>
     <span class='ocr_line' id='line_1_84' title="bbox 1180 1263 2053 1310; baseline -0.006 -9"><span class='ocrx_word' id='word_1_609' title='bbox 1180 1265 1470 1309; x_wconf 80' lang='lat' dir='ltr'>mihiessentialis3</span> <span class='ocrx_word' id='word_1_610' title='bbox 1498 1267 1516 1300; x_wconf 75' lang='grc' dir='ltr'>ὲ</span> <span class='ocrx_word' id='word_1_611' title='bbox 1540 1277 1607 1310; x_wconf 91' lang='lat' dir='ltr'>quo</span> <span class='ocrx_word' id='word_1_612' title='bbox 1618 1276 1726 1300; x_wconf 88' lang='lat' dir='ltr'>tamen</span> <span class='ocrx_word' id='word_1_613' title='bbox 1740 1263 2053 1306; x_wconf 80' lang='lat' dir='ltr'>realiterinadaequa-</span> 
     </span>
     <span class='ocr_line' id='line_1_85' title="bbox 1179 1312 2052 1362; baseline -0.006 -11"><span class='ocrx_word' id='word_1_614' title='bbox 1179 1317 1210 1351; x_wconf 77' lang='lat' dir='ltr'>te</span> <span class='ocrx_word' id='word_1_615' title='bbox 1221 1316 1428 1362; x_wconf 87' lang='lat' dir='ltr'>distinguitur</span> <span class='ocrx_word' id='word_1_616' title='bbox 1438 1342 1445 1349; x_wconf 94' lang='lat'><strong><em>.</em></strong></span> <span class='ocrx_word' id='word_1_617' title='bbox 1470 1316 1573 1358; x_wconf 86' lang='lat' dir='ltr'>Atqui</span> <span class='ocrx_word' id='word_1_618' title='bbox 1586 1315 1746 1351; x_wconf 88' lang='lat' dir='ltr'>terminus</span> <span class='ocrx_word' id='word_1_619' title='bbox 1756 1315 1797 1349; x_wconf 90' lang='lat' dir='ltr'>ab</span> <span class='ocrx_word' id='word_1_620' title='bbox 1807 1314 1936 1348; x_wconf 69' lang='lat' dir='ltr'>afflone</span> <span class='ocrx_word' id='word_1_621' title='bbox 1945 1338 1955 1355; x_wconf 89' lang='lat'>‚</span> <span class='ocrx_word' id='word_1_622' title='bbox 1982 1312 2052 1346; x_wconf 90' lang='lat' dir='ltr'>sub-</span> 
     </span>
     <span class='ocr_line' id='line_1_86' title="bbox 1178 1363 2051 1411; baseline -0.006 -10"><span class='ocrx_word' id='word_1_623' title='bbox 1178 1368 1296 1411; x_wconf 62' lang='lat' dir='ltr'>jeaum</span> <span class='ocrx_word' id='word_1_624' title='bbox 1307 1368 1324 1401; x_wconf 71' lang='lat' dir='ltr'>a</span> <span class='ocrx_word' id='word_1_625' title='bbox 1339 1368 1492 1411; x_wconf 75' lang='lat' dir='ltr'>pastione,</span> <span class='ocrx_word' id='word_1_626' title='bbox 1507 1377 1650 1401; x_wconf 85' lang='lat' dir='ltr'>extrema</span> <span class='ocrx_word' id='word_1_627' title='bbox 1661 1366 1703 1400; x_wconf 85' lang='lat' dir='ltr'>ab</span> <span class='ocrx_word' id='word_1_628' title='bbox 1714 1365 1838 1400; x_wconf 88' lang='lat' dir='ltr'>unione</span> <span class='ocrx_word' id='word_1_629' title='bbox 1848 1363 2051 1408; x_wconf 88' lang='lat' dir='ltr'>distinguun-</span> 
     </span>
     <span class='ocr_line' id='line_1_87' title="bbox 1180 1413 2052 1461; baseline -0.003 -11"><span class='ocrx_word' id='word_1_630' title='bbox 1180 1428 1231 1451; x_wconf 91' lang='lat' dir='ltr'>tur</span> <span class='ocrx_word' id='word_1_631' title='bbox 1255 1418 1381 1453; x_wconf 76' lang='lat' dir='ltr'>realiter</span> <span class='ocrx_word' id='word_1_632' title='bbox 1401 1417 1585 1461; x_wconf 74' lang='lat' dir='ltr'>adaequate:</span> <span class='ocrx_word' id='word_1_633' title='bbox 1611 1428 1648 1452; x_wconf 91' lang='lat' dir='ltr'>ut</span> <span class='ocrx_word' id='word_1_634' title='bbox 1671 1426 1788 1450; x_wconf 88' lang='lat' dir='ltr'>notum</span> <span class='ocrx_word' id='word_1_635' title='bbox 1809 1413 1855 1448; x_wconf 89' lang='lat' dir='ltr'>est</span> <span class='ocrx_word' id='word_1_636' title='bbox 1871 1414 2052 1448; x_wconf 85' lang='lat' dir='ltr'>sanioribus</span> 
     </span>
     <span class='ocr_line' id='line_1_88' title="bbox 1179 1461 2054 1514; baseline -0.005 -13"><span class='ocrx_word' id='word_1_637' title='bbox 1179 1467 1341 1511; x_wconf 79' lang='lat' dir='ltr'>Physicis.</span> <span class='ocrx_word' id='word_1_638' title='bbox 1374 1468 1463 1514; x_wconf 86' lang='lat' dir='ltr'>Ergo</span> <span class='ocrx_word' id='word_1_639' title='bbox 1487 1469 1542 1502; x_wconf 89' lang='lat' dir='ltr'>illa</span> <span class='ocrx_word' id='word_1_640' title='bbox 1571 1461 1637 1502; x_wconf 88' lang='lat' dir='ltr'>non</span> <span class='ocrx_word' id='word_1_641' title='bbox 1660 1468 1791 1510; x_wconf 88' lang='lat' dir='ltr'>possunt</span> <span class='ocrx_word' id='word_1_642' title='bbox 1804 1465 1868 1499; x_wconf 89' lang='lat' dir='ltr'>illis</span> <span class='ocrx_word' id='word_1_643' title='bbox 1879 1466 2054 1499; x_wconf 89' lang='lat' dir='ltr'>esseessen-</span> 
     </span>
     <span class='ocr_line' id='line_1_89' title="bbox 1178 1514 2055 1562; baseline -0.006 -10"><span class='ocrx_word' id='word_1_644' title='bbox 1178 1519 1285 1552; x_wconf 87' lang='lat' dir='ltr'>tialia.</span> <span class='ocrx_word' id='word_1_645' title='bbox 1306 1523 1396 1552; x_wconf 73' lang='lat' dir='ltr'>Ratio</span> <span class='ocrx_word' id='word_1_646' title='bbox 1418 1521 1541 1559; x_wconf 68' lang='lat' dir='ltr'>masoris</span> <span class='ocrx_word' id='word_1_647' title='bbox 1564 1518 1623 1557; x_wconf 83' lang='lat' dir='ltr'>est:</span> <span class='ocrx_word' id='word_1_648' title='bbox 1651 1518 1742 1562; x_wconf 86' lang='lat' dir='ltr'>Qia</span> <span class='ocrx_word' id='word_1_649' title='bbox 1764 1515 1874 1550; x_wconf 90' lang='lat' dir='ltr'>omnis</span> <span class='ocrx_word' id='word_1_650' title='bbox 1897 1516 1999 1549; x_wconf 87' lang='lat' dir='ltr'>forma</span> <span class='ocrx_word' id='word_1_651' title='bbox 2009 1514 2055 1548; x_wconf 88' lang='lat' dir='ltr'>es·</span> 
     </span>
     <span class='ocr_line' id='line_1_90' title="bbox 1179 1565 2058 1609; baseline -0.006 -8"><span class='ocrx_word' id='word_1_652' title='bbox 1179 1568 1320 1601; x_wconf 87' lang='lat' dir='ltr'>sentialis</span> <span class='ocrx_word' id='word_1_653' title='bbox 1333 1567 1428 1602; x_wconf 87' lang='lat' dir='ltr'>debet</span> <span class='ocrx_word' id='word_1_654' title='bbox 1440 1568 1505 1600; x_wconf 85' lang='lat' dir='ltr'>esse</span> <span class='ocrx_word' id='word_1_655' title='bbox 1516 1566 1737 1609; x_wconf 82' lang='lat' dir='ltr'>inseparabilis</span> <span class='ocrx_word' id='word_1_656' title='bbox 1747 1565 1788 1599; x_wconf 87' lang='lat' dir='ltr'>ab</span> <span class='ocrx_word' id='word_1_657' title='bbox 1800 1577 1840 1598; x_wconf 89' lang='lat' dir='ltr'>eo</span> <span class='ocrx_word' id='word_1_658' title='bbox 1849 1585 1861 1601; x_wconf 79' lang='lat'>‚</span> <span class='ocrx_word' id='word_1_659' title='bbox 1887 1571 1940 1599; x_wconf 77' lang='lat' dir='ltr'>cui</span> <span class='ocrx_word' id='word_1_660' title='bbox 1954 1566 2058 1598; x_wconf 82' lang='lat' dir='ltr'>esseu-</span> 
     </span>
     <span class='ocr_line' id='line_1_91' title="bbox 1178 1612 2058 1661; baseline -0.007 -9"><span class='ocrx_word' id='word_1_661' title='bbox 1178 1618 1267 1652; x_wconf 88' lang='lat' dir='ltr'>tialis</span> <span class='ocrx_word' id='word_1_662' title='bbox 1286 1617 1331 1651; x_wconf 85' lang='lat' dir='ltr'>est</span> <span class='ocrx_word' id='word_1_663' title='bbox 1345 1630 1357 1650; x_wconf 91' lang='lat'>.·</span> <span class='ocrx_word' id='word_1_664' title='bbox 1382 1616 1474 1661; x_wconf 87' lang='lat' dir='ltr'>atqui</span> <span class='ocrx_word' id='word_1_665' title='bbox 1487 1617 1600 1650; x_wconf 85' lang='lat' dir='ltr'>omnia</span> <span class='ocrx_word' id='word_1_666' title='bbox 1621 1615 1748 1650; x_wconf 88' lang='lat' dir='ltr'>realiter</span> <span class='ocrx_word' id='word_1_667' title='bbox 1771 1612 1934 1657; x_wconf 71' lang='lat' dir='ltr'>adaequate</span> <span class='ocrx_word' id='word_1_668' title='bbox 1946 1614 2058 1647; x_wconf 85' lang='lat' dir='ltr'>distin·</span> 
     </span>
     <span class='ocr_line' id='line_1_92' title="bbox 1178 1663 2056 1708; baseline -0.005 -7"><span class='ocrx_word' id='word_1_669' title='bbox 1178 1670 1226 1701; x_wconf 71' lang='lat' dir='ltr'>&amp;a</span> <span class='ocrx_word' id='word_1_670' title='bbox 1238 1669 1312 1701; x_wconf 91' lang='lat' dir='ltr'>sunt</span> <span class='ocrx_word' id='word_1_671' title='bbox 1335 1666 1353 1700; x_wconf 71' lang='lat' dir='ltr'>a</span> <span class='ocrx_word' id='word_1_672' title='bbox 1374 1668 1437 1701; x_wconf 88' lang='lat' dir='ltr'>sese</span> <span class='ocrx_word' id='word_1_673' title='bbox 1459 1677 1576 1701; x_wconf 88' lang='lat' dir='ltr'>mutuo</span> <span class='ocrx_word' id='word_1_674' title='bbox 1596 1666 1724 1700; x_wconf 84' lang='lat' dir='ltr'>realiter</span> <span class='ocrx_word' id='word_1_675' title='bbox 1736 1663 1945 1708; x_wconf 82' lang='lat' dir='ltr'>separabilia:</span> <span class='ocrx_word' id='word_1_676' title='bbox 1976 1673 2056 1706; x_wconf 83' lang='lat' dir='ltr'>ergo</span> 
     </span>
     <span class='ocr_line' id='line_1_93' title="bbox 1178 1714 2054 1761; baseline -0.005 -10"><span class='ocrx_word' id='word_1_677' title='bbox 1178 1719 1262 1751; x_wconf 90' lang='lat' dir='ltr'>inter</span> <span class='ocrx_word' id='word_1_678' title='bbox 1284 1716 1352 1751; x_wconf 89' lang='lat' dir='ltr'>duo</span> <span class='ocrx_word' id='word_1_679' title='bbox 1374 1716 1501 1751; x_wconf 83' lang='lat' dir='ltr'>realiter</span> <span class='ocrx_word' id='word_1_680' title='bbox 1523 1715 1689 1761; x_wconf 73' lang='lat' dir='ltr'>adaequate</span> <span class='ocrx_word' id='word_1_681' title='bbox 1700 1714 1871 1754; x_wconf 70' lang='lat' dir='ltr'>distincta,</span> <span class='ocrx_word' id='word_1_682' title='bbox 1900 1721 2054 1747; x_wconf 86' lang='lat' dir='ltr'>neutrum</span> 
     </span>
     <span class='ocr_line' id='line_1_94' title="bbox 1178 1767 2065 1810; baseline -0.005 -9"><span class='ocrx_word' id='word_1_683' title='bbox 1178 1767 1279 1810; x_wconf 83' lang='lat' dir='ltr'>potest</span> <span class='ocrx_word' id='word_1_684' title='bbox 1294 1768 1387 1801; x_wconf 86' lang='lat' dir='ltr'>alteri</span> <span class='ocrx_word' id='word_1_685' title='bbox 1399 1767 1464 1801; x_wconf 88' lang='lat' dir='ltr'>esse</span> <span class='ocrx_word' id='word_1_686' title='bbox 1476 1767 1646 1801; x_wconf 82' lang='lat' dir='ltr'>essentiale</span> <span class='ocrx_word' id='word_1_687' title='bbox 1657 1791 1664 1798; x_wconf 95' lang='lat'>.</span> <span class='ocrx_word' id='word_1_688' title='bbox 2062 1806 2065 1808; x_wconf 87' lang='lat'>.</span> 
     </span>
    </p>

    <p class='ocr_par' dir='ltr' id='par_1_19' title="bbox 1170 1813 2075 2501">
     <span class='ocr_line' id='line_1_95' title="bbox 1228 1813 2067 1861; baseline -0.008 -8"><span class='ocrx_word' id='word_1_689' title='bbox 1228 1828 1258 1853; x_wconf 89' lang='lat'>2.</span> <span class='ocrx_word' id='word_1_690' title='bbox 1287 1816 1363 1861; x_wconf 88' lang='lat' dir='ltr'>Ego</span> <span class='ocrx_word' id='word_1_691' title='bbox 1389 1827 1469 1861; x_wconf 88' lang='lat' dir='ltr'>ergo</span> <span class='ocrx_word' id='word_1_692' title='bbox 1490 1817 1596 1850; x_wconf 88' lang='lat' dir='ltr'>dicere</span> <span class='ocrx_word' id='word_1_693' title='bbox 1611 1817 1700 1851; x_wconf 90' lang='lat' dir='ltr'>soleo</span> <span class='ocrx_word' id='word_1_694' title='bbox 1712 1815 1775 1850; x_wconf 87' lang='lat' dir='ltr'>hoc</span> <span class='ocrx_word' id='word_1_695' title='bbox 1787 1815 1906 1849; x_wconf 85' lang='lat' dir='ltr'>modo:</span> <span class='ocrx_word' id='word_1_696' title='bbox 1938 1813 2067 1849; x_wconf 83' lang='lat' dir='ltr'>Unam.</span> 
     </span>
     <span class='ocr_line' id='line_1_96' title="bbox 1177 1863 2056 1901; baseline -0.001 -2"><span class='ocrx_word' id='word_1_697' title='bbox 1177 1877 1243 1900; x_wconf 87' lang='lat' dir='ltr'>rem</span> <span class='ocrx_word' id='word_1_698' title='bbox 1267 1867 1333 1900; x_wconf 87' lang='lat' dir='ltr'>esse</span> <span class='ocrx_word' id='word_1_699' title='bbox 1356 1867 1446 1900; x_wconf 88' lang='lat' dir='ltr'>alteri</span> <span class='ocrx_word' id='word_1_700' title='bbox 1470 1867 1671 1901; x_wconf 87' lang='lat' dir='ltr'>essentialem</span> <span class='ocrx_word' id='word_1_701' title='bbox 1696 1866 1851 1899; x_wconf 84' lang='lat' dir='ltr'>estunam</span> <span class='ocrx_word' id='word_1_702' title='bbox 1872 1863 1983 1898; x_wconf 88' lang='lat' dir='ltr'>remin</span> <span class='ocrx_word' id='word_1_703' title='bbox 1998 1865 2056 1898; x_wconf 77' lang='lat' dir='ltr'>suo</span> 
     </span>
     <span class='ocr_line' id='line_1_97' title="bbox 1174 1912 2057 1956; baseline 0 -8"><span class='ocrx_word' id='word_1_704' title='bbox 1174 1917 1238 1948; x_wconf 87' lang='lat' dir='ltr'>esse</span> <span class='ocrx_word' id='word_1_705' title='bbox 1250 1916 1449 1949; x_wconf 78' lang='lat' dir='ltr'>constituere</span> <span class='ocrx_word' id='word_1_706' title='bbox 1462 1916 1556 1949; x_wconf 87' lang='lat' dir='ltr'>aliam</span> <span class='ocrx_word' id='word_1_707' title='bbox 1569 1927 1582 1956; x_wconf 92' lang='lat'><em>;</em></span> <span class='ocrx_word' id='word_1_708' title='bbox 1605 1916 1639 1949; x_wconf 77' lang='grc' dir='ltr'>δε</span> <span class='ocrx_word' id='word_1_709' title='bbox 1653 1916 1759 1950; x_wconf 86' lang='lat' dir='ltr'>forma</span> <span class='ocrx_word' id='word_1_710' title='bbox 1776 1912 1958 1949; x_wconf 83' lang='lat' dir='ltr'>essentialis</span> <span class='ocrx_word' id='word_1_711' title='bbox 1970 1914 2057 1948; x_wconf 88' lang='lat' dir='ltr'>idem</span> 
     </span>
     <span class='ocr_line' id='line_1_98' title="bbox 1174 1963 2057 2010; baseline 0.001 -14"><span class='ocrx_word' id='word_1_712' title='bbox 1174 1964 1218 1997; x_wconf 87' lang='lat' dir='ltr'>est</span> <span class='ocrx_word' id='word_1_713' title='bbox 1231 1989 1241 2004; x_wconf 92' lang='lat'>‚</span> <span class='ocrx_word' id='word_1_714' title='bbox 1276 1963 1365 2006; x_wconf 88' lang='lat' dir='ltr'>quod</span> <span class='ocrx_word' id='word_1_715' title='bbox 1380 1966 1485 1998; x_wconf 88' lang='lat' dir='ltr'>forma</span> <span class='ocrx_word' id='word_1_716' title='bbox 1504 1966 1725 2008; x_wconf 78' lang='lat' dir='ltr'>constituens3</span> <span class='ocrx_word' id='word_1_717' title='bbox 1757 1977 1784 1999; x_wconf 90' lang='lat' dir='ltr'>v.</span> <span class='ocrx_word' id='word_1_718' title='bbox 1797 1977 1827 2010; x_wconf 87' lang='lat' dir='ltr'>g.</span> <span class='ocrx_word' id='word_1_719' title='bbox 1841 1964 1974 2000; x_wconf 86' lang='lat' dir='ltr'>materia</span> <span class='ocrx_word' id='word_1_720' title='bbox 1989 1966 2057 2007; x_wconf 82' lang='lat' dir='ltr'>pri-</span> 
     </span>
     <span class='ocr_line' id='line_1_99' title="bbox 1174 2014 2058 2054; baseline 0.001 -8"><span class='ocrx_word' id='word_1_721' title='bbox 1174 2025 1227 2047; x_wconf 86' lang='lat' dir='ltr'>ma</span> <span class='ocrx_word' id='word_1_722' title='bbox 1246 2038 1256 2053; x_wconf 89' lang='lat'>‚</span> <span class='ocrx_word' id='word_1_723' title='bbox 1267 2014 1377 2047; x_wconf 84' lang='lat' dir='ltr'>anima</span> <span class='ocrx_word' id='word_1_724' title='bbox 1391 2039 1402 2054; x_wconf 94' lang='lat'>,</span> <span class='ocrx_word' id='word_1_725' title='bbox 1423 2015 1455 2048; x_wconf 84' lang='lat'>&amp;</span> <span class='ocrx_word' id='word_1_726' title='bbox 1468 2015 1549 2049; x_wconf 86' lang='lat' dir='ltr'>unio</span> <span class='ocrx_word' id='word_1_727' title='bbox 1561 2017 1634 2049; x_wconf 88' lang='lat' dir='ltr'>sunt</span> <span class='ocrx_word' id='word_1_728' title='bbox 1647 2015 1728 2049; x_wconf 89' lang='lat' dir='ltr'>mihi</span> <span class='ocrx_word' id='word_1_729' title='bbox 1743 2015 1925 2050; x_wconf 86' lang='lat' dir='ltr'>essentialia</span> <span class='ocrx_word' id='word_1_730' title='bbox 1937 2027 1948 2047; x_wconf 92' lang='lat'><em>:</em></span> <span class='ocrx_word' id='word_1_731' title='bbox 1977 2026 2058 2048; x_wconf 92' lang='lat' dir='ltr'>non-</span> 
     </span>
     <span class='ocr_line' id='line_1_100' title="bbox 1175 2063 2055 2104; baseline 0 -7"><span class='ocrx_word' id='word_1_732' title='bbox 1175 2063 1216 2097; x_wconf 74' lang='lat' dir='ltr'>ne</span> <span class='ocrx_word' id='word_1_733' title='bbox 1227 2063 1304 2104; x_wconf 90' lang='lat' dir='ltr'>quia</span> <span class='ocrx_word' id='word_1_734' title='bbox 1319 2066 1416 2097; x_wconf 88' lang='lat' dir='ltr'>mein</span> <span class='ocrx_word' id='word_1_735' title='bbox 1439 2076 1514 2098; x_wconf 88' lang='lat' dir='ltr'>meo</span> <span class='ocrx_word' id='word_1_736' title='bbox 1526 2065 1590 2099; x_wconf 87' lang='lat' dir='ltr'>esse</span> <span class='ocrx_word' id='word_1_737' title='bbox 1601 2065 1807 2099; x_wconf 87' lang='lat' dir='ltr'>constituunt</span> <span class='ocrx_word' id='word_1_738' title='bbox 1820 2065 1837 2096; x_wconf 67' lang='lat'><em>3</em></span> <span class='ocrx_word' id='word_1_739' title='bbox 1862 2066 1943 2099; x_wconf 80' lang='lat' dir='ltr'>item</span> <span class='ocrx_word' id='word_1_740' title='bbox 1959 2064 2000 2098; x_wconf 87' lang='lat' dir='ltr'>de</span> <span class='ocrx_word' id='word_1_741' title='bbox 2011 2066 2055 2097; x_wconf 88' lang='lat' dir='ltr'>es·</span> 
     </span>
     <span class='ocr_line' id='line_1_101' title="bbox 1173 2111 2075 2157; baseline 0.003 -13"><span class='ocrx_word' id='word_1_742' title='bbox 1173 2113 1278 2144; x_wconf 86' lang='lat' dir='ltr'>sentia</span> <span class='ocrx_word' id='word_1_743' title='bbox 1300 2111 1369 2144; x_wconf 85' lang='lat' dir='ltr'>albi</span> <span class='ocrx_word' id='word_1_744' title='bbox 1390 2112 1436 2144; x_wconf 86' lang='lat' dir='ltr'>est</span> <span class='ocrx_word' id='word_1_745' title='bbox 1459 2113 1659 2153; x_wconf 70' lang='lat' dir='ltr'>subjeetum,</span> <span class='ocrx_word' id='word_1_746' title='bbox 1686 2115 1871 2156; x_wconf 80' lang='lat' dir='ltr'>&amp;albed03</span> <span class='ocrx_word' id='word_1_747' title='bbox 1899 2114 1974 2157; x_wconf 88' lang='lat' dir='ltr'>quia</span> <span class='ocrx_word' id='word_1_748' title='bbox 1989 2113 2075 2147; x_wconf 63' lang='lat' dir='ltr'>haec‘-</span> 
     </span>
     <span class='ocr_line' id='line_1_102' title="bbox 1173 2159 2057 2204; baseline 0.002 -10"><span class='ocrx_word' id='word_1_749' title='bbox 1173 2161 1240 2194; x_wconf 93' lang='lat' dir='ltr'>duo</span> <span class='ocrx_word' id='word_1_750' title='bbox 1255 2160 1365 2194; x_wconf 86' lang='lat' dir='ltr'>album</span> <span class='ocrx_word' id='word_1_751' title='bbox 1376 2159 1580 2195; x_wconf 81' lang='lat' dir='ltr'>constituunt</span> <span class='ocrx_word' id='word_1_752' title='bbox 1593 2163 1628 2196; x_wconf 87' lang='lat' dir='ltr'>in</span> <span class='ocrx_word' id='word_1_753' title='bbox 1638 2163 1703 2197; x_wconf 85' lang='lat' dir='ltr'>esse</span> <span class='ocrx_word' id='word_1_754' title='bbox 1715 2163 1795 2196; x_wconf 88' lang='lat' dir='ltr'>albi.-</span> <span class='ocrx_word' id='word_1_755' title='bbox 1807 2166 1850 2195; x_wconf 85' lang='lat' dir='ltr'>Et</span> <span class='ocrx_word' id='word_1_756' title='bbox 1860 2169 1938 2196; x_wconf 79' lang='lat' dir='ltr'>ratio</span> <span class='ocrx_word' id='word_1_757' title='bbox 1952 2165 2057 2204; x_wconf 61' lang='lat' dir='ltr'>Eprio-</span> 
     </span>
     <span class='ocr_line' id='line_1_103' title="bbox 1171 2210 2054 2256; baseline 0.005 -14"><span class='ocrx_word' id='word_1_758' title='bbox 1171 2217 1198 2242; x_wconf 78' lang='grc' dir='ltr'>η·</span> <span class='ocrx_word' id='word_1_759' title='bbox 1210 2210 1255 2243; x_wconf 63' lang='lat' dir='ltr'>eli:</span> <span class='ocrx_word' id='word_1_760' title='bbox 1268 2210 1358 2256; x_wconf 81' lang='lat' dir='ltr'>Qia</span> <span class='ocrx_word' id='word_1_761' title='bbox 1370 2211 1540 2244; x_wconf 88' lang='lat' dir='ltr'>essentiale</span> <span class='ocrx_word' id='word_1_762' title='bbox 1552 2210 1637 2245; x_wconf 85' lang='lat' dir='ltr'>idem</span> <span class='ocrx_word' id='word_1_763' title='bbox 1652 2212 1801 2256; x_wconf 83' lang='lat' dir='ltr'>est‚quod</span> <span class='ocrx_word' id='word_1_764' title='bbox 1815 2213 2054 2254; x_wconf 79' lang='lat' dir='ltr'>essentia3idern</span> 
     </span>
     <span class='ocr_line' id='line_1_104' title="bbox 1171 2259 2056 2303; baseline 0.006 -11"><span class='ocrx_word' id='word_1_765' title='bbox 1171 2259 1215 2292; x_wconf 90' lang='lat' dir='ltr'>est</span> <span class='ocrx_word' id='word_1_766' title='bbox 1231 2282 1241 2298; x_wconf 94' lang='lat'>‚</span> <span class='ocrx_word' id='word_1_767' title='bbox 1264 2259 1352 2300; x_wconf 89' lang='lat' dir='ltr'>quod</span> <span class='ocrx_word' id='word_1_768' title='bbox 1365 2260 1409 2291; x_wconf 89' lang='lat' dir='ltr'>rei</span> <span class='ocrx_word' id='word_1_769' title='bbox 1420 2261 1538 2292; x_wconf 85' lang='lat' dir='ltr'>entitas</span> <span class='ocrx_word' id='word_1_770' title='bbox 1555 2262 1664 2303; x_wconf 90' lang='lat' dir='ltr'>:atqui</span> <span class='ocrx_word' id='word_1_771' title='bbox 1678 2263 1812 2295; x_wconf 86' lang='lat' dir='ltr'>essentia</span> <span class='ocrx_word' id='word_1_772' title='bbox 1825 2264 1868 2296; x_wconf 90' lang='lat' dir='ltr'>rei</span> <span class='ocrx_word' id='word_1_773' title='bbox 1885 2287 1895 2302; x_wconf 87' lang='lat'>,</span> <span class='ocrx_word' id='word_1_774' title='bbox 1907 2264 1959 2296; x_wconf 89' lang='lat' dir='ltr'>seu</span> <span class='ocrx_word' id='word_1_775' title='bbox 1972 2264 2056 2297; x_wconf 87' lang='lat' dir='ltr'>enti·</span> 
     </span>
     <span class='ocr_line' id='line_1_105' title="bbox 1171 2307 2053 2355; baseline 0.005 -14"><span class='ocrx_word' id='word_1_776' title='bbox 1171 2318 1218 2341; x_wconf 90' lang='lat' dir='ltr'>tas</span> <span class='ocrx_word' id='word_1_777' title='bbox 1231 2308 1275 2340; x_wconf 90' lang='lat' dir='ltr'>rei</span> <span class='ocrx_word' id='word_1_778' title='bbox 1288 2307 1331 2340; x_wconf 89' lang='lat' dir='ltr'>est</span> <span class='ocrx_word' id='word_1_779' title='bbox 1346 2307 1379 2341; x_wconf 89' lang='lat' dir='ltr'>id</span> <span class='ocrx_word' id='word_1_780' title='bbox 1398 2331 1408 2347; x_wconf 92' lang='lat'>‚</span> <span class='ocrx_word' id='word_1_781' title='bbox 1433 2308 1520 2349; x_wconf 90' lang='lat' dir='ltr'>quod</span> <span class='ocrx_word' id='word_1_782' title='bbox 1536 2319 1600 2340; x_wconf 91' lang='lat' dir='ltr'>rem</span> <span class='ocrx_word' id='word_1_783' title='bbox 1615 2310 1647 2341; x_wconf 90' lang='lat' dir='ltr'>in</span> <span class='ocrx_word' id='word_1_784' title='bbox 1664 2309 1721 2342; x_wconf 92' lang='lat' dir='ltr'>suo</span> <span class='ocrx_word' id='word_1_785' title='bbox 1732 2311 1800 2343; x_wconf 82' lang='lat' dir='ltr'>esse</span> <span class='ocrx_word' id='word_1_786' title='bbox 1814 2310 2053 2355; x_wconf 57' lang='lat' dir='ltr'>dialogum&amp;</span> 
     </span>
     <span class='ocr_line' id='line_1_106' title="bbox 1172 2355 2054 2401; baseline 0.005 -11"><span class='ocrx_word' id='word_1_787' title='bbox 1172 2355 1343 2390; x_wconf 85' lang='lat' dir='ltr'>constituit</span> <span class='ocrx_word' id='word_1_788' title='bbox 1357 2370 1364 2390; x_wconf 93' lang='lat'>:</span> <span class='ocrx_word' id='word_1_789' title='bbox 1391 2368 1472 2401; x_wconf 87' lang='lat' dir='ltr'>ergo</span> <span class='ocrx_word' id='word_1_790' title='bbox 1492 2358 1590 2391; x_wconf 89' lang='lat' dir='ltr'>etiam</span> <span class='ocrx_word' id='word_1_791' title='bbox 1604 2359 1773 2392; x_wconf 88' lang='lat' dir='ltr'>essentiale</span> <span class='ocrx_word' id='word_1_792' title='bbox 1785 2384 1796 2399; x_wconf 93' lang='lat'>,</span> <span class='ocrx_word' id='word_1_793' title='bbox 1824 2359 1876 2393; x_wconf 92' lang='lat' dir='ltr'>seu</span> <span class='ocrx_word' id='word_1_794' title='bbox 1891 2359 1996 2393; x_wconf 84' lang='lat' dir='ltr'>forma</span> <span class='ocrx_word' id='word_1_795' title='bbox 2008 2362 2054 2394; x_wconf 87' lang='lat' dir='ltr'>es·</span> 
     </span>
     <span class='ocr_line' id='line_1_107' title="bbox 1170 2406 2054 2449; baseline 0.006 -10"><span class='ocrx_word' id='word_1_796' title='bbox 1170 2407 1314 2440; x_wconf 83' lang='lat' dir='ltr'>sentialis</span> <span class='ocrx_word' id='word_1_797' title='bbox 1337 2406 1381 2440; x_wconf 84' lang='lat' dir='ltr'>est</span> <span class='ocrx_word' id='word_1_798' title='bbox 1403 2407 1484 2441; x_wconf 90' lang='lat' dir='ltr'>illud</span> <span class='ocrx_word' id='word_1_799' title='bbox 1498 2432 1508 2447; x_wconf 91' lang='lat'>,</span> <span class='ocrx_word' id='word_1_800' title='bbox 1535 2409 1623 2449; x_wconf 79' lang='lat' dir='ltr'>qnod</span> <span class='ocrx_word' id='word_1_801' title='bbox 1653 2408 1766 2442; x_wconf 89' lang='lat' dir='ltr'>remin</span> <span class='ocrx_word' id='word_1_802' title='bbox 1781 2410 1838 2442; x_wconf 89' lang='lat' dir='ltr'>suo</span> <span class='ocrx_word' id='word_1_803' title='bbox 1850 2410 1915 2443; x_wconf 89' lang='lat' dir='ltr'>esse</span> <span class='ocrx_word' id='word_1_804' title='bbox 1927 2410 2054 2444; x_wconf 88' lang='lat' dir='ltr'>consti·</span> 
     </span>
     <span class='ocr_line' id='line_1_108' title="bbox 1170 2457 1769 2501; baseline 0 -10"><span class='ocrx_word' id='word_1_805' title='bbox 1170 2458 1255 2491; x_wconf 90' lang='lat' dir='ltr'>tuit.</span> <span class='ocrx_word' id='word_1_806' title='bbox 1284 2457 1338 2491; x_wconf 92' lang='lat' dir='ltr'>De</span> <span class='ocrx_word' id='word_1_807' title='bbox 1357 2467 1423 2500; x_wconf 90' lang='lat' dir='ltr'>quo</span> <span class='ocrx_word' id='word_1_808' title='bbox 1442 2457 1519 2491; x_wconf 80' lang='lat' dir='ltr'>alibi</span> <span class='ocrx_word' id='word_1_809' title='bbox 1537 2460 1642 2492; x_wconf 66' lang='lat' dir='ltr'>fortan</span> <span class='ocrx_word' id='word_1_810' title='bbox 1661 2459 1769 2501; x_wconf 87' lang='lat' dir='ltr'>plura.</span> 
     </span>
    </p>

    <p class='ocr_par' dir='ltr' id='par_1_20' title="bbox 1164 2506 2047 3249">
     <span class='ocr_line' id='line_1_109' title="bbox 1221 2506 2047 2555; baseline 0.006 -16"><span class='ocrx_word' id='word_1_811' title='bbox 1221 2516 1250 2553; x_wconf 86' lang='lat'>3.</span> <span class='ocrx_word' id='word_1_812' title='bbox 1279 2508 1412 2541; x_wconf 82' lang='lat' dir='ltr'>Adverte</span> <span class='ocrx_word' id='word_1_813' title='bbox 1428 2506 1570 2550; x_wconf 65' lang='lat' dir='ltr'>secunda:</span> <span class='ocrx_word' id='word_1_814' title='bbox 1603 2507 1695 2555; x_wconf 80' lang='lat' dir='ltr'>Qid</span> <span class='ocrx_word' id='word_1_815' title='bbox 1721 2510 1756 2543; x_wconf 86' lang='lat' dir='ltr'>fit</span> <span class='ocrx_word' id='word_1_816' title='bbox 1785 2510 1991 2553; x_wconf 73' lang='lat' dir='ltr'>praedicatum</span> <span class='ocrx_word' id='word_1_817' title='bbox 2003 2511 2047 2544; x_wconf 91' lang='lat' dir='ltr'>es-</span> 
     </span>
     <span class='ocr_line' id='line_1_110' title="bbox 1170 2557 2046 2601; baseline 0.002 -9"><span class='ocrx_word' id='word_1_818' title='bbox 1170 2557 1329 2597; x_wconf 88' lang='lat' dir='ltr'>sentiale,</span> <span class='ocrx_word' id='word_1_819' title='bbox 1356 2558 1437 2601; x_wconf 89' lang='lat' dir='ltr'>quid</span> <span class='ocrx_word' id='word_1_820' title='bbox 1458 2559 1658 2591; x_wconf 87' lang='lat' dir='ltr'>accidentale</span> <span class='ocrx_word' id='word_1_821' title='bbox 1681 2582 1688 2590; x_wconf 90' lang='lat'><strong>.</strong></span> <span class='ocrx_word' id='word_1_822' title='bbox 1717 2559 1797 2594; x_wconf 90' lang='lat' dir='ltr'>Hoc</span> <span class='ocrx_word' id='word_1_823' title='bbox 1819 2572 1926 2594; x_wconf 88' lang='lat' dir='ltr'>autem</span> <span class='ocrx_word' id='word_1_824' title='bbox 1950 2560 2046 2594; x_wconf 76' lang='lat' dir='ltr'>facile</span> 
     </span>
     <span class='ocr_line' id='line_1_111' title="bbox 1170 2607 2044 2653; baseline 0.003 -12"><span class='ocrx_word' id='word_1_825' title='bbox 1170 2607 1274 2650; x_wconf 89' lang='lat' dir='ltr'>potest</span> <span class='ocrx_word' id='word_1_826' title='bbox 1287 2607 1354 2641; x_wconf 87' lang='lat' dir='ltr'>erui</span> <span class='ocrx_word' id='word_1_827' title='bbox 1369 2619 1409 2642; x_wconf 86' lang='lat' dir='ltr'>ex</span> <span class='ocrx_word' id='word_1_828' title='bbox 1421 2607 1485 2641; x_wconf 89' lang='lat' dir='ltr'>illis</span> <span class='ocrx_word' id='word_1_829' title='bbox 1497 2632 1507 2648; x_wconf 91' lang='lat'><strong>,</strong></span> <span class='ocrx_word' id='word_1_830' title='bbox 1535 2618 1605 2651; x_wconf 84' lang='lat' dir='ltr'>quae</span> <span class='ocrx_word' id='word_1_831' title='bbox 1619 2607 1688 2642; x_wconf 88' lang='lat' dir='ltr'>dixi</span> <span class='ocrx_word' id='word_1_832' title='bbox 1714 2610 1803 2653; x_wconf 87' lang='lat' dir='ltr'>supra</span> <span class='ocrx_word' id='word_1_833' title='bbox 1814 2608 1926 2653; x_wconf 79' lang='lat' dir='ltr'>dtsp.8.</span> <span class='ocrx_word' id='word_1_834' title='bbox 1939 2610 2006 2643; x_wconf 84' lang='lat' dir='ltr'>dub.</span> <span class='ocrx_word' id='word_1_835' title='bbox 2016 2622 2044 2647; x_wconf 88' lang='lat'>1.</span> 
     </span>
     <span class='ocr_line' id='line_1_112' title="bbox 1169 2657 2044 2702; baseline 0.005 -12"><span class='ocrx_word' id='word_1_836' title='bbox 1169 2657 1382 2691; x_wconf 85' lang='lat' dir='ltr'>Praedicatum</span> <span class='ocrx_word' id='word_1_837' title='bbox 1409 2659 1518 2701; x_wconf 84' lang='lat' dir='ltr'>itaque</span> <span class='ocrx_word' id='word_1_838' title='bbox 1539 2659 1709 2692; x_wconf 85' lang='lat' dir='ltr'>essentiale</span> <span class='ocrx_word' id='word_1_839' title='bbox 1730 2660 1774 2693; x_wconf 83' lang='lat' dir='ltr'>est</span> <span class='ocrx_word' id='word_1_840' title='bbox 1799 2660 1881 2694; x_wconf 86' lang='lat' dir='ltr'>illud</span> <span class='ocrx_word' id='word_1_841' title='bbox 1905 2685 1917 2701; x_wconf 88' lang='lat'><strong>,</strong></span> <span class='ocrx_word' id='word_1_842' title='bbox 1952 2660 2044 2702; x_wconf 72' lang='lat' dir='ltr'>quus</span> 
     </span>
     <span class='ocr_line' id='line_1_113' title="bbox 1168 2708 2042 2752; baseline 0.006 -13"><span class='ocrx_word' id='word_1_843' title='bbox 1168 2717 1340 2749; x_wconf 86' lang='lat' dir='ltr'>utrumque</span> <span class='ocrx_word' id='word_1_844' title='bbox 1352 2719 1390 2740; x_wconf 81' lang='lat' dir='ltr'>ac</span> <span class='ocrx_word' id='word_1_845' title='bbox 1399 2708 1600 2747; x_wconf 76' lang='lat' dir='ltr'>adaequatum</span> <span class='ocrx_word' id='word_1_846' title='bbox 1612 2709 1828 2752; x_wconf 78' lang='lat' dir='ltr'>significatum</span> <span class='ocrx_word' id='word_1_847' title='bbox 1842 2733 1853 2752; x_wconf 87' lang='lat'><em>,</em></span> <span class='ocrx_word' id='word_1_848' title='bbox 1865 2718 1932 2743; x_wconf 86' lang='lat' dir='ltr'>tam</span> <span class='ocrx_word' id='word_1_849' title='bbox 1945 2721 2042 2744; x_wconf 85' lang='lat' dir='ltr'>mate·</span> 
     </span>
     <span class='ocr_line' id='line_1_114' title="bbox 1168 2756 2043 2802; baseline 0.002 -12"><span class='ocrx_word' id='word_1_850' title='bbox 1168 2757 1246 2790; x_wconf 85' lang='lat' dir='ltr'>riale</span> <span class='ocrx_word' id='word_1_851' title='bbox 1260 2756 1422 2795; x_wconf 92' lang='lat' dir='ltr'>videlicet,</span> <span class='ocrx_word' id='word_1_852' title='bbox 1435 2758 1531 2799; x_wconf 75' lang='lat' dir='ltr'>quam</span> <span class='ocrx_word' id='word_1_853' title='bbox 1543 2758 1700 2801; x_wconf 89' lang='lat' dir='ltr'>formale(</span> <span class='ocrx_word' id='word_1_854' title='bbox 1713 2759 1732 2791; x_wconf 87' lang='lat' dir='ltr'>si</span> <span class='ocrx_word' id='word_1_855' title='bbox 1747 2758 1954 2802; x_wconf 84' lang='lat' dir='ltr'>praedicatum</span> <span class='ocrx_word' id='word_1_856' title='bbox 1965 2770 2043 2794; x_wconf 87' lang='lat' dir='ltr'>con-</span> 
     </span>
     <span class='ocr_line' id='line_1_115' title="bbox 1168 2807 2042 2852; baseline 0.001 -11"><span class='ocrx_word' id='word_1_857' title='bbox 1168 2818 1290 2841; x_wconf 89' lang='lat' dir='ltr'>cretum</span> <span class='ocrx_word' id='word_1_858' title='bbox 1304 2807 1585 2851; x_wconf 86' lang='lat' dir='ltr'>fuerit,utrumque</span> <span class='ocrx_word' id='word_1_859' title='bbox 1597 2807 1661 2842; x_wconf 91' lang='lat' dir='ltr'>hoc</span> <span class='ocrx_word' id='word_1_860' title='bbox 1674 2809 1890 2852; x_wconf 74' lang='lat' dir='ltr'>significatum</span> <span class='ocrx_word' id='word_1_861' title='bbox 1906 2807 2042 2850; x_wconf 87' lang='lat' dir='ltr'>habens)</span> 
     </span>
     <span class='ocr_line' id='line_1_116' title="bbox 1167 2855 2039 2903; baseline 0.002 -12"><span class='ocrx_word' id='word_1_862' title='bbox 1167 2857 1211 2891; x_wconf 85' lang='lat' dir='ltr'>est</span> <span class='ocrx_word' id='word_1_863' title='bbox 1225 2858 1264 2890; x_wconf 93' lang='lat' dir='ltr'>de</span> <span class='ocrx_word' id='word_1_864' title='bbox 1275 2857 1413 2898; x_wconf 75' lang='lat' dir='ltr'>essentia</span> <span class='ocrx_word' id='word_1_865' title='bbox 1427 2855 1579 2899; x_wconf 71' lang='lat' dir='ltr'>subjecti,</span> <span class='ocrx_word' id='word_1_866' title='bbox 1589 2859 1630 2892; x_wconf 91' lang='lat' dir='ltr'>de</span> <span class='ocrx_word' id='word_1_867' title='bbox 1645 2871 1712 2903; x_wconf 87' lang='lat' dir='ltr'>quo</span> <span class='ocrx_word' id='word_1_868' title='bbox 1727 2858 1985 2902; x_wconf 84' lang='lat' dir='ltr'>praedicatur,aut</span> <span class='ocrx_word' id='word_1_869' title='bbox 1996 2858 2039 2893; x_wconf 83' lang='lat' dir='ltr'>ad</span> 
     </span>
     <span class='ocr_line' id='line_1_117' title="bbox 1167 2906 2039 2950; baseline 0.003 -10"><span class='ocrx_word' id='word_1_870' title='bbox 1167 2907 1256 2949; x_wconf 89' lang='lat' dir='ltr'>quod</span> <span class='ocrx_word' id='word_1_871' title='bbox 1267 2917 1471 2950; x_wconf 85' lang='lat' dir='ltr'>comparatur</span> <span class='ocrx_word' id='word_1_872' title='bbox 1482 2932 1489 2940; x_wconf 91' lang='lat'><strong>.</strong></span> <span class='ocrx_word' id='word_1_873' title='bbox 1514 2906 1729 2943; x_wconf 83' lang='lat' dir='ltr'>Praedicatum</span> <span class='ocrx_word' id='word_1_874' title='bbox 1754 2910 1830 2942; x_wconf 79' lang='lat' dir='ltr'>vero</span> <span class='ocrx_word' id='word_1_875' title='bbox 1839 2908 2039 2943; x_wconf 86' lang='lat' dir='ltr'>accidentale</span> 
     </span>
     <span class='ocr_line' id='line_1_118' title="bbox 1165 2957 2042 3002; baseline 0.002 -11"><span class='ocrx_word' id='word_1_876' title='bbox 1165 2957 1300 2991; x_wconf 87' lang='lat' dir='ltr'>estillud</span> <span class='ocrx_word' id='word_1_877' title='bbox 1315 2980 1325 2996; x_wconf 88' lang='lat'>,</span> <span class='ocrx_word' id='word_1_878' title='bbox 1350 2957 1440 3000; x_wconf 83' lang='lat' dir='ltr'>cujus</span> <span class='ocrx_word' id='word_1_879' title='bbox 1450 2957 1635 2993; x_wconf 86' lang='lat' dir='ltr'>alterutrum</span> <span class='ocrx_word' id='word_1_880' title='bbox 1648 2958 1861 3002; x_wconf 79' lang='lat' dir='ltr'>significatum</span> <span class='ocrx_word' id='word_1_881' title='bbox 1877 2984 1887 2999; x_wconf 95' lang='lat'>,</span> <span class='ocrx_word' id='word_1_882' title='bbox 1911 2959 1962 2993; x_wconf 88' lang='lat' dir='ltr'>vel</span> <span class='ocrx_word' id='word_1_883' title='bbox 1976 2970 2042 2993; x_wconf 86' lang='lat' dir='ltr'>ma·</span> 
     </span>
     <span class='ocr_line' id='line_1_119' title="bbox 1165 3007 2042 3049; baseline 0.002 -8"><span class='ocrx_word' id='word_1_884' title='bbox 1165 3007 1278 3041; x_wconf 86' lang='lat' dir='ltr'>teriale</span> <span class='ocrx_word' id='word_1_885' title='bbox 1292 3007 1442 3041; x_wconf 88' lang='lat' dir='ltr'>videlicet</span> <span class='ocrx_word' id='word_1_886' title='bbox 1455 3031 1466 3048; x_wconf 94' lang='lat'>,</span> <span class='ocrx_word' id='word_1_887' title='bbox 1491 3008 1540 3041; x_wconf 90' lang='lat' dir='ltr'>vel</span> <span class='ocrx_word' id='word_1_888' title='bbox 1565 3008 1698 3042; x_wconf 86' lang='lat' dir='ltr'>formale</span> <span class='ocrx_word' id='word_1_889' title='bbox 1711 3033 1721 3049; x_wconf 87' lang='lat'>,</span> <span class='ocrx_word' id='word_1_890' title='bbox 1748 3020 1815 3042; x_wconf 89' lang='lat' dir='ltr'>non</span> <span class='ocrx_word' id='word_1_891' title='bbox 1827 3009 1870 3043; x_wconf 88' lang='lat' dir='ltr'>est</span> <span class='ocrx_word' id='word_1_892' title='bbox 1885 3009 1926 3043; x_wconf 89' lang='lat' dir='ltr'>de</span> <span class='ocrx_word' id='word_1_893' title='bbox 1938 3011 2042 3043; x_wconf 88' lang='lat' dir='ltr'>essen-</span> 
     </span>
     <span class='ocr_line' id='line_1_120' title="bbox 1164 3056 2042 3102; baseline 0.002 -12"><span class='ocrx_word' id='word_1_894' title='bbox 1164 3056 1208 3091; x_wconf 90' lang='lat' dir='ltr'>tia</span> <span class='ocrx_word' id='word_1_895' title='bbox 1222 3056 1369 3099; x_wconf 67' lang='lat' dir='ltr'>subjefii;</span> <span class='ocrx_word' id='word_1_896' title='bbox 1403 3068 1469 3101; x_wconf 89' lang='lat' dir='ltr'>v.g.</span> <span class='ocrx_word' id='word_1_897' title='bbox 1482 3058 1598 3091; x_wconf 77' lang='lat' dir='ltr'>animal</span> <span class='ocrx_word' id='word_1_898' title='bbox 1603 3060 1739 3102; x_wconf 64' lang='lat' dir='ltr'>respessu</span> <span class='ocrx_word' id='word_1_899' title='bbox 1751 3056 1894 3093; x_wconf 86' lang='lat' dir='ltr'>hominis</span> <span class='ocrx_word' id='word_1_900' title='bbox 1904 3058 1949 3092; x_wconf 89' lang='lat' dir='ltr'>est</span> <span class='ocrx_word' id='word_1_901' title='bbox 1969 3068 2042 3102; x_wconf 78' lang='lat' dir='ltr'>prae-</span> 
     </span>
     <span class='ocr_line' id='line_1_121' title="bbox 1164 3107 2039 3153; baseline 0 -12"><span class='ocrx_word' id='word_1_902' title='bbox 1164 3107 1308 3141; x_wconf 86' lang='lat' dir='ltr'>dicatum</span> <span class='ocrx_word' id='word_1_903' title='bbox 1332 3107 1520 3141; x_wconf 87' lang='lat' dir='ltr'>essentiale:</span> <span class='ocrx_word' id='word_1_904' title='bbox 1548 3110 1622 3150; x_wconf 87' lang='lat' dir='ltr'>quia</span> <span class='ocrx_word' id='word_1_905' title='bbox 1650 3119 1717 3142; x_wconf 88' lang='lat' dir='ltr'>tam</span> <span class='ocrx_word' id='word_1_906' title='bbox 1743 3109 1959 3153; x_wconf 76' lang='lat' dir='ltr'>significatum</span> <span class='ocrx_word' id='word_1_907' title='bbox 1971 3107 2039 3150; x_wconf 79' lang='lat' dir='ltr'>ejus</span> 
     </span>
     <span class='ocr_line' id='line_1_122' title="bbox 1164 3156 2041 3202; baseline 0.002 -11"><span class='ocrx_word' id='word_1_908' title='bbox 1164 3156 1330 3191; x_wconf 83' lang='lat' dir='ltr'>materiale</span> <span class='ocrx_word' id='word_1_909' title='bbox 1345 3180 1354 3196; x_wconf 93' lang='lat'>,</span> <span class='ocrx_word' id='word_1_910' title='bbox 1379 3156 1468 3198; x_wconf 89' lang='lat' dir='ltr'>quod</span> <span class='ocrx_word' id='word_1_911' title='bbox 1491 3158 1535 3190; x_wconf 87' lang='lat' dir='ltr'>est</span> <span class='ocrx_word' id='word_1_912' title='bbox 1561 3159 1775 3202; x_wconf 81' lang='lat' dir='ltr'>suppositum,</span> <span class='ocrx_word' id='word_1_913' title='bbox 1804 3160 1901 3200; x_wconf 75' lang='lat' dir='ltr'>quam</span> <span class='ocrx_word' id='word_1_914' title='bbox 1923 3160 2041 3193; x_wconf 78' lang='lat' dir='ltr'>forma-</span> 
     </span>
     <span class='ocr_line' id='line_1_123' title="bbox 1165 3206 2038 3249; baseline 0.003 -10"><span class='ocrx_word' id='word_1_915' title='bbox 1165 3207 1216 3246; x_wconf 88' lang='lat' dir='ltr'>le,</span> <span class='ocrx_word' id='word_1_916' title='bbox 1245 3206 1332 3249; x_wconf 84' lang='lat' dir='ltr'>quod</span> <span class='ocrx_word' id='word_1_917' title='bbox 1355 3206 1399 3238; x_wconf 90' lang='lat' dir='ltr'>est</span> <span class='ocrx_word' id='word_1_918' title='bbox 1421 3206 1625 3248; x_wconf 86' lang='lat' dir='ltr'>animalitas,</span> <span class='ocrx_word' id='word_1_919' title='bbox 1650 3209 1695 3243; x_wconf 88' lang='lat' dir='ltr'>est</span> <span class='ocrx_word' id='word_1_920' title='bbox 1719 3208 1759 3242; x_wconf 89' lang='lat' dir='ltr'>de</span> <span class='ocrx_word' id='word_1_921' title='bbox 1783 3210 1920 3243; x_wconf 83' lang='lat' dir='ltr'>essentia</span> <span class='ocrx_word' id='word_1_922' title='bbox 1934 3208 2038 3243; x_wconf 87' lang='lat' dir='ltr'>homi-</span> 
     </span>
    </p>
   </div>
   <div class='ocr_carea' id='block_1_17' title="bbox 1149 3255 2036 3343">
    <p class='ocr_par' dir='ltr' id='par_1_21' title="bbox 1149 3255 2036 3343">
     <span class='ocr_line' id='line_1_124' title="bbox 1149 3255 2036 3302; baseline 0.005 -14"><span class='ocrx_word' id='word_1_923' title='bbox 1149 3257 1215 3295; x_wconf 55' lang='lat' dir='ltr'>3nis</span> <span class='ocrx_word' id='word_1_924' title='bbox 1238 3281 1246 3288; x_wconf 88' lang='lat'><em>.</em></span> <span class='ocrx_word' id='word_1_925' title='bbox 1284 3255 1390 3288; x_wconf 82' lang='lat' dir='ltr'>Album</span> <span class='ocrx_word' id='word_1_926' title='bbox 1418 3255 1497 3289; x_wconf 78' lang='lat' dir='ltr'>vero</span> <span class='ocrx_word' id='word_1_927' title='bbox 1525 3260 1668 3300; x_wconf 70' lang='lat' dir='ltr'>respestu</span> <span class='ocrx_word' id='word_1_928' title='bbox 1696 3256 1838 3292; x_wconf 90' lang='lat' dir='ltr'>hominis</span> <span class='ocrx_word' id='word_1_929' title='bbox 1861 3259 1906 3293; x_wconf 86' lang='lat' dir='ltr'>est</span> <span class='ocrx_word' id='word_1_930' title='bbox 1929 3258 2036 3302; x_wconf 83' lang='lat' dir='ltr'>praedi·</span> 
     </span>
     <span class='ocr_line' id='line_1_125' title="bbox 1149 3304 1533 3343; baseline -0.003 -4"><span class='ocrx_word' id='word_1_931' title='bbox 1149 3315 1275 3343; x_wconf 80' lang='lat' dir='ltr'>:catum</span> <span class='ocrx_word' id='word_1_932' title='bbox 1301 3304 1503 3340; x_wconf 85' lang='lat' dir='ltr'>accidentale</span> <span class='ocrx_word' id='word_1_933' title='bbox 1527 3319 1533 3338; x_wconf 93' lang='lat'>:</span> 
     </span>
    </p>
   </div>
   <div class='ocr_carea' id='block_1_18' title="bbox 1169 3307 2038 3494">
    <p class='ocr_par' dir='ltr' id='par_1_22' title="bbox 1169 3307 2038 3494">
     <span class='ocr_line' id='line_1_126' title="bbox 1561 3307 2038 3355; baseline 0.002 -14"><span class='ocrx_word' id='word_1_934' title='bbox 1561 3308 1650 3355; x_wconf 83' lang='lat' dir='ltr'>Qia</span> <span class='ocrx_word' id='word_1_935' title='bbox 1674 3307 1814 3349; x_wconf 88' lang='lat' dir='ltr'>albedo,</span> <span class='ocrx_word' id='word_1_936' title='bbox 1840 3320 1910 3352; x_wconf 80' lang='lat' dir='ltr'>quae</span> <span class='ocrx_word' id='word_1_937' title='bbox 1934 3308 1979 3342; x_wconf 87' lang='lat' dir='ltr'>est</span> <span class='ocrx_word' id='word_1_938' title='bbox 2004 3308 2038 3342; x_wconf 81' lang='lat' dir='ltr'>si·</span> 
     </span>
     <span class='ocr_line' id='line_1_127' title="bbox 1169 3355 2036 3399; baseline 0.005 -13"><span class='ocrx_word' id='word_1_939' title='bbox 1169 3355 1361 3399; x_wconf 85' lang='lat' dir='ltr'>gnificatum</span> <span class='ocrx_word' id='word_1_940' title='bbox 1389 3355 1458 3397; x_wconf 83' lang='lat' dir='ltr'>ejus</span> <span class='ocrx_word' id='word_1_941' title='bbox 1480 3357 1636 3398; x_wconf 86' lang='lat' dir='ltr'>formale,</span> <span class='ocrx_word' id='word_1_942' title='bbox 1663 3369 1730 3392; x_wconf 90' lang='lat' dir='ltr'>non</span> <span class='ocrx_word' id='word_1_943' title='bbox 1754 3359 1798 3393; x_wconf 84' lang='lat' dir='ltr'>est</span> <span class='ocrx_word' id='word_1_944' title='bbox 1825 3359 1866 3393; x_wconf 89' lang='lat' dir='ltr'>de</span> <span class='ocrx_word' id='word_1_945' title='bbox 1890 3357 2036 3393; x_wconf 88' lang='lat' dir='ltr'>hominis</span> 
     </span>
     <span class='ocr_line' id='line_1_128' title="bbox 1169 3405 2037 3450; baseline 0.006 -10"><span class='ocrx_word' id='word_1_946' title='bbox 1169 3405 1337 3440; x_wconf 86' lang='lat' dir='ltr'>essentia.</span> <span class='ocrx_word' id='word_1_947' title='bbox 1365 3405 1523 3441; x_wconf 87' lang='lat' dir='ltr'>Similiter</span> <span class='ocrx_word' id='word_1_948' title='bbox 1544 3408 1578 3441; x_wconf 86' lang='lat' dir='ltr'>in</span> <span class='ocrx_word' id='word_1_949' title='bbox 1595 3407 1655 3442; x_wconf 83' lang='lat' dir='ltr'>hac</span> <span class='ocrx_word' id='word_1_950' title='bbox 1678 3408 2037 3450; x_wconf 80' lang='lat' dir='ltr'>praedicatione,1rra·</span> 
     </span>
     <span class='ocr_line' id='line_1_129' title="bbox 1649 3458 1983 3494; baseline -0.003 -3"><span class='ocrx_word' id='word_1_951' title='bbox 1649 3458 1676 3491; x_wconf 91' lang='lat' dir='ltr'>Z</span> <span class='ocrx_word' id='word_1_952' title='bbox 1702 3469 1725 3494; x_wconf 86' lang='lat'><em>2</em></span> <span class='ocrx_word' id='word_1_953' title='bbox 1875 3460 1983 3492; x_wconf 74' lang='lat' dir='ltr'>tionalc</span> 
     </span>
    </p>
   </div>
  </div>
 </body>
</html>
