2384 3770
631 127 718 174 De
755 128 894 173 Dur.
927 95 1043 171 ‘SIG-
1081 123 1221 168 Voc,
1257 119 1447 168 Coum

1921 136 2011 184 165

242 223 351 253 eretae:
375 224 452 250 cum
466 214 612 257 plurimae
637 215 717 255 sint,
743 224 814 257 quae
841 222 908 244 non
933 208 1117 253 significant
1159 213 1283 250 ⁸portat
1295 203 1464 239 hominem
1479 227 1489 244 ,
1514 203 1676 247 lapidem,
1700 209 1852 252 parietem
1867 234 1878 251 ‚
1902 222 2049 256 equum,

242 267 380 302 formam
406 276 483 300 cum
510 264 651 308 subjecto
677 264 747 298 inso
799 260 940 295 ationis.

292 313 324 352 8.
347 315 404 348 sed
436 323 519 357 petes
550 328 558 348 ε
582 272 874 357 ςυοωοάοἛωιε
900 309 1117 352 significatum

239 376 298 410 per
323 365 459 399 modum
487 364 594 400 habiti
619 365 654 398 δε
679 359 827 394 habentis
849 360 1118 408 sempervocetur

240 416 394 449 forma&
420 415 616 458 subjeetum,
642 413 662 445 fi
689 411 811 453 semper
836 408 855 442 ὲ
883 408 1118 452 ρατιεῖεἰῖοῐ-

239 476 294 499 ma
320 466 353 499 ἀ
379 464 551 509 subjeetum
565 473 631 496 non
644 460 741 495 sunt?
768 458 855 502 Resp.
883 459 958 493 istas
984 469 1118 506 reseon-

241 514 464 559 gruemiffime
491 512 597 547 vocari
627 511 767 546 formam
793 511 826 544 ἀ
854 508 1053 554 subjestum3
1080 520 1118 542 ac

240 564 309 599 dici
337 565 422 598 inter
448 565 478 597 se
503 561 620 596 habere
658 559 901 604 proportionem
938 560 1049 609 forma(
1084 559 1139 609 ἀ(

241 614 373 657 subjesti
391 627 403 647 .·
430 623 498 647 non
525 610 658 656 quidem
685 610 948 652 informationis;
978 610 1030 643 sed
1045 620 1118 652 prae-

242 662 440 699 dicationis.-
465 667 511 695 un·
519 664 590 703 jam
605 663 691 694 dixi.
713 662 802 695 Nam
831 655 1039 706 praedicatum
1053 683 1063 698 ,
1087 659 1119 691 fi-

243 724 284 748 ve
309 714 446 747 formam
474 712 678 756 praedicatam
704 711 844 755 respedstu
873 711 917 744 rei
942 734 954 752 ,
990 709 1030 745 de
1056 718 1118 752 qua

243 763 454 808 praedicatur,
481 761 590 796 vocari
615 762 776 801 formam,
802 760 837 795 ἀ
865 760 953 794 illam
982 771 1049 793 rem
1062 758 1118 792 res-

244 815 338 857 peetu
363 813 474 846 formae
494 812 536 846 de
564 813 595 846 se
622 811 795 853 praedicatae
806 810 914 844 vocari
930 809 1117 852 subjeetum,

244 864 283 896 in
310 861 527 905 Philosophia
554 871 656 903 neque
684 861 896 899 inufitatum,
923 870 1027 903 neque
1055 869 1118 892 no·-

244 922 324 946 vum
349 911 414 945 est:
444 923 517 947 nam
530 911 781 945 Commentator
796 909 989 952 Philosophi
1017 907 1119 941 diver-

244 962 286 996 fis
312 961 346 994 in
375 961 455 995 locis
484 973 534 998 η.
563 965 635 993 Met.
655 971 752 992 comm.
768 969 819 1005 39.
833 957 861 996 8.
875 962 945 991 Met.
967 970 1066 992 comm.
1083 957 1115 993 6.

244 1005 278 1046 et
304 1010 381 1044 alibi
407 1012 484 1054 saepe
506 1034 517 1050 ,
543 1021 638 1045 vocat
665 1011 838 1051 subjeetum
864 1007 1029 1052 despofitum
1049 1032 1060 1048 ‚
1081 1019 1118 1042 ac

244 1061 455 1106 praedicatum
481 1071 575 1094 vocat
601 1059 828 1103 dispofimnem.
859 1060 961 1102 Atqui
989 1058 1116 1101 disposi-

244 1120 318 1146 tum
344 1112 378 1145 &
403 1109 572 1154 dispositio
598 1110 685 1144 idem
711 1110 757 1143 est
778 1134 790 1150 ‚
827 1108 914 1153 quod
943 1109 1117 1152 subjestum

245 1161 280 1195 ἃ
307 1161 433 1195 forma.-
461 1161 527 1193 five
553 1159 850 1204 semperdispofitio
877 1159 924 1194 est
951 1161 1055 1194 forma
1071 1158 1117 1192 sui

245 1211 405 1254 dispositi.
438 1209 646 1255 Ergovetiam
675 1211 898 1253 praedicatum,
925 1210 989 1244 five
1017 1211 1118 1243 forma

244 1261 415 1302 praedicata
443 1260 582 1302 respectu
610 1263 678 1299 rei,
705 1260 746 1293 de
772 1259 836 1303 qua
864 1260 1110 1302 praedicatur,re

244 1309 295 1342 ἂὲ
321 1306 460 1349 vocatur
481 1309 585 1342 forma
599 1332 606 1340 .
635 1310 687 1342 De
697 1319 764 1351 quo
777 1310 851 1344 vide
863 1312 1037 1353 Gregorium
1060 1315 1117 1342 Art-

244 1356 412 1401 minensem'
442 1363 475 1391 in
497 1369 516 1391 1.
540 1356 607 1400 dtsr.
629 1355 658 1394 8.
684 1359 782 1400 quaeffi.
812 1370 831 1407 3
866 1368 926 1392 art.
935 1371 964 1393 2..
977 1361 1022 1392 ad
1035 1370 1064 1406 3.
1079 1360 1121 1393 Et

245 1408 352 1455 magis
364 1406 428 1445 late
438 1432 451 1450 ,
465 1418 504 1443 ac
515 1407 681 1456 eleganter
698 1407 796 1452 quaest.
812 1418 913 1447 zan.
929 1420 958 1448 1.
973 1410 1017 1443 ad
1025 1419 1059 1445 2.

455 1561 493 1596 D
517 1559 559 1596 U
586 1559 614 1593 B
640 1560 655 1595 1
685 1561 727 1598 U
754 1561 794 1595 M
857 1559 908 1594 11.

368 1664 416 1695 De
438 1663 548 1705 duplici
560 1661 722 1705 fignificat«,
739 1665 819 1694 vocis
842 1669 998 1695 concretae.

245 1758 278 1799 8.
376 1763 482 1795 Etesi-
510 1760 680 1806 quodnam
702 1762 738 1795 lit
760 1761 979 1807 significatum
1005 1759 1122 1806 princi-

396 1812 468 1855 pale
505 1812 595 1846 vocis
616 1823 794 1847 concretae:
821 1823 861 1845 an
873 1812 995 1846 scilicet
1022 1822 1120 1845 mate-

244 1862 326 1898 riale
342 1887 352 1902 ,
376 1873 417 1896 an
447 1860 521 1895 vero
534 1862 691 1897 formale?
717 1861 806 1906 Resp.
821 1861 1036 1906 significatum
1053 1861 1121 1904 ejus

1174 253 1374 298 omnemque
1384 255 1483 288 aliam
1494 265 1560 288 rem
1575 278 1586 294 ,
1608 266 1676 297 quae
1687 258 1813 294 videtur
1825 286 1832 294 .
1854 265 1899 294 Et
1912 268 1989 295 rano
2000 262 2050 302 est:

1177 308 1252 349 quia
1264 316 1330 338 vox
1343 314 1495 338 concreta
1508 305 1548 338 de
1560 304 1688 337 formali
1701 307 1858 350 fignificat
1872 322 1939 346 rem
1951 336 1961 352 ,
1977 322 2049 356 quae

1179 355 1334 398 habetur3
1357 355 1397 388 de
1421 354 1578 388 materiali
1594 365 1670 388 vero
1702 354 1955 402 importarem,
1979 373 2050 405 quae

1179 405 1278 440 habet
1300 417 1307 436 :
1345 406 1435 448 atqui
1455 405 1625 448 contingit
1650 405 1788 439 eandem
1809 419 1874 442 rem
1897 410 2008 445 haberi
2031 413 2049 446 ὲ

1180 455 1346 500 pluribus:
1368 457 1541 488 un'evidens
1551 454 1608 494 est.
1634 454 1724 499 Ergo
1749 455 1962 499 significatum
1986 462 2050 495 for-

1179 507 1263 539 male
1295 506 1383 538 vocis
1403 516 1559 539 concretae
1570 505 1672 548 potest
1684 504 1745 538 effe
1767 517 1890 547 unum,
1913 519 2049 551 certum,

1179 556 1211 589 &
1234 556 1486 597 determinat-um
1509 567 1519 598 3
1541 556 1615 588 licet
1636 554 1706 597 ejus
1726 555 1942 598 fignificatum
1978 571 2051 594 ma-

1180 605 1291 638 teriale
1319 606 1354 639 fit
1374 605 1451 648 quid
1477 605 1648 647 multiplex
1670 629 1681 645 ‚
1714 616 1835 650 vagum
1860 630 1870 645 ‚
1899 617 1936 641 ac
1963 607 2052 641 inde-

1181 656 1390 689 terminatum
1413 668 1427 698 ;
1463 658 1508 687 Et
1520 662 1598 688 ratio
1609 656 1729 688 ulterior
1739 655 1777 696 est
1798 668 1805 687 :
1831 659 1907 699 quia
1931 656 2054 701 fignifi-

1179 716 1286 739 catum
1312 706 1477 739 materiale
1499 706 1532 739 δε
1552 704 1689 739 formale
1723 704 1847 740 habent
1864 709 1896 740 se
1913 707 1991 740 ficut
2014 719 2052 741 o-

1181 754 1317 797 bjectum
1340 755 1477 789 formale
1509 755 1543 788 ὅ(
1565 755 1732 790 materiale
1757 768 1765 788 :
1793 757 1882 798 atqui
1909 756 1994 791 idem
2017 769 2054 791 o·

1183 804 1318 848 bjeaum
1337 806 1474 839 formale
1498 806 1576 847 saepe
1599 805 1726 849 respicit
1751 807 1784 840 ὅ(
1809 807 1970 849 specificat
1985 807 2053 850 plu-

1182 867 1214 889 ra
1236 867 1272 889 ac
1297 854 1417 889 diversa
1436 854 1560 897 objecta
1587 856 1786 889 materialia:
1806 867 1887 901 ergo
1905 857 2053 891 (imiliter

1182 905 1267 938 idem
1291 905 1508 949 significatum
1541 905 1678 940 formale
1699 907 1802 950 potest
1838 908 1992 950 respicere
2015 918 2053 941 ac

1184 955 1365 997 specificare
1386 956 1510 989 diversa
1533 956 1710 1000 significata
1723 957 1902 991 materialia
1915 981 1922 988 .
1951 958 1994 991 Et
2008 958 2052 991 fic

1182 1016 1249 1038 vox
1280 1016 1432 1038 concreta
1470 1006 1573 1048 potest
1607 1017 1683 1040 cum
1715 1008 1842 1041 unitate
1878 1007 2052 1051 significati

1182 1054 1329 1088 formalis
1349 1054 1466 1089 habere
1497 1056 1773 1100 multiplicitatem
1797 1057 1968 1102 significati
1989 1068 2055 1092 ma·

1183 1104 1302 1139 terialis
1319 1129 1328 1137 .

1239 1164 1292 1190 11.
1322 1156 1400 1191 Hoc
1422 1165 1531 1190 tamen
1555 1168 1622 1192 non
1633 1157 1674 1192 fic
1695 1157 1865 1203 intellige,
1886 1160 1974 1202 quali
1986 1171 2052 1195 vox
2119 1200 2121 1202 ,

1184 1217 1335 1242 concreta
1355 1207 1395 1242 de
1425 1208 1582 1241 materiali
1616 1209 1737 1252 semper
1765 1210 1855 1250 plura
1891 1211 2054 1254 fignificet

1185 1260 1279 1300 astu3
1307 1256 1371 1292 hoc
1394 1259 1512 1302 quippe
1523 1258 1638 1292 falsum
1650 1259 1714 1292 est:
1736 1260 1808 1292 astu
1820 1260 1909 1292 enirn
1922 1260 2054 1294 ordina-

1185 1309 1230 1342 rie
1253 1308 1294 1342 de
1316 1309 1475 1342 materiali
1496 1308 1705 1343 solummodo
1736 1309 1895 1353 fignificat
1926 1321 2052 1344 unum.

1185 1358 1396 1402 ‚Quodproboa
1415 1361 1491 1404 quia
1514 1370 1579 1395 vox
1599 1360 1671 1394 astu
1694 1359 1906 1394 solummodo
1928 1359 2052 1405 fignifi-

1185 1421 1236 1443 cat
1259 1408 1339 1443 illud
1354 1433 1365 1449 ‚
1381 1409 1422 1444 de
1444 1421 1512 1453 quo
1534 1411 1742 1454 praedicatur:
1767 1421 1793 1445 v.
1806 1420 1840 1454 g.
1852 1421 1928 1444 cum
1953 1410 2053 1451 dico,

1164 1500 1166 1502 v
1187 1458 1268 1492 bomo
1290 1458 1328 1496 est
1350 1460 1459 1500 albus,
1484 1472 1551 1494 vox
1564 1461 1653 1494 albus
1676 1459 1720 1495 ibi
1740 1460 1782 1494 de
1803 1460 1962 1496 materiali
1993 1462 2053 1495 im.

1190 1520 1295 1552 portat
1318 1510 1420 1544 solum
1446 1509 1617 1545 hominem
1640 1535 1647 1543 .
1673 1511 1761 1545 Cum
1772 1511 1870 1552 dico,
1890 1516 1993 1553 paries
2015 1509 2053 1550 est
2074 1522 2075 1525 ¹

1187 1559 1296 1599 albai,
1316 1568 1398 1593 tunc
1421 1559 1462 1593 de
1484 1560 1642 1594 materiali
1661 1561 1815 1604 importat
1827 1561 1932 1595 solum
1954 1562 2054 1604 parie-

1188 1619 1253 1642 tem
1267 1621 1279 1642 .·
1309 1609 1350 1642 Et
1362 1609 1406 1642 fic
1417 1609 1569 1643 ulterius.
1598 1611 1702 1653 Atqui
1716 1621 1781 1643 vox
1801 1619 1954 1644 concreta
1975 1622 2053 1654 pra:-

1188 1658 1487 1692 dicaturordinarie
1498 1657 1539 1693 de
1550 1659 1650 1693 unico
1665 1659 1824 1703 subjecto:
1851 1671 1932 1705 ergo
1954 1661 2052 1695 etiam

1188 1708 1351 1742 ordinarie
1371 1707 1413 1742 de
1433 1709 1593 1743 materiali
1614 1708 1745 1745 unicam
1771 1721 1838 1744 rem
1850 1721 1969 1744 certam
1982 1734 1992 1749 ‚
2015 1721 2053 1743 ac

1187 1757 1436 1793 determinatam
1457 1760 1525 1793 actu
1554 1759 1713 1803 fignificat
1730 1786 1738 1793 .
1768 1761 1855 1796 Cum
1892 1772 1971 1805 ergo
2006 1760 2055 1794 di-

1185 1820 1226 1843 co
1246 1832 1258 1849 ,
1284 1819 1396 1843 vocem
1419 1818 1605 1845 concretam
1616 1810 1658 1845 de
1690 1811 1852 1845 materiali
1873 1810 2053 1855 significare

1186 1859 1291 1901 plura:
1321 1857 1672 1904 hocintelligidebet,
1699 1872 1766 1894 non
1783 1860 2052 1904 defignificatio-

244 1913 426 1955 principale
450 1912 513 1946 esse
542 1912 758 1955 significatum
786 1911 922 1945 formale
933 1926 944 1945 .·
971 1912 1119 1954 adeoque
1185 1919 1225 1941 ne
1235 1910 1350 1942 astuali
1364 1921 1373 1950 ;
1385 1909 1436 1942 sed
1450 1910 1491 1942 de
1503 1911 1708 1951 aptitudinali
1722 1933 1729 1941 .
1748 1909 1802 1944 Ut
1813 1911 1848 1943 lit
1863 1909 1918 1944 hic
1931 1912 2051 1944 sensus:

244 1962 465 2004 significatum
494 1961 658 1994 materiale
683 1963 745 1994 effe
774 1960 981 1993 solummodo
1005 1963 1119 1993 secun·
1185 1969 1247 1990 vox
1260 1968 1409 1991 concreta
1424 1957 1520 1991 habet
1532 1961 1711 2000 potentiam
1734 1960 1936 2005 significandi
1960 1960 2051 2004 plura

244 2009 371 2043 darium
383 2033 390 2041 .
423 2008 585 2041 Probatur:
607 2011 684 2052 quia
702 2010 919 2053 significatum
931 2010 1117 2051 primarium
1182 2006 1357 2050 significata
1371 2008 1547 2041 materialia
1562 2020 1650 2052 :quae
1661 2008 1791 2053 quidem
1804 2013 1876 2044 austu
1888 2021 1955 2044 non
1969 2012 2048 2046 sem·

245 2060 292 2094 est
331 2058 411 2093 illud
441 2082 453 2098 ,
480 2058 570 2101 quod
604 2058 623 2091 a
649 2069 730 2092 voce
756 2058 955 2101 significatur
980 2070 1036 2101 per
1061 2060 1116 2098 se,

1180 2066 1235 2098 per
1257 2057 1439 2100 fignificar;
1460 2056 1642 2097 significare
1660 2069 1769 2094 tamen
1793 2062 1896 2103 potest
1910 2085 1921 2100 ,
1945 2073 2046 2105 quan-

243 2109 371 2142 ratione
399 2109 468 2148 sui;
495 2107 718 2140 secundarium
731 2107 806 2139 vero
830 2106 876 2138 est
904 2106 985 2139 illud
1000 2115 1012 2146 ⁴,
1025 2107 1115 2149 quod
1180 2105 1224 2137 do
1245 2104 1286 2139 ad
1316 2104 1565 2148 significandum
1595 2106 1704 2141 debite
1745 2110 1935 2152 supponitur
1968 2135 1980 2150 ,
2008 2123 2048 2145 ae

242 2157 262 2192 ἢ
289 2168 367 2191 voce
391 2155 590 2200 significatur
617 2156 743 2189 ratione
768 2155 922 2189 alterius.-
948 2157 1037 2199 atqui
1050 2167 1114 2189 vox
1177 2152 1372 2195 applicatur.
1401 2154 1455 2187 De
1476 2165 1544 2198 quo
1565 2154 1656 2198 plura
1687 2157 1795 2192 forsan
1826 2159 1860 2192 in
1891 2159 1958 2194 alio
1990 2160 2045 2195 lo-

243 2215 395 2242 concreta
431 2206 523 2239 suum
551 2205 767 2249 significatum
796 2205 932 2238 formale
957 2205 1113 2249 significat
1179 2214 1219 2236 co
1236 2228 1244 2235 .

243 2259 372 2291 ratione
399 2257 444 2289 sui
462 2268 476 2297 ;
502 2256 535 2288 &
561 2254 726 2288 materiale
751 2255 970 2297 significatum
998 2255 1112 2299 fignifi-

244 2317 297 2340 cat
325 2304 534 2339 solummodo
548 2305 674 2337 ratione
701 2303 749 2337 sui
776 2303 948 2346 significati
962 2304 1113 2336 formalis.

244 2355 325 2391 Vox
352 2355 471 2398 quippe
497 2362 650 2387 concreta
678 2352 723 2385 est
750 2362 816 2385 vox
843 2352 1028 2396 significans
1048 2354 1113 2386 for·

243 2417 332 2440 mam
359 2402 642 2447 consignificando
667 2401 859 2444 subjeetum.
889 2401 977 2446 Ergo
1004 2403 1038 2436 in
1061 2414 1115 2435 vo·

242 2467 282 2490 ce
305 2464 455 2489 concreta
467 2453 681 2498 significatum
694 2451 831 2485 formale
856 2451 900 2485 est
914 2452 1114 2494 primarium,

241 2516 282 2539 ac
307 2504 473 2538 materiale
498 2503 542 2536 est
571 2501 813 2535 secundarium.
841 2504 888 2534 Et
898 2507 976 2535 ratio
991 2503 1114 2535 ulterior

241 2554 279 2595 est
293 2568 304 2588 .-
324 2553 400 2597 quia
412 2578 423 2594 ,
432 2554 541 2593 utjam
552 2552 619 2585 dlxi
630 2552 786 2593 aliquoties
799 2575 809 2590 ,
831 2551 1047 2595 significatum
1060 2564 1112 2585 vo·

241 2605 288 2639 cis
314 2605 358 2638 est
371 2602 531 2647 objectum
546 2602 655 2635 vocis:
682 2602 772 2644 atqui
800 2600 883 2634 inter
910 2601 1032 2643 objecta
1043 2603 1111 2635 for·

241 2654 327 2688 male
347 2653 392 2687 est
410 2653 596 2695 primarium
608 2675 620 2691 ,
646 2650 811 2685 materiale
822 2650 867 2685 est
878 2651 1112 2685 secundarium:

239 2713 319 2748 ergo
346 2702 432 2736 idem
458 2702 555 2734 etiam
569 2700 743 2733 dicendum
768 2700 814 2733 est
840 2700 882 2734 de
909 2701 1113 2744 significatis.

263 2756 265 2759 '
291 2761 338 2788 ιω.
362 2757 449 2784 Circa
465 2762 531 2795 quae
538 2749 702 2793 significata
712 2750 837 2782 adverte
845 2751 967 2782 ulterius
977 2765 989 2784 .·
1003 2751 1111 2786 adhuc

240 2801 329 2838 aliud
354 2803 454 2836 latum
467 2801 638 2835 discrimen
659 2801 722 2834 effe
743 2800 827 2832 inter
849 2799 939 2832 vocis
955 2812 1112 2836 concretae

239 2853 459 2898 significatum
469 2851 648 2885 formale&
670 2849 853 2883 materiale.
883 2849 970 2882 Nam
994 2851 1109 2895 fignifi-

238 2913 349 2938 catum
356 2901 494 2937 formale
505 2901 625 2943 semper
637 2899 682 2934 est
694 2899 802 2943 aliqua
820 2909 868 2933 res
877 2909 960 2933 certa
973 2924 983 2940 ,
1003 2899 1037 2933 δε
1057 2901 1108 2936 de-

239 2953 433 2987 terminata:
460 2951 679 2997 significatum
702 2961 778 2984 vero
806 2949 972 2984 materiale
982 2950 1108 2985 ordina·

236 3003 284 3037 rie
308 3002 354 3037 est
380 3002 460 3046 quid
471 3012 614 3047 vagum,
641 2999 954 3040 indeterminatum,
978 3010 1015 3033 ac
1029 3001 1110 3034 mul·

236 3052 357 3095 tiplex,
384 3064 412 3086 v.
423 3064 455 3098 g.
469 3062 536 3086 vox
556 3051 658 3085 album
668 3051 710 3085 de
729 3048 859 3084 formali
883 3049 1036 3092 importat
1057 3048 1109 3084 de·

235 3102 442 3137 terminatam
464 3104 604 3137 formam
626 3099 784 3135 albedinis
797 3111 808 3133 2
828 3099 868 3134 de
882 3099 1039 3133 materiali
1052 3111 1107 3135 ve·

235 3163 273 3187 ro
293 3152 446 3195 importat
469 3151 594 3196 aliquid
616 3150 711 3196 plane
734 3160 851 3194 vagum
872 3173 883 3189 ‚
915 3160 953 3183 ac
974 3150 1107 3184 indeter-

233 3199 418 3237 minatumi
446 3202 600 3246 importat
626 3202 715 3236 enim
736 3200 968 3243 quodcumque
987 3199 1106 3235 albedi-

233 3252 287 3287 nis
311 3250 485 3295 subjestum
507 3264 516 3284 ε
539 3252 694 3286 nimirum
716 3248 885 3284 hominem
906 3273 917 3289 ,
941 3260 1081 3292 cycnum
1096 3274 1106 3290 ,

234 3301 390 3346 parietem
404 3325 415 3341 ,
442 3302 550 3335 nivem
563 3325 575 3342 ,
600 3301 733 3341 lanam,
757 3310 894 3338 cretam,
907 3310 1105 3342 omnemque

233 3351 333 3388 aliam
359 3362 450 3392 rem,
475 3362 545 3392 quae
571 3351 604 3384 in
632 3353 663 3386 se
688 3349 872 3386 albedinem
897 3346 993 3383 habet
1019 3374 1026 3382 .
1051 3350 1104 3386 Sic

232 3400 332 3435 etiam
357 3413 421 3435 vox
444 3399 543 3444 visum
562 3400 603 3434 de
621 3399 751 3435 formali
777 3401 933 3443 importat
956 3399 1102 3434 determi-

234 3460 346 3486 natam
362 3452 501 3485 formam
513 3450 669 3488 visionis:
690 3459 723 3485 at
734 3462 808 3484 vero
821 3451 861 3486 de
873 3449 1033 3486 materiali
1043 3449 1102 3487 im·

313 3499 419 3542 Christ.
434 3505 512 3545 Lupi
522 3505 620 3543 Opera
639 3504 719 3536 Tom.
730 3503 803 3534 ΧΠ.

1230 2264 1281 2288 12.
1294 2256 1379 2286 Ratio
1388 2256 1459 2286 verb
1466 2252 1561 2295 supra
1569 2253 1667 2296 pofitae
1677 2259 1802 2299 majoris
1813 2258 1851 2299 est
1861 2271 1870 2293 ι
1886 2260 1962 2304 quia
1979 2272 2045 2296 vox

1176 2312 1327 2335 concreta
1347 2303 1417 2335 astu
1431 2304 1472 2336 de
1485 2305 1642 2338 materiali
1661 2305 1870 2342 solummodo
1880 2311 2046 2354 fignificat

1178 2351 1259 2384 illud
1273 2376 1283 2391 ,
1303 2352 1355 2384 cui
1376 2354 1447 2385 astu
1457 2352 1815 2390 affirmaturinexistere
1828 2357 1895 2400 ejus
1917 2360 2046 2402 fignifi-

1176 2410 1283 2434 catum
1295 2401 1431 2435 formale
1443 2415 1453 2435 :
1476 2404 1563 2446 atqui
1578 2403 1665 2438 illius
1675 2406 1811 2440 formale
1823 2407 2042 2451 significatum

1176 2452 1247 2483 adiu
1269 2451 1445 2486 affirmatur
1471 2453 1642 2488 inexissere
1661 2456 1723 2489 soli
1746 2456 1799 2490 isti
1822 2458 1891 2499 rei,
1914 2459 1956 2492 de
1978 2470 2042 2503 qua

1178 2500 1364 2543 praedicatur
1384 2515 1397 2535 .·
1419 2511 1498 2545 ergo
1526 2514 1593 2536 vox
1613 2515 1764 2540 concreta
1788 2508 1859 2541 astu
1881 2507 1921 2542 de
1945 2519 2044 2544 mate-

1176 2550 1246 2583 riali
1266 2551 1425 2595 fignificat
1450 2551 1550 2585 solam
1573 2553 1665 2587 istam
1686 2566 1773 2597 rem,
1804 2555 1845 2591 de
1858 2569 1918 2601 qua
1934 2559 2044 2603 praedi-

1175 2611 1282 2633 catur.
1308 2601 1458 2634 Probatur
1468 2604 1575 2642 major:
1604 2604 1681 2647 quia
1705 2617 1771 2640 vox
1791 2618 1943 2643 concreta
1968 2611 2043 2645 atl'tu

1175 2649 1216 2683 de
1236 2650 1392 2685 materiali
1419 2652 1628 2687 solummodo
1646 2654 1804 2699 fignificat
1828 2657 1919 2693 illam
1943 2669 2011 2693 rem
2030 2684 2043 2702 ‚

1175 2700 1215 2733 ad
1238 2711 1336 2743 quam
1369 2701 1614 2745 significandam
1644 2702 1678 2737 in
1698 2707 1858 2740 orationis
1883 2718 2043 2744 contextu

1176 2750 1367 2792 supponitur
1386 2752 1417 2784 δε
1439 2752 1637 2794 applicatur:
1663 2765 1739 2789 nam
1761 2756 1843 2790 ficut
1867 2756 2044 2801 ignis‚aut

1175 2799 1264 2833 aliud
1286 2800 1424 2843 quodvis
1446 2812 1545 2846 agens
1566 2805 1711 2840 naturale
1733 2816 1799 2840 non
1812 2806 1962 2842 calefacit
1973 2819 2044 2844 om·

1175 2861 1216 2882 ne
1238 2848 1340 2889 illud,
1362 2851 1452 2894 quod
1472 2863 1512 2886 ex
1536 2864 1650 2888 natura
1663 2856 1718 2890 sua
1742 2857 1913 2892 calefacere
1925 2858 2045 2902 potest,

1174 2899 1226 2933 sed
1249 2900 1458 2936 solummodo
1482 2902 1562 2936 illud
1584 2928 1594 2942 ,
1626 2905 1666 2938 ad
1688 2905 1777 2950 quod
1798 2905 1853 2941 hic
1885 2908 1919 2942 ἀ
1953 2920 2044 2944 nunc

1173 2949 1370 2992 applicatum
1393 2951 1459 2985 est:
1480 2953 1521 2986 lic
1539 2954 1636 2988 etiam
1649 2966 1714 2989 vox
1738 2956 1770 2989 in
1795 2957 2045 2993 orationiscon-

1173 3009 1265 3033 textu
1295 3001 1394 3043 polita
1419 3013 1486 3035 non
1523 3003 1684 3048 fignificat
1706 3009 1778 3041 astu
1807 3018 1907 3042 omne
1938 3008 2042 3044 illud:

1172 3048 1261 3090 quod
1282 3051 1460 3095 fignificare
1480 3053 1601 3096 potest3
1628 3055 1680 3089 sed
1704 3055 1784 3091 illud
1819 3057 2042 3102 solummodo,

1171 3100 1211 3133 ad
1236 3101 1326 3144 quod
1349 3101 1599 3145 significandum
1630 3103 1685 3138 hic
1713 3106 1747 3140 ὅ(
1779 3118 1869 3141 nunc
1890 3109 2044 3151 supponi-

1171 3159 1224 3183 tur
1245 3150 1278 3184 &
1299 3152 1479 3194 applicatur
1499 3176 1506 3183 .
1546 3154 1724 3194 Atquivox
1744 3159 1942 3193 concretain
1963 3170 2042 3193 con·

1170 3208 1261 3234 textu
1284 3200 1440 3234 orationis
1464 3201 1646 3244 applicatur
1674 3205 1715 3239 ad
1741 3206 1831 3241 illam
1855 3207 2042 3243 solummo-

1169 3251 1213 3283 do
1257 3261 1324 3282 rem
1367 3249 1410 3283 de
1447 3252 1605 3286 materiali
1658 3255 1906 3300 significandam
1936 3283 1948 3299 ‚
1986 3259 2042 3293 cui

1169 3299 1345 3332 affirmatur
1375 3300 1479 3333 inesse
1511 3300 1578 3343 ejus
1615 3304 1833 3347 significatum
1871 3308 2007 3343 formale
2031 3320 2043 3343 :

1168 3355 1212 3382 un
1235 3351 1348 3381 clarum
1371 3348 1410 3389 est
1434 3374 1440 3381 .
1464 3349 1553 3394 Ergo
1581 3354 1696 3393 etiam,
1716 3366 1779 3390 vox
1815 3367 1968 3393 concreta
2005 3358 2043 3391 il·

1169 3399 1232 3431 lam
1267 3398 1478 3435 solummodo
1510 3411 1576 3435 rem
1609 3405 1680 3439 astu
1710 3405 1752 3440 de
1769 3408 1928 3443 materiali
1951 3406 2045 3452 figni-

1168 3450 1241 3484 ficat
1255 3472 1263 3481 .

1608 3501 1636 3536 P
1950 3515 2003 3552 13.
