2384 3770
658 138 988 184 Sanc-rx

273 230 392 263 laniate
408 236 474 261 mea
493 222 584 269 senex
610 227 748 259 Valerius
771 246 786 263 ‚
822 222 908 255 dedit
923 234 927 242 ·
940 219 1016 254 mibi
1041 218 1159 255 bortum

275 279 359 312 illum
371 302 382 318 ‚
407 283 438 311 in
465 288 520 319 quo
546 287 622 310 nunc
648 276 688 316 est
713 270 919 310 monasterium
931 296 939 304 .

326 329 410 362 Haec
438 339 580 371 namque
599 326 668 359 duo
687 347 699 364 ,
740 319 919 364 Propqfitum
950 322 986 355 <st
1016 322 1159 355 voluntas

277 388 487 421 nequaquam
502 375 604 418 accipi
618 375 749 417 possunt
761 383 820 417 pro
841 372 958 406 eodem
970 394 983 412 ,
1009 371 1062 405 sed
1085 372 1159 405 sunt

274 427 373 471 plane
385 427 527 462 diversa.
556 423 768 468 Propositum
790 422 951 466 significat
972 421 1160 456 monastica:

273 478 479 521 profeffionis
492 475 632 518 speciem
645 475 702 508 seu
718 474 875 510 formam,
891 482 987 515 quam
1001 471 1158 516 Augusti-

276 538 338 561 nus
350 529 385 562 in
401 526 551 561 Africam
564 523 606 559 de
617 524 716 559 Italia
728 523 974 565 transportant,
985 533 1085 565 quam
1096 519 1159 554 huc

275 578 378 621 usque
392 586 494 620 prope
506 573 690 619 Tagastam
702 581 778 608 cum
790 573 887 607 sociis
898 573 1037 611 vixerat,
1048 581 1158 616 quam·

274 627 411 671 qut-jam
421 626 521 660 etiam
534 626 642 658 vivete
654 636 692 659 ac
703 624 922 666 transportare
932 621 1062 655 volebat
1075 614 1157 664 Hip·

275 687 398 720 ponam
411 685 464 718 3at
482 674 557 709 vero
569 674 725 709 voluntas
737 672 900 720 significat
911 682 987 707 eum
1002 670 1158 716 Augusti-

208 764 211 769 ,
271 725 379 760 nianae
392 725 511 760 mentis
524 735 652 759 motum
665 749 677 765 ,
699 736 768 768 quo
781 723 884 757 etiam
909 720 1084 764 Presbyter
1106 730 1160 753 vo·

271 774 359 810 lebat
374 774 565 810 Monachus
577 786 768 818 permanere
779 796 791 813 ,
816 773 883 807 frui
896 772 1012 807 nolens
1023 770 1157 804 istorum

270 834 454 869 temporum
466 825 630 860 canonico
643 823 775 859 indulto
786 846 799 863 ,
825 823 917 866 quod
929 819 1075 867 quemvis
1087 819 1155 853 cle-

271 876 377 909 ricum
388 874 406 908 a
417 874 644 910 Monachismi
657 874 777 909 debitis
789 871 959 907 eximebat
971 896 978 903 .
1007 870 1102 904 Patet
1123 868 1156 903 id

270 925 433 968 imprimis
441 937 481 959 ex
493 926 564 969 ipso
578 923 787 967 Augustino,
810 933 885 966 quae
899 923 934 957 in
946 919 1037 955 libris
1050 920 1158 953 Retra-

270 976 452 1009 stationum
462 973 550 1010 ac-de
571 984 670 1017 opere
691 973 941 1007 Monachorum
966 967 1157 1004 Monachos

270 1035 367 1059 vocat
381 1025 484 1059 laicos
494 1021 823 1066 Propofitisublimioris
842 1047 850 1055 .
886 1022 929 1056 Et
941 1033 981 1055 ex
996 1020 1026 1053 S.
1039 1020 1155 1053 Hiero·

188 1120 192 1127 k
248 1087 252 1092 ·
271 1085 398 1118 nymo,
424 1075 481 1117 qui
495 1076 531 1109 in
545 1072 687 1117 Epistola
696 1073 738 1108 ad
752 1071 956 1115 Principiam
970 1070 1158 1104 monasticae

271 1123 346 1158 vitae
359 1136 464 1169 genus
477 1135 570 1160 vocat
594 1123 773 1165 Propofitum
797 1121 1021 1156 monachorum.
1056 1121 1098 1155 Et
1113 1131 1155 1153 ex

272 1174 303 1209 S·
314 1174 429 1209 Leone
446 1175 532 1218 Papa
544 1185 668 1217 magno
680 1197 693 1213 ‚
718 1175 776 1216 qui
791 1173 823 1206 in
837 1173 985 1215 Epistola
995 1171 1036 1204 ad
1047 1171 1077 1204 S.
1090 1169 1156 1203 Ru-

271 1223 394 1257 sticum
420 1224 570 1257 Ecclesiae
589 1223 816 1257 Narbonensis
842 1223 1042 1265 Episcopum
1071 1219 1156 1253 istud

272 1272 348 1305 vitae
358 1282 463 1315 genus
476 1282 569 1306 vocat
582 1270 762 1313 Propositum
776 1271 915 1304 Monacbi
927 1283 962 1304 ac
985 1269 1158 1312 propofiium

236 1344 239 1349 -
272 1320 342 1354 boni
352 1323 495 1355 melioris.
526 1321 616 1366 Lege
636 1322 766 1365 quosvis
787 1322 946 1360 antiquos
968 1318 1079 1352 Patres
1102 1330 1157 1353 aut

272 1382 439 1411 canones,
462 1371 641 1415 &reperies
661 1371 943 1415 significationem
974 1369 1068 1402 istam
1094 1371 1156 1403 esse

226 1415 249 1433 *⁸
274 1422 351 1455 voci
362 1421 413 1455 isti
425 1422 554 1465 penitus
576 1421 811 1455 universalem.
838 1417 985 1453 Proinde
1005 1419 1037 1452 δι
1059 1417 1094 1451 in
1119 1430 1156 1452 ea

273 1470 332 1505 hic
351 1482 483 1515 quoque
503 1472 650 1516 loquitur
670 1469 878 1515 Augustinus
902 1492 915 1508 ,
939 1468 1031 1502 aliud
1056 1468 1157 1513 longe

273 1520 354 1564 quid
365 1520 548 1566 significans
559 1532 613 1564 per
625 1531 739 1556 vocem
751 1520 898 1562 Propofito
906 1540 918 1557 ‚
935 1519 1025 1552 aliud
1040 1529 1095 1561 per
1105 1530 1146 1552 vo

271 1581 344 1604 cem
356 1572 512 1605 voluntate
522 1596 530 1604 .
556 1572 603 1605 At
616 1572 745 1616 inquies
757 1594 769 1610 ‚
795 1573 884 1606 unde
905 1568 1094 1612 Augustino
1119 1581 1156 1603 ea

271 1621 427 1656 voluntas
435 1621 568 1655 devians
582 1621 623 1655 ab
635 1622 770 1655 istorum
784 1628 970 1665 temporum
993 1619 1157 1653 canonico

270 1670 404 1705 indulto
420 1672 433 1704 ?
462 1669 660 1714 Respondeo
674 1673 791 1714 primas
803 1673 871 1713 ejus
882 1668 1005 1703 radices
1014 1680 1155 1712 concep·

271 1730 322 1754 tas
333 1719 426 1755 fuiffe
438 1719 472 1754 in
485 1720 579 1755 Italia
588 1745 599 1761 ,
622 1720 708 1754 haud
719 1721 818 1755 dubie
828 1733 847 1755 e
855 1734 869 1754 x
878 1719 1156 1760 SrAmbrofionui

271 1770 315 1805 de
325 1770 502 1804 &Eusebio
517 1769 714 1805 Vercellensi
726 1771 908 1814 Episcopo,
931 1779 1119 1812 magnoque
1129 1780 1159 1802 a·

273 1817 339 1864 pud
352 1820 453 1854 Italos
466 1820 636 1855 Monacho
647 1820 689 1855 fic
701 1821 811 1856 scribit
822 1821 863 1855 ad
879 1819 1158 1853 Verceileseszl'ri-

271 1874 381 1903 masin
390 1872 544 1904 occidentis
550 1871 687 1912 partibus
712 1871 838 1913 diversa
851 1876 931 1903 inter
947 1868 979 1911 se
1000 1872 1051 1901 Eu
1054 1868 1156 1911 sebius

270 1921 449 1962 conjunxit,
475 1930 507 1954 ut
519 1923 729 1955 &incivitate
749 1922 861 1962 pofitus
882 1917 1092 1953 Monachorum
1114 1924 1155 1950 in-

268 1969 375 2007 stituta
385 1978 512 2007 teneret,
527 1972 560 2002 Θ
574 1970 726 2008 Ecclesiam
735 1980 848 2011 regeret
855 1971 971 2007 jejunii
991 1967 1156 2007 sobrietate.

274 2016 320 2048 Et
331 2016 408 2048 hinc
418 2016 561 2049 sanctum
574 2017 670 2049 istum
680 2016 765 2049 haud
776 2017 875 2051 dubie
889 2016 947 2049 sibi
969 2014 987 2047 ἐι
1012 2015 1042 2048 S.
1072 2016 1158 2048 Am-

273 2065 382 2098 brolio
392 2064 576 2104 frequenter
598 2066 803 2103 praedicarum
833 2063 1018 2094 imitaturus
1035 2063 1066 2093 S.
1093 2064 1156 2093 Au.

272 2111 424 2157 gustinus
434 2111 526 2144 suum
540 2110 781 2145 Heremitarum
796 2110 1014 2153 Hipponense
1040 2118 1157 2142 mona·

273 2163 404 2197 sterium
418 2185 428 2201 ,
456 2171 523 2194 non
536 2157 615 2194 foris
628 2161 661 2194 in
674 2161 798 2195 deserta
812 2162 931 2195 Eremo
942 2184 954 2200 ,
974 2158 1074 2192 sedin
1086 2158 1156 2192 hor-

274 2223 311 2247 to
325 2213 408 2246 intra
423 2210 599 2245 Ecclesiam
618 2210 760 2245 instituit
775 2235 786 2251 ,
797 2210 862 2246 hoc
873 2213 920 2245 est
931 2234 942 2250 ,
970 2210 1004 2243 in
1018 2220 1098 2253 agro
1112 2210 1155 2241 su-

275 2261 425 2296 burbano
437 2261 520 2294 intra
537 2258 736 2302 parochiales
761 2261 881 2296 limites
904 2261 1046 2294 civitatis
1074 2259 1159 2302 Hip-

277 2311 444 2354 ponenfis.
476 2310 517 2342 Et
530 2310 603 2342 sane
614 2311 753 2344 nimium
764 2309 987 2346 hallucinatur
1012 2309 1157 2343 Pennot·

278 2370 353 2400 tus,
377 2359 457 2393 dum
476 2358 710 2392 Africanorum
728 2360 953 2395 Parochorum
965 2360 1084 2394 domos
1095 2370 1156 2402 pu-

277 2417 325 2443 tat
334 2410 456 2452 semper
470 2408 563 2441 fuisse
577 2409 635 2441 suae
649 2409 791 2443 Ecclesiae
804 2413 978 2454 contiguas
992 2432 1002 2448 ‚
1015 2409 1154 2452 ideoque

277 2456 374 2492 verba
389 2457 454 2492 haec
462 2461 546 2490 intra
556 2458 709 2500 Ecclefiam
718 2461 781 2493 effe
795 2460 881 2494 idem
895 2460 984 2503 quod
990 2461 1085 2499 juxta
1097 2462 1156 2492 Ec·

277 2520 293 2542 c
327 2519 388 2541 iam
400 2533 408 2542 .
438 2507 592 2543 Nimium
606 2507 828 2543 hallucinatur
841 2512 925 2545 circa
939 2520 1045 2543 mores
1059 2509 1152 2543 Afro·

278 2569 351 2592 rum
369 2583 377 2590 .
406 2558 540 2592 Etenim
563 2568 631 2592 non
654 2558 754 2593 Afros
777 2560 949 2596 dumtaxat
970 2558 1136 2593 parochos
1146 2582 1156 2597 ‚

278 2609 333 2642 sed
354 2608 452 2642 etiam
474 2608 558 2651 ipsos
583 2608 761 2654 Episcopos
782 2612 981 2654 quandoque
1002 2608 1154 2643 habitasse

279 2670 350 2693 non
364 2655 447 2692 nihil
459 2657 477 2690 ὲ
492 2659 547 2692 sua
560 2657 700 2692 Ecclesia
722 2661 863 2696 semotos
877 2686 887 2702 ,
912 2669 998 2704 patet
1011 2671 1051 2693 ex
1071 2658 1153 2692 deci-

279 2719 337 2742 mo
345 2718 461 2750 quarto
471 2719 599 2742 canone
608 2708 756 2743 Concilii
765 2712 871 2753 quarti
881 2709 1153 2753 Carthaginensis.

279 2762 319 2791 Ut
332 2755 496 2800 Episcopus
508 2769 564 2792 non
576 2759 658 2801 longe
671 2758 709 2790 ab
721 2760 847 2801 Ecclefia
858 2760 1044 2805 hospitiolum
1055 2758 1151 2793 babe-

280 2816 330 2840 at.
359 2807 468 2841 Antea
481 2819 559 2852 ergo
571 2808 759 2841 habitabant
779 2811 913 2853 quidam
934 2812 1034 2844 etiam
1055 2809 1154 2853 longe

280 2857 322 2891 ab
336 2854 475 2894 Ecclesia
486 2881 493 2889 .
520 2857 577 2891 Est
588 2857 622 2892 id
636 2860 669 2891 in
682 2859 820 2900 Synodo
832 2860 892 2894 ista
918 2861 1130 2894 reformatum
1142 2883 1152 2899 ,

282 2907 503 2947 statutumque
513 2931 523 2947 ,
547 2917 662 2941 utnon
678 2908 777 2953 longe
787 2933 798 2949 ,
825 2910 860 2943 id
877 2910 924 2944 est
934 2934 944 2950 ,
971 2921 1039 2944 non
1060 2918 1150 2942 extra

282 2954 480 2999 parochiales
491 2958 608 2991 limites
622 2956 803 2993 habitarent
812 2984 820 2993 .
848 2959 984 3002 Synodo
996 2959 1049 2994 isti
1058 2959 1153 2993 inter-

280 3007 346 3040 fuit
357 3007 387 3039 S.
403 3006 565 3041 Poffidius
575 3031 583 3039 .
610 3007 810 3043 Constanter
826 3009 937 3054 itaque
959 3009 1035 3043 dico
1056 3020 1153 3044 cano-

282 3056 467 3090 nemistum
491 3055 590 3098 ,dum
605 3057 787 3102 Augustini
798 3061 899 3093 vitam
911 3059 1085 3100 scriberet,
1107 3059 1152 3092 fu-

282 3106 338 3139 isse
347 3106 388 3140 ab
400 3118 441 3140 eo
452 3117 613 3141 attentum
628 3132 639 3147 ‚
660 3108 797 3152 ideoque
807 3115 891 3144 intra
913 3108 1068 3151 Ecclefiam
1089 3109 1153 3143 esse

281 3156 368 3190 idem
380 3157 468 3200 quod
482 3169 538 3191 non
547 3159 631 3202 longe
642 3157 683 3192 ab
695 3158 830 3195 Ecclesia
842 3186 854 3202 ,
875 3161 927 3194 seu
941 3160 1022 3195 intra
1032 3158 1152 3194 limites

282 3206 481 3249 parochiales
493 3233 500 3240 .

1069 136 1616 189 Aucus-Trux.
2034 146 2074 190 9:

1463 250 1738 307 CAPUT
1811 273 1853 307 v

1295 419 1473 464 Augustinus
1495 421 1725 465 monachismum
1747 426 1868 464 primus
1892 424 2007 458 inducit

1429 474 1443 498 'i
1498 486 1505 505 J
1537 478 1570 505 in
1597 472 1746 515 Africam.

1325 569 1468 605 Uamvis
1487 571 1554 614 jam
1577 572 1701 618 pridem
1714 569 1862 615 proxime
1877 570 1946 615 post
1959 569 2104 614 Aposto-

1341 620 1448 654 lorum
1461 632 1609 666 tempora
1620 625 1780 658 Rornanae
1793 622 1942 656 Ecclesia:
1958 622 2103 663 praesede·

1221 671 1264 704 rit
1292 672 1426 707 sanetus
1448 670 1535 715 Papa
1554 672 1778 717 Telesphorus
1802 670 2013 706 Anachoreta
2028 695 2039 711 ,
2064 683 2103 706 ac

1221 732 1291 755 non
1325 721 1369 754 ita
1390 721 1515 757 dudum
1535 725 1608 766 post
1629 725 1762 758 Sanctus
1784 722 1964 765 Dionysius
1985 721 2105 755 Mona-

1221 771 1322 813 chus,
1349 771 1505 806 monachi
1516 783 1626 807 tamen
1639 774 1755 808 Romae
1767 782 1864 816 atque
1875 773 1907 805 in
1921 771 2017 805 omni
2037 771 2106 806 alia

1226 821 1354 865 Europa
1365 821 1547 864 priusfuere
1558 823 1916 858 notisubPontificatu
1939 821 2019 865 Julii
2044 821 2105 865 pri·

1222 871 1290 910 mi,
1314 883 1403 906 anno
1429 872 1571 907 Domini
1595 873 1739 917 JESU
1766 872 1991 907 trecentesimo
2019 875 2107 916 vige-

1220 921 1299 954 fimo
1310 922 1429 955 octavo
1439 946 1451 962 ,
1478 924 1611 966 quando
1623 923 1664 958 eo
1674 936 1715 958 ex
1729 923 1888 968 AEgypto
1898 923 1917 956 a
1930 922 2013 956 facie
2035 932 2107 955 cru-

1220 969 1346 1004 delium
1359 969 1558 1007 Arianorum
1569 975 1701 1018 fugiens
1712 974 1844 1008 advenit
1855 974 1990 1008 Sanctus
2001 970 2108 1004 Atha-

1220 1020 1338 1061 nasius,
1367 1021 1477 1054 secum
1501 1023 1651 1057 deferens
1674 1024 1775 1058 vitam
1809 1023 1917 1059 Sansti
1959 1020 2107 1056 Antonii

1220 1080 1302 1104 tunc
1324 1067 1432 1105 adhuc
1457 1070 1598 1106 viventis
1614 1098 1625 1113 ,
1657 1073 1831 1117 secumque
1855 1071 2022 1107 adducens
2048 1071 2108 1106 ali-

1221 1129 1300 1163 quot
1310 1119 1379 1163 ejus
1390 1119 1593 1162 monachos,
1618 1122 1763 1157 strenuos
1776 1123 1852 1156 fidei
1867 1122 1994 1166 pugiles
2006 1146 2017 1161 ,
2038 1132 2109 1164 per·

1220 1171 1305 1203 sonae
1319 1171 1376 1204 suae
1386 1170 1594 1213 praefidiarios
1606 1173 1750 1212 milites,
1780 1172 2008 1215 consortesque
2031 1181 2105 1204 om-

1221 1230 1269 1253 uis
1284 1221 1342 1254 suae
1353 1222 1604 1263 persecutionis.
1634 1223 1835 1257 Testaturid
1855 1223 1990 1264 Sanctus
2013 1220 2103 1255 Hie-

1220 1280 1379 1312 ronymus
1398 1271 1440 1304 ad
1462 1270 1610 1306 Sanctam
1633 1272 1810 1318 Virginem
1831 1272 2034 1315 Principiam
2059 1270 2102 1304 fic
2123 1255 2228 1299 Epist·

1222 1319 1361 1354 scribens
1372 1320 1412 1355 de
1425 1320 1539 1355 Sandia
1555 1322 1713 1357 Marcella
1726 1349 1734 1357 .
1762 1324 1859 1356 Nulla
1871 1334 1901 1356 eo
1914 1331 2042 1365 tempore
2056 1333 2104 1355 no·
2130 1306 2183 1343 ¹6·

1221 1369 1531 1411 biliumfoeminarum
1542 1382 1668 1406 noverat
1679 1377 1781 1406 Romae
1798 1372 1977 1416 propofitum
2001 1376 2106 1406 Mona·
2125 1356 2163 1390 C·
2175 1365 2206 1390 2.
2224 1366 2253 1404 3·

1220 1419 1339 1452 chorum
1349 1445 1360 1461 ,
1388 1431 1438 1454 nec
1447 1422 1576 1456 audebat
1599 1447 1610 1462 ,
1634 1432 1757 1465 propter
1767 1430 1808 1456 rei
1821 1429 1988 1457 novitatem
2003 1447 2013 1463 ‚
2027 1428 2106 1466 igno·

1221 1468 1375 1513 miniosum
1396 1495 1407 1510 ,
1434 1480 1467 1504 ut
1489 1481 1558 1505 tunc
1571 1474 1764 1515 putabatur,
1791 1475 1825 1508 Θ
1845 1475 1906 1508 vile
1932 1479 1964 1506 in
1984 1473 2106 1514 P0P¹¹I¹⁸

1222 1530 1325 1552 nomen
1338 1520 1476 1563 affumere
1486 1547 1493 1554 .
1520 1525 1664 1556 Marcella
1674 1524 1712 1556 ab
1729 1525 1940 1558 Alexandrinis
1949 1524 2036 1564 prius
2052 1524 2106 1554 Sa·

1221 1568 1384 1603 certioribus
1398 1595 1408 1611 ,
1422 1574 1567 1614 papaque
1581 1572 1752 1614 Athanafio‚
1778 1575 1812 1608 ὁ·
1821 1573 1920 1616 possea
1935 1575 2021 1607 Petro
2032 1596 2041 1612 ,
2053 1575 2106 1613 qut

1218 1617 1444 1661 persecutionem
1463 1626 1587 1656 Ariane
1617 1620 1766 1666 Haereseos
1790 1625 1976 1657 declinantes
1993 1648 2003 1663 ‚
2029 1617 2111 1664 quast⁴

1219 1670 1440 1709 adiutiffimum
1449 1678 1657 1706 communionis
1665 1672 1855 1717 suaeportum
1869 1699 1879 1713 ,
1898 1677 2024 1706 Romam
2039 1682 2104 1704 con·

1213 1719 1362 1762 fugerant
1386 1744 1397 1760 ‚
1423 1726 1524 1755 vitam
1546 1724 1640 1756 Beati
1663 1729 1784 1757 Antonii
1803 1749 1814 1765 ‚
1856 1722 1952 1756 adhuc
1965 1731 2034 1755 tunc
2058 1726 2106 1754 vi-

1222 1774 1321 1802 ventis
1331 1792 1342 1807 ‚
1366 1771 1657 1816 monasteriorumque
1668 1780 1700 1807 in
1713 1774 1863 1809 Thebaide
1874 1772 2044 1809 pachomii,
2070 1771 2106 1803 6*

1220 1822 1380 1862 Virginum
1401 1823 1435 1856 (5·
1455 1824 1625 1857 Viduarum
1647 1826 1756 1858 didicit
1777 1824 1965 1867 disciplinam
1986 1835 1999 1855 .-
2035 1823 2103 1853 Nec

1219 1870 1335 1902 erubuit
1343 1874 1500 1916 profiteri,
1527 1875 1608 1915 quod
1629 1874 1744 1914 Christo
1763 1875 1880 1914 placere
1902 1877 2105 1914 cognoverat.

1221 1919 1303 1952 Haec
1315 1921 1418 1960 prima
1431 1922 1464 1953 ἀ
1477 1922 1569 1954 rudia
1580 1922 1687 1955 adhuc
1699 1919 1913 1955 monachismi
1933 1921 2019 1964 apud
2041 1930 2104 1953 nos

1226 1965 1397 2007 Europaeos
1416 1967 1615 2003 incunabula
1645 1971 1785 2005 multum
1809 1971 1974 2014 promovit
2001 1979 2102 2013 atque

1221 2014 1405 2047 adolescere
1416 2018 1493 2047 fecit
1502 2019 1637 2050 Saucius
1652 2020 1813 2054 Eusebius
1827 2021 2007 2065 Episcopus
2021 2019 2103 2055 Ver-

1221 2061 1364 2093 cellensis
1375 2085 1387 2102 ‚
1415 2062 1458 2095 de
1471 2074 1537 2105 quo
1559 2066 1599 2097 ad
1616 2064 1858 2102 Vercellensem
1875 2070 2048 2104 Ecclesiam
2060 2071 2101 2105 fic
2125 2058 2227 2102 Epist·
2285 2080 2290 2094 ¹

1220 2109 1333 2143 scribit
1356 2112 1489 2145 Sanetus
1510 2112 1717 2149 Ambrosius.
1747 2120 1868 2151 Primus
1882 2126 1915 2152 in
1939 2122 2098 2154 occidenm
2124 2107 2180 2146 82-

1217 2159 1357 2200 partibus
1368 2161 1492 2204 diversa
1501 2170 1579 2196 inter
1598 2162 1632 2206 fit
1644 2165 1794 2208 Eusebius
1813 2167 1929 2211 sanHae
1950 2175 2099 2203 memoriae

1218 2211 1375 2249 conjunxit
1386 2234 1397 2250 ,
1422 2221 1455 2244 ut
1466 2214 1500 2246 Θ
1513 2219 1545 2246 in
1557 2219 1682 2249 civitate
1691 2215 1798 2259 positus
1829 2218 2034 2252 monachorum
2053 2224 2100 2253 in·

1215 2259 1320 2300 stituta
1330 2267 1443 2294 teneret
1455 2285 1466 2301 ,
1495 2265 1529 2297 o·
1541 2264 1698 2306 Ecclesiam
1709 2277 1822 2310 regeret
1825 2271 1939 2310 jejunii
1946 2268 2101 2311 sobrieta-

1218 2317 1247 2342 te
1257 2333 1264 2340 .
1294 2309 1427 2344 Etinfra
1439 2336 1447 2343 .
1476 2319 1550 2347 Haec
1556 2320 1709 2355 patientia
1719 2321 1753 2349 in
1768 2318 1873 2350 5anc‘io
1894 2319 2023 2362 Eusebio
2039 2332 2099 2353 mo-

1220 2358 1336 2398 nasterii
1347 2360 1452 2393 coaluit
1460 2360 1512 2404 usu
1525 2388 1535 2402 ,
1564 2365 1598 2397 ὁ·
1609 2366 1742 2398 durioris
1756 2366 1973 2409 observationis
1997 2369 2096 2412 consu-

1219 2411 1339 2443 etudine
1361 2409 1455 2451 baust't
1478 2411 1610 2446 laborum
1629 2417 1836 2450 tolerantiam.
1867 2423 2011 2461 Namque
2032 2419 2096 2453 baec

1218 2460 1276 2491 duo
1291 2466 1324 2491 in
1335 2469 1452 2493 attenta
1463 2462 1695 2503 christiam-um
1717 2468 1869 2501 devotione
1883 2469 2097 2511 praeslantiora

1217 2510 1268 2552 effe
1277 2515 1346 2551 quis
1358 2511 1492 2555 ambigat
1502 2536 1514 2552 ,
1539 2515 1720 2549 clericorum
1729 2518 1820 2559 officia
1832 2519 1866 2551 ό·
1886 2518 2096 2554 nonachorum

1217 2559 1353 2599 instituta
1367 2561 1384 2592 ἒ
1409 2561 1542 2597 Sanctus
1553 2575 1694 2609 namque
1717 2567 1875 2602 Eusebius
1897 2581 1966 2603 non
1987 2569 2095 2603 solum

1218 2611 1303 2664 apud
1317 2612 1389 2643 suos
1401 2610 1502 2645 Italos
1523 2613 1557 2646 in
1581 2616 1699 2650 Sancto
1723 2616 1905 2654 Athanasio
1925 2631 1964 2654 ac
1986 2619 2093 2654 Sociis

1215 2670 1286 2702 ejus
1297 2684 1308 2699 ‚
1332 2660 1385 2694 sed
1399 2662 1499 2695 etiam
1513 2663 1546 2696 in
1560 2664 1727 2700 Orientali
1740 2668 1880 2703 Ecclesia
1894 2695 1905 2710 ,
1925 2680 2094 2712 tamquam

1218 2709 1251 2742 in
1260 2709 1318 2743 suo
1328 2710 1422 2744 fonte
1433 2735 1444 2751 ,
1470 2713 1649 2749 monachos
1657 2727 1694 2750 ac
1706 2728 1820 2752 eorum
1836 2719 1984 2754 instituta
2005 2717 2094 2754 vide·

1216 2769 1284 2793 rat:
1312 2760 1426 2803 utpote
1437 2762 1501 2795 una
1512 2775 1586 2797 cum
1601 2765 1753 2800 Lucifero
1766 2768 1914 2803 Ecclesiae
1937 2769 2093 2804 Calarita-

1215 2821 1264 2843 nae
1276 2810 1441 2854 Episcopo
1451 2815 1602 2848 omnium
1615 2816 1747 2851 istarum
1764 2818 1974 2854 Ecclesiarum
2000 2819 2093 2853 sedu-

1214 2860 1265 2893 lus
1287 2859 1437 2895 lustrator
1448 2874 1486 2896 ac
1497 2862 1696 2900 admirabilis
1706 2868 1894 2910 pacificator
1907 2894 1918 2910 ‚
1943 2869 1985 2903 eo
1996 2868 2090 2903 desti·

1215 2919 1310 2943 natus
1321 2921 1397 2944 cum
1420 2912 1625 2955 plenitudine
1648 2917 1813 2960 potestatis
1833 2919 1874 2952 ab
1897 2920 2092 2963 Apostolica

1215 2959 1287 2993 sede
1299 2985 1307 2994 .
1337 2961 1417 2995 Haec
1429 2972 1507 3006 ergo
1520 2963 1566 2998 ibi
1581 2966 1645 2999 visa
1663 2966 1813 3002 instituta
1833 2970 1890 3012 ipsi
1917 2970 2066 3013 placuere
2078 2992 2091 3009 ,

1215 3009 1355 3053 ideoque
1364 3022 1401 3044 ea
1411 3013 1571 3057 assumpsit
1587 3017 1621 3050 δε
1635 3016 1739 3055 vixit,
1763 3028 1861 3060 atque
1874 3020 1914 3052 ad
1929 3021 2003 3053 suos
2025 3019 2090 3051 lta-

1214 3059 1263 3093 los
1273 3058 1441 3103 deportata
1451 3063 1588 3099 mirifice
1596 3067 1786 3111 propagavit
1798 3092 1807 3101 .
1835 3069 1878 3102 Et
1890 3068 1976 3103 haud
1989 3066 2089 3102 dubie

1213 3120 1253 3142 ex
1272 3108 1332 3143 hac
1354 3113 1532 3156 propagine
1554 3114 1642 3149 venit
1664 3117 1750 3151 istud
1774 3118 2017 3153 Mediolanense
2028 3117 2087 3151 sub

1214 3159 1374 3194 nutritore
1385 3162 1503 3195 Sancio
1517 3164 1689 3200 Ambrosio
1709 3169 1938 3202 monasterium
1963 3192 1973 3208 ,
1994 3167 2088 3210 cujus

1213 3211 1365 3267 meminit
1378 3210 1583 3255 Augustinus
1595 3214 1629 3248 in
1642 3217 1705 3250 suis
1717 3217 1989 3252 Confeffionibus:
2000 3218 2087 3252 Item

1213 3271 1250 3293 ea
1267 3270 1379 3294 omnia
1393 3270 1459 3295 tam
1472 3262 1616 3298 virorum
1638 3277 1735 3310 quam
1747 3270 1919 3302 mulierum
1940 3279 1996 3311 per
2015 3279 2087 3302 om·

1214 3320 1288 3343 nem
1296 3309 1427 3365 ltaliam
1441 3314 1650 3358 monasteria,
1663 3329 1800 3360 quorum
1815 3330 1958 3352 veracem
1973 3318 2086 3352 sanffl-

1215 3370 1358 3392 moniam
1373 3360 1470 3396 refert
1480 3374 1518 3396 ac
1543 3364 1651 3400 laudat
1663 3367 1697 3399 in
1709 3367 1792 3401 libro
1802 3368 1841 3402 de
1862 3369 2009 3402 moribus
2023 3369 2082 3401 Ec-

1214 3408 1310 3442 clefiae
1322 3408 1499 3446 Catholicae
1510 3436 1523 3453 ,
1548 3425 1620 3448 eam
1631 3427 1802 3459 opponens
1814 3419 1898 3452 falsae
1916 3431 1953 3452 ac
1973 3417 2080 3452 fallaci

1169 3490 1172 3495 .
1214 3459 1413 3496 abstinentiae
1430 3474 1468 3498 ac
1487 3464 1978 3513 continentiaegManichaeorum
2001 3491 2008 3499 ·
2033 3468 2079 3501 Et

1999 3515 2042 3551 ad
