2384 3770
571 198 736 258 Qurn
773 194 865 241 Sir
900 185 1119 239 Sionis.

236 283 387 316 recedens:
413 280 491 323 quia
512 281 601 325 signa
622 281 697 315 sunt
720 278 838 324 species
859 276 1014 317 visibilis,
1040 276 1105 319 spe·

236 332 302 366 cies
323 330 498 372 audibilis,
526 331 559 365 ὅ(
581 332 700 374 species
724 327 947 371 intelligibilis
961 351 970 367 ,
997 331 1041 359 uti
1061 331 1105 358 in-

224 382 287 423 -frae
304 382 464 423 ostenditur
484 394 496 427 ἦ
522 384 634 415 eorum
658 378 855 423 fignificatio
876 377 1010 411 actualis
1032 377 1107 409 sunt

235 432 317 466 visio
338 457 348 472 ‚
374 431 532 470 auditio,
557 431 590 463 δι
612 428 786 462 intellectio
810 451 821 467 ,
847 426 888 461 ab
910 426 974 460 illis
998 437 1106 469 proce-

235 479 315 515 dens
340 481 373 515 ἀ
401 479 530 525 physice
551 478 691 513 caussata
718 491 730 511 .-
764 478 855 521 atqui
881 476 1039 521 processio
1062 475 1106 509 vi-

235 532 356 573 sionis,
383 527 582 568 auditionis,
608 528 641 561 &
672 526 1048 571 intellestionisaspecie
1061 525 1106 559 vi-

236 581 350 620 fibi1i‚
375 578 511 615 audibili
537 603 549 619 ,
575 589 613 611 ac
634 577 867 622 intelligibili,
893 577 939 611 est
964 575 1103 615 visioni,

235 631 419 670 auditioni,
446 629 479 662 δι
502 628 716 663 ἰῐιῐεΙΙεᾶἰοοί
738 629 844 662 forma
866 627 938 661 vere
962 626 1107 661 intrinse-

235 692 293 715 ca:
319 690 397 724 ergo
417 679 572 722 proceffio
596 678 832 722 cognitionisa
850 678 967 722 signo,
991 676 1036 711 est
1050 676 1107 709 ali·

237 730 371 774 quando
392 729 580 772 cognitioni
604 727 708 762 forma
720 727 979 761 vereintrinseca
996 751 1005 759 .
1035 729 1105 759 Pro-

237 781 328 813 batur
353 785 424 811 min.
438 776 513 822 quia
527 779 682 821 processio
693 776 898 823 cognitionis
908 777 926 810 ὲ
937 779 989 811 sua
1003 774 1106 819 specie

236 829 282 865 est
294 830 396 868 astio,
424 839 587 872 perquam
612 826 792 873 cognitio&
805 829 859 861 sua
874 827 980 870 specie
991 824 1109 870 produ·

236 881 339 922 citur;
370 878 542 922 procedere
562 877 652 912 enim
676 877 724 912 est‘
749 877 834 911 idem
849 899 860 916 ,
885 877 975 920 quod
990 874 1107 919 produ·

237 930 268 964 ci
292 941 300 961 ε
326 939 406 972 ergo
425 926 581 972 processio
605 927 777 961 necessario
798 926 844 960 est
871 926 958 960 idem
979 950 990 966 ,
1017 924 1107 968 quod

237 978 408 1022 productio
418 992 432 1021 ;
458 980 545 1021 atqui
569 977 739 1021 productio
765 977 810 1010 est
835 976 977 1010 termino
989 974 1111 1018 produ-

238 1030 291 1062 Cio
315 1030 419 1063 forma
441 1028 513 1062 vere
537 1027 736 1069 intrinseca;
762 1025 914 1069 equidem
941 1035 976 1059 ut
1001 1013 1105 1064 mihi,

239 1078 473 1122 nobilibusque
502 1077 576 1111 aliis
603 1076 697 1119 hujus
727 1077 881 1120 temporis
903 1073 1109 1118 philosophis

238 1129 341 1162 visum
360 1130 404 1162 est
419 1152 430 1168 ,
454 1128 540 1162 astio
560 1128 770 1171 quantumvis
792 1126 936 1161 termino
958 1127 1017 1160 suo
1040 1135 1107 1158 non

239 1177 412 1218 inhaereat,
437 1187 547 1211 tamen
558 1177 607 1211 illi
631 1175 805 1211 intrinsece
816 1175 979 1217 adhaeret3
1006 1187 1043 1209 ac
1056 1185 1111 1216 per

237 1229 440 1272 consequens
453 1228 556 1271 ipsum
570 1225 741 1261 intrinsece
753 1225 965 1260 denominat:
991 1224 1033 1258 de
1045 1234 1110 1266 quo

238 1279 387 1311 dicemus
408 1278 471 1310 suo.
484 1276 580 1317 loco;
607 1286 686 1319 ergo
709 1277 864 1319 processio
877 1274 1110 1319 cognitionis&

237 1327 295 1361 sua
319 1325 423 1370 specie
446 1326 491 1360 est
513 1325 701 1369 cognitioni
721 1325 909 1369 procedenti
923 1326 1029 1359 forma
1041 1322 1112 1357 vere

239 1376 414 1411 intrinseca
427 1399 435 1407 .

291 1435 345 1464 20.
373 1425 562 1469 Antequam
573 1435 770 1470 argumento
781 1424 991 1469 respondeam
1007 1448 1018 1464 ‚
1037 1435 1111 1467 prae·

240 1476 341 1510 mitto
367 1477 398 1508 in
415 1473 480 1510 hoc
491 1476 627 1521 negotio
637 1475 754 1510 debere
765 1475 846 1509 bene
855 1473 1015 1518 distingui
1027 1473 1113 1506 inter

241 1526 472 1570 cognitionem
507 1526 540 1559 ὃς
562 1525 832 1570 significationem
856 1536 863 1555 z
902 1522 972 1558 dixi
994 1523 1114 1567 quippe

241 1574 474 1619 processionem
495 1574 616 1619 asigno
639 1576 701 1609 esse
721 1574 936 1609 extrinsecam
950 1574 1112 1618 cognitio·

241 1626 276 1659 ni
310 1649 322 1666 ,
359 1636 426 1659 non
457 1624 533 1658 verti
565 1625 796 1669 significationi
836 1638 848 1658 .·
882 1624 1115 1669 significationi

242 1686 385 1719 namque
405 1674 458 1708 illa
472 1676 625 1720 processio
636 1675 679 1708 est
695 1673 789 1718 piane
800 1675 832 1708 ὃς
845 1674 988 1707 omnino
1001 1673 1116 1707 intrin-

242 1726 312 1758 seca
334 1749 342 1757 .
371 1728 459 1758 Ratio
479 1724 517 1764 est
535 1738 543 1758 :
570 1724 647 1768 quia
669 1725 828 1769 quidquid
856 1723 1022 1758 essentiale
1044 1722 1089 1757 est
1105 1748 1115 1764 ,

243 1775 531 1809 hocintrinsecum
549 1774 615 1814 est,
644 1776 734 1818 atqui
759 1773 1116 1820 proceffioillaitsigno

241 1825 287 1859 est
300 1824 530 1869 significationi
545 1824 661 1858 actuali
673 1825 867 1866 essentialis3
894 1834 974 1868 ergo
987 1823 1031 1858 est
1046 1834 1115 1856 om·

240 1873 326 1908 nino
354 1875 530 1909 intrinseca
545 1900 552 1907 .
578 1874 726 1908 Probatur
737 1875 901 1917 mim-quia
924 1873 1034 1908 omnis
1043 1884 1114 1917 pars

238 1934 444 1967 componens
465 1926 511 1959 est
536 1924 713 1958 essentialis
724 1926 781 1959 suo
794 1925 998 1967 composito,
1026 1925 1114 1966 atqui

239 1973 398 2015 processio
420 1974 439 2005 ὲ
456 1974 548 2017 signo
560 1974 605 2007 es}
620 1985 691 2016 pars
701 1984 900 2016 componens
913 1972 1119 2015 significatio-

242 2032 343 2063 πως
369 2030 449 2066 ergo
475 2020 980 2065 ess-significationiessentialis.
1008 2019 1118 2053 Proba-

242 2078 293 2103 ην
316 2071 477 2114 min.quia
496 2070 693 2113 significatio
715 2071 759 2104 est
772 2071 926 2115 cognitio
938 2070 1119 2112 procedens

242 2120 262 2153 ὲ
284 2120 374 2163 signo
385 2131 399 2160 ;
424 2119 502 2153 sicut
512 2148 514 2150 ,
525 2118 629 2152 homo
655 2118 747 2152 albus
761 2120 805 2152 est
819 2119 923 2152 homo
936 2117 1063 2151 habens
1075 2118 1118 2150 al-

242 2168 412 2202 bedinem:
441 2179 521 2213 ergo
542 2167 620 2201 sicut
632 2165 736 2203 homo
749 2167 842 2201 albus
853 2168 1064 2210 componitur
1076 2178 1116 2200 ex

242 2217 448 2252 humanitate
465 2228 630 2259 tamquam
645 2229 685 2251 ex
698 2218 831 2252 materia
847 2218 879 2252 ἀ
893 2217 1032 2260 subjecto
1045 2241 1055 2257 ‚
1082 2217 1115 2251 ἀ

242 2278 283 2301 ex
304 2267 455 2301 albedine
463 2277 631 2310 tamquam
644 2278 683 2300 ex
694 2268 797 2301 forma
812 2291 824 2307 ,
850 2268 896 2300 ita
906 2269 1005 2300 etiarn
1020 2267 1117 2311 signi—

243 2316 356 2350 ficatio
380 2317 595 2359 componitur
621 2327 659 2349 ex
685 2317 881 2360 cognitione
893 2327 1059 2359 tamquam
1071 2327 1113 2349 ex

243 2366 398 2406 materia,
426 2364 459 2399 δε
483 2376 526 2399 ex
555 2365 642 2398 illius
663 2365 867 2409 cognitionis
887 2364 1116 2408 processionea

243 2416 360 2460 signo,
387 2424 554 2456 tamquam
575 2427 616 2448 ex
644 2416 750 2449 forma
774 2427 781 2447 ε
807 2425 886 2459 ergo
913 2414 1069 2457 proceffio
1096 2415 1114 2449 a

241 2464 337 2508 figno
361 2464 407 2498 est
423 2474 500 2507 ,pars
521 2476 748 2507 componens,
774 2476 813 2498 ac
837 2475 905 2508 pars
920 2463 1113 2505 essentialis,

242 2514 391 2558 adeoque
413 2513 585 2548 intrinseca
608 2514 873 2559 fignificationis3
903 2524 1034 2556 oportet
1058 2515 1113 2558 igi-

243 2575 296 2601 tur
320 2563 539 2608 philosophari
553 2563 593 2597 de
603 2564 840 2608 cognitione&
854 2564 1089 2609 significatione
1104 2588 1115 2604 ,

241 2614 321 2647 ficut
340 2613 609 2657 philosophamur
634 2615 673 2648 de
684 2612 820 2648 homine
834 2638 844 2653 ,
870 2614 903 2647 ὃς
920 2614 1111 2648 homineal-

241 2663 288 2698 bo
311 2675 319 2695 :
346 2662 396 2696 vel
416 2664 524 2706 potius
546 2663 626 2697 sicut
644 2662 914 2706 philosophamur
935 2663 976 2698 de
1000 2662 1111 2698 homi-

243 2724 309 2753 ne,
335 2713 369 2746 &
389 2712 430 2746 de
452 2711 586 2745 homine
610 2713 696 2746 viso:
724 2714 903 2753 sicutenim
918 2714 1017 2754 visio,
1043 2725 1114 2757 quae

242 2762 289 2796 est
305 2762 483 2795 extrinseca
517 2760 646 2795 homini
672 2787 681 2803 ,
717 2762 762 2796 est
787 2763 959 2798 intrinseca
981 2762 1111 2797 homini

243 2813 315 2846 viso
336 2823 344 2844 ε
374 2812 418 2845 ita
440 2810 495 2846 hic
511 2812 676 2855 -processio
697 2813 713 2844 a
738 2813 830 2856 signo
852 2813 1029 2847 extrinseca
1053 2825 1111 2847 co-

241 2862 411 2907 gnitioni,
437 2862 482 2896 est
495 2862 671 2896 intrinseca
683 2862 936 2906 fignificatioui3
964 2863 1007 2896 est
1021 2864 1111 2907 quip—

242 2922 283 2955 pe
307 2912 504 2956 significatio
536 2912 703 2955 quoddam
725 2913 942 2955 compositum
964 2913 1110 2947 acciden-

242 2962 309 2995 tale
326 2972 367 2995 ex
388 2961 584 3006 cognitione
615 2963 650 2997 δε
670 2963 872 3005 processione
891 2961 984 3004 ejusa
998 2963 1112 3007 figno3

241 3012 320 3045 fieut
343 3009 446 3045 homo
466 3010 550 3045 visus
560 3011 603 3045 est
625 3012 791 3054 quoddam
811 3012 1012 3045 accidentale
1022 3022 1109 3046 com·

242 3061 382 3104 positum
417 3072 458 3095 ex
488 3060 690 3096 humanitate
722 3063 755 3096 δε
776 3063 899 3095 visione
919 3062 985 3105 ejus
1005 3086 1015 3102 ,
1042 3074 1109 3096 non

241 3121 338 3154 quam
354 3110 547 3155 principiat,
574 3112 737 3156 sedquam
750 3112 917 3147 terminat.
941 3113 1020 3146 Hoc
1033 3123 1109 3156 prae·

241 3161 353 3194 misso.

289 3221 344 3247 21.
372 3209 463 3253 Resp.
489 3211 692 3247 totumistud
715 3222 943 3256 argumentum
955 3212 1045 3246 valde
1058 3224 1107 3256 pa-

239 3271 311 3294 rum
328 3272 443 3294 contra
468 3272 528 3295 nos
549 3263 677 3302 facere,
706 3272 880 3306 totumque
890 3262 1107 3306 collapsurum

240 3309 401 3344 intellecta
434 3311 571 3355 quadarn
594 3310 804 3346 distinetione
827 3324 837 3354 ·‚
876 3323 1006 3355 oportet
1029 3324 1109 3358 ergo

240 3359 323 3393 bene
347 3360 546 3406 distinguere
570 3362 654 3395 inter
672 3361 737 3395 haec
763 3362 852 3396 duo:
880 3362 1107 3406 cognitionem

240 3409 430 3452 procedere,
459 3411 493 3444 dc
514 3411 744 3456 cognitionem
767 3413 937 3456 procedere
962 3412 979 3444 a
1000 3412 1109 3458 sign03

239 3459 382 3493 calorem
402 3461 574 3502 procedere
597 3486 607 3502 ‚
635 3461 669 3495 ὅ(
696 3464 838 3495 calorem
868 3463 1040 3505 procedere
1067 3463 1109 3496 ab

242 3509 340 3552 igne;
369 3509 622 3544 intellestionem
652 3514 841 3554 procedere,
871 3512 1108 3547 &intelleffio

334 3558 443 3598 Christ.
454 3560 535 3601 Lupi
544 3565 643 3602 Opera
653 3564 733 3594 Tom.
745 3564 818 3594 ΧΠ.

1158 190 1236 236 Er
1271 190 1728 240 sicutricmro.
1918 207 2003 253 ,93

1171 284 1245 310 nem
1269 274 1444 320 procedere
1470 274 1512 310 ab
1539 275 1705 310 intellestn
1730 301 1740 316 ‚
1777 279 1839 313 &c.
1868 278 2043 323 procedere

1169 326 1256 359 enim
1271 325 1459 369 simpliciter
1469 326 1513 359 est
1524 325 1751 359 denominatio
1762 328 1831 362 vere
1844 329 2014 363 intrinseca
2024 351 2039 368 ,

1170 386 1205 409 ut
1229 376 1402 410 efficaciter
1431 375 1736 418 probatpraefatum
1769 375 1849 411 illud
1866 388 2038 422 argumen-

1169 436 1259 459 tum:
1287 436 1320 460 at
1343 425 1419 459 vero
1445 426 1617 468 procedere
1638 425 1656 458 a
1679 425 1792 469 signo,
1817 426 1857 459 ab
1869 429 1967 472 igne,
1994 427 2036 461 ab

1170 475 1356 516 intellectu,
1383 476 1402 510 a
1428 476 1555 517 specie,
1581 475 1640 509 &c
1667 476 1737 508 sunt
1751 475 2037 511 denominationes

1168 525 1373 560 extrinsecae.
1400 528 1490 558 Ratio
1500 525 1557 563 est:
1584 525 1658 568 quia
1672 523 1972 568 procedereasigno
1983 525 2036 560 ha-

1168 574 1221 608 bet
1236 575 1269 608 se
1280 576 1318 610 ad
1334 576 1563 620 cognitionem
1578 574 1824 618 procedentem,
1851 573 1927 607 sicut
1940 575 1970 606 se
1983 574 2038 609 ha·

1169 624 1223 658 bet
1235 624 1274 659 ad
1297 626 1502 670 cognitionis
1520 624 1772 668 processionem:
1802 624 1878 657 item
1893 623 2040 665 procede·

1169 686 1200 708 re
1211 675 1251 708 ab
1263 675 1344 719 igne
1367 672 1507 710 habet'se
1518 676 1557 708 ad
1570 676 1711 709 calorem
1727 674 1977 717 procedentem,
2005 672 2041 705 si-

1168 725 1236 758 cuti
1258 725 1390 760 sehabet
1402 726 1443 759 ad
1455 725 1572 759 caloris
1584 725 1838 768 processionem:
1866 723 1955 764 atqui
1970 733 2041 766 pro-

1169 775 1281 809 cedere
1303 775 1321 808 ὰ
1347 776 1441 820 signo
1462 799 1473 816 ,
1500 775 1550 809 vel
1563 775 1691 820 abigne
1712 773 1756 808 est
1780 773 1972 817 processioni
1986 783 2041 806 co-

1168 825 1369 868 gnitionis&
1382 826 1499 859 caloris
1511 823 1740 859 denominatio
1753 823 1928 857 extrinseca
1939 834 1949 865 ;
1961 832 2040 866 ergo

1169 875 1268 909 etiarn
1295 875 1339 909 est
1362 875 1434 909 talis
1454 875 1642 919 cognitioni
1665 875 1698 908 δε
1721 873 1821 907 calori
1834 872 2039 918 procedenti.

1171 924 1320 957 Probatur
1333 931 1403 958 mai.
1416 926 1490 968 quia
1505 923 1676 969 procedere
1690 923 1731 958 ab
1744 924 1821 968 igne
1832 947 1843 964 ,
1870 922 1920 956 vel
1934 932 2042 965 proce·

1170 974 1244 1007 dere
1266 974 1283 1007 a
1306 973 1398 1019 signo
1413 986 1479 1008 non
1502 975 1661 1018 competit
1678 972 1973 1008 immediatecalori
1986 981 2041 1005 aut

1170 1023 1357 1068 cognitioni
1371 1048 1382 1063 ‚
1409 1024 1461 1057 sed
1474 1025 1632 1067 competit
1648 1023 1837 1058 immediate
1845 1034 1957 1057 eorum
1972 1032 2044 1065 pro·

1171 1074 1326 1113 cessioni,
1353 1074 1416 1107 sive
1443 1073 1668 1116 produEii0053
1695 1073 1902 1107 &mediante
1914 1070 1974 1106 hac
1988 1073 2042 1105 sua

1174 1123 1412 1166 produftione,
1436 1124 1499 1157 five
1514 1122 1971 1166 proceffionecompetitillis,
1993 1120 2043 1154 uti

1174 1173 1379 1208 manifestum
1407 1173 1451 1208 est
1474 1174 1506 1208 ἀ
1533 1172 1628 1206 facile
1650 1172 1777 1216 probari
1801 1172 1903 1215 potest
1930 1184 1940 1214 ;
1967 1170 2044 1213 quia

1174 1224 1344 1267 procedere
1357 1224 1374 1257 ὲ
1387 1224 1478 1268 signo
1494 1247 1504 1263 ‚
1532 1222 1702 1266 procedere
1716 1223 1756 1256 ab
1773 1223 1849 1266 igne
1860 1247 1869 1262 ,
1885 1222 1971 1255 idem
1981 1220 2044 1259 est,

1173 1274 1260 1318 quod
1274 1275 1314 1308 ab
1327 1273 1404 1319 igne
1417 1298 1428 1314 ,
1458 1274 1508 1307 vel
1522 1274 1614 1318 signo
1622 1273 1733 1316 egredi
1746 1273 1778 1306 ὃ(
1789 1271 1918 1306 caussari
1930 1282 1939 1312 ;
1953 1269 2044 1315 atqui

1174 1325 1258 1358 affio
1292 1325 1357 1358 slve
1379 1323 1550 1367 productio
1585 1323 1716 1357 termini
1753 1322 1793 1356 ab
1832 1323 1908 1366 igne
1929 1344 1939 1360 ,
1965 1321 1982 1354 a
2009 1320 2047 1353 si·

1172 1385 1263 1418 gno,
1284 1375 1318 1409 ἃ
1339 1374 1532 1418 generaliter
1556 1374 1575 1408 ὲ
1599 1374 1712 1417 quavis
1723 1374 1826 1406 caussa
1838 1370 2045 1416 egreditur&

1175 1425 1336 1460 caussatur
1349 1423 1556 1464 immediate,
1581 1424 1615 1458 δε
1631 1422 1690 1456 hac
1705 1422 1867 1456 mediante
1877 1430 2044 1466 tamquam

1177 1474 1301 1508 ratione
1326 1475 1456 1508 formali
1477 1473 1639 1519 egreditur
1650 1473 1824 1516 cognitio,
1851 1472 1960 1511 calor,
1989 1479 2046 1504 aut

1177 1524 1260 1559 alins
1283 1522 1390 1566 quivis
1411 1526 1569 1557 terminus
1596 1524 1821 1566 peractionem
1834 1519 2047 1565 produetus&

1178 1574 1357 1607 caussatus:
1383 1585 1462 1618 ergo
1475 1574 1620 1607 similiter
1631 1573 1800 1616 procedere
1809 1572 1852 1605 ab
1866 1572 1965 1615 igne,
1991 1579 2048 1603 aut

1177 1624 1298 1669 &signo
1320 1634 1387 1657 non
1408 1622 1566 1667 competit
1580 1620 1961 1666 immediatecognitioni
1978 1643 1988 1659 ,
2014 1618 2048 1652 dt

1179 1674 1304 1716 calori;
1331 1674 1383 1707 sed
1409 1673 1552 1713 aesioni,
1580 1674 1633 1707 seu
1656 1671 1860 1715 productioni
1885 1669 2049 1704 caloris&

1180 1724 1565 1768 cognitionis(suppono
1588 1723 1677 1757 enim
1699 1733 1739 1755 ex
1766 1718 2021 1755 librisdeanirna
2037 1742 2049 1758 ,

1181 1774 1392 1818 cognitiones
1414 1784 1483 1807 non
1506 1773 1569 1806 esse
1591 1773 1755 1812 actiones,
1781 1771 1833 1805 sed
1857 1770 2048 1812 qualitates,

1183 1824 1322 1867 ideoque
1343 1823 1478 1866 produci
1501 1834 1555 1866 per
1578 1822 1747 1856 astionesa
1761 1822 1790 1855 se
1802 1820 1929 1854 realiter
1940 1817 2050 1851 moda-

1183 1874 1255 1907 liter
1266 1873 1456 1914 dissinstas)
1474 1872 1507 1906 ἀ
1521 1872 1580 1906 hac
1593 1869 1924 1912 mediantecompetit
1935 1869 2050 1912 cogni-

1183 1923 1266 1956 tioni
1278 1924 1310 1956 ὅ(
1322 1923 1422 1955 calori
1437 1947 1446 1963 ,
1473 1932 1552 1965 ergo
1564 1919 1762 1963 procedere&
1778 1919 1869 1964 signo
1885 1942 1896 1958 ,
1917 1918 1966 1951 vel
1982 1929 2051 1961 pro·

1182 1971 1294 2005 cedere
1313 1971 1353 2004 ab
1376 1972 1453 2015 igue
1477 1970 1522 2003 ita
1543 1971 1572 2003 se
1595 1969 1691 2003 habet
1703 1968 1744 2003 ad
1754 1967 1982 2014 cognitionem
1999 1967 2051 2001 vel

1184 2020 1323 2054 calorem
1347 2020 1573 2062 procedentem
1587 2045 1596 2060 ,
1622 2020 1700 2052 ficut
1725 2020 1758 2052 se
1777 2018 1872 2053 habet
1884 2018 1924 2052 ad
1937 2029 2051 2052 eorum

1185 2070 1437 2113 processionem:
1466 2080 1572 2111 neque
1600 2069 1701 2110 potest
1715 2070 1777 2102 effe
1790 2068 2053 2113 magisintrinse·

1182 2130 1257 2151 curn
1281 2118 1344 2151 illis
1359 2142 1370 2157 ‚
1396 2128 1492 2160 quam
1516 2118 1680 2151 siteorum
1693 2117 1903 2159 processioni.
1931 2120 1999 2151 Haec
2010 2118 2054 2150 ul-

1183 2173 1258 2199 tima
1282 2165 1393 2210 conseq.
1402 2167 1563 2208 probatur:
1590 2168 1666 2210 quia
1690 2166 2053 2201 denominatiohabens

1182 2219 1248 2250 duo
1276 2217 1411 2260 subjecta
1441 2240 1451 2256 ,
1487 2227 1590 2251 unum
1614 2217 1840 2251 immediatum
1870 2240 1882 2256 ‚
1916 2216 2053 2250 alterum

1183 2266 1382 2306 mediatum,
1411 2277 1477 2300 non
1501 2267 1602 2310 potest
1617 2267 1709 2300 aliter
1719 2267 1918 2307 convenire,
1945 2277 2054 2309 neque

1182 2318 1243 2351 esse
1280 2317 1385 2361 magis
1417 2315 1590 2350 intrinseca
1629 2315 1770 2358 subjecto
1797 2317 1856 2349 suo
1883 2316 2052 2356 mediato,

1181 2377 1277 2410 quam
1301 2367 1337 2399 sit
1359 2364 1496 2407 subjecto
1518 2366 1576 2399 suo
1595 2364 1807 2404 immediato,
1836 2376 1864 2397 ν.
1876 2375 1907 2409 g.
1932 2365 2051 2399 albedo

1181 2415 1338 2449 inhaerens
1365 2414 1554 2450 immediate
1567 2415 1761 2459 quantitati,
1789 2416 1821 2449 ὅ(
1836 2412 1896 2448 hac
1908 2414 2052 2449 median-

1180 2476 1211 2499 te
1236 2465 1415 2499 substantiae
1437 2466 1495 2507 (in
1530 2466 1686 2499 sententia
1711 2465 1879 2498 communi
1904 2462 2049 2507 loquor)

1181 2526 1247 2549 non
1283 2514 1384 2558 potest
1418 2516 1481 2549 esse
1505 2516 1610 2560 magis
1648 2515 1821 2548 intrinseca
1844 2513 2048 2554 substantiae,

1178 2565 1323 2608 quamsit
1344 2566 1547 2608 quantitati·‚
1573 2565 1661 2608 atqui
1689 2562 1756 2604 hae,
1784 2565 1967 2608 similesque
1989 2564 2045 2598 de·

1180 2613 1423 2649 nominationes
1446 2639 1456 2655 ,
1487 2618 1659 2658 procedere
1685 2615 1703 2648 ἢ
1725 2616 1819 2658 signo
1839 2639 1849 2654 ,
1876 2614 2048 2658 procedere

1178 2665 1219 2699 ab
1240 2667 1316 2709 igne
1330 2689 1340 2704 ,
1368 2663 1707 2709 procedereaspecie‚
1737 2664 2050 2699 &c-suntdenomi-

1179 2717 1327 2749 nationes
1353 2714 1510 2748 habentes
1530 2714 1598 2748 duo
1624 2714 1780 2757 subies-Im
1807 2724 1911 2748 unum
1937 2715 2049 2747 imme·

1176 2766 1301 2798 diarum
1319 2789 1329 2804 ‚
1355 2764 1491 2798 alterum
1516 2764 1719 2798 mediatum.-
1747 2774 1857 2798 earum
1871 2762 2046 2806 subjectum

1182 2815 1408 2848 immediatum
1428 2816 1472 2848 est
1499 2814 1654 2858 processio
1668 2815 1730 2849 sive
1744 2815 1827 2848 aetio
1846 2838 1855 2853 ,
1882 2814 1937 2857 qui
1957 2813 2047 2847 calor

1175 2867 1207 2899 ὃ(
1227 2864 1376 2909 cognitio
1398 2865 1439 2898 ab
1466 2866 1565 2909 igne,
1591 2866 1623 2898 ὃ(
1646 2864 1738 2909 signo
1761 2861 1985 2907 producuntur
2008 2874 2048 2897 ac

1177 2917 1355 2955 procedunt
1366 2927 1380 2957 ς
1409 2915 1583 2958 subjeetum
1596 2914 1671 2948 vero
1683 2913 1862 2948 mediatum
1875 2913 1919 2947 est
1932 2913 2048 2957 cogni·

1175 2967 1224 3000 tio
1245 2966 1278 2999 ἀ
1301 2965 1390 2998 calor
1420 2965 1592 3007 produstus
1618 2965 1649 2997 &
1667 2962 1862 3007 procedens;
1889 2973 1967 3006 ergo
1981 2963 2046 2997 istae

1173 3015 1460 3049 denominationes
1475 3027 1543 3048 non
1568 3016 1695 3058 possunt
1709 3015 1770 3047 esse
1783 3014 1889 3057 magis
1901 3013 2049 3046 intrinse-

1173 3077 1216 3098 cae
1240 3065 1429 3108 cognitioni
1455 3065 1488 3099 δι
1513 3065 1613 3098 calori
1637 3064 1885 3106 procedentibus
1910 3085 1921 3101 2
1946 3072 2046 3104 quam

1174 3116 1234 3149 sint
1257 3126 1370 3148 eorurn
1403 3112 1681 3157 proceffionibus,
1705 3114 1771 3147 sive
1783 3113 1979 3157 produssivis
1991 3122 2048 3146 eo·

1173 3175 1243 3198 rum
1266 3164 1447 3198 actionibus
1463 3188 1470 3196 .
1975 3159 1977 3161 ’

1222 3226 1277 3251 22.
1305 3218 1402 3246 Minor
1422 3220 1589 3256 arguments
1599 3213 1778 3254 principalis
1794 3237 1805 3252 ,
1831 3212 1953 3246 scilicet
1969 3222 2046 3255 pro·

1171 3266 1280 3297 cedere
1293 3264 1310 3296 a
1323 3265 1435 3307 signo,
1457 3264 1630 3306 procedere
1643 3261 1683 3297 ab
1696 3265 1792 3308 igne,
1818 3263 1879 3296 &a
1891 3263 1954 3296 esse
1972 3272 2045 3305 pro·

1172 3313 1368 3347 cessionibus
1391 3313 1452 3345 sive
1476 3312 2045 3355 astionibusimmediateproceden-

1172 3364 1275 3402 tibus,
1305 3362 1593 3397 denominationes
1618 3364 1813 3397 extrinsecas
1838 3386 1847 3402 ,
1873 3370 1961 3395 enam
1978 3371 2045 3404 proc

1172 3413 1282 3446 batur:
1308 3412 1384 3456 quia
1409 3413 1699 3446 denominationes
1726 3413 1915 3446 extrinsecae
1927 3423 2045 3446 vocan-

1173 3475 1224 3497 tur
1238 3463 1314 3501 illae,
1346 3473 1414 3504 quae
1448 3462 1532 3496 nihil
1547 3462 1759 3496 intrinsecum
1772 3460 1988 3506 superaddunt
1999 3462 2046 3493 su·

1174 3512 1284 3557 bjeffis
1297 3512 1372 3553 suis,
1386 3512 1438 3547 sed
1456 3512 1667 3548 solummodo
1678 3512 1811 3557 aliquod
1825 3513 2045 3546 extrinsecum

1915 3570 1991 3592 COU-
