<?xml version="1.0" encoding="UTF-8"?>
<!DOCTYPE html PUBLIC "-//W3C//DTD XHTML 1.0 Transitional//EN"
    "http://www.w3.org/TR/xhtml1/DTD/xhtml1-transitional.dtd">
<html xmlns="http://www.w3.org/1999/xhtml" xml:lang="en" lang="en">
 <head>
  <title>
</title>
<meta http-equiv="Content-Type" content="text/html;charset=utf-8" />
  <meta name='ocr-system' content='tesseract 3.04.00' />
  <meta name='ocr-capabilities' content='ocr_page ocr_carea ocr_par ocr_line ocrx_word'/>
</head>
<body>
  <div class='ocr_page' id='page_1' title='image "./operaomniastudio12lupuuoft/operaomniastudio12lupuuoft_0116.png"; bbox 0 0 2384 3770; ppageno 0'>
   <div class='ocr_carea' id='block_1_1' title="bbox 375 157 1195 208">
    <p class='ocr_par' dir='ltr' id='par_1_1' title="bbox 375 157 1195 208">
     <span class='ocr_line' id='line_1_1' title="bbox 375 157 1195 208; baseline -0.007 0"><span class='ocrx_word' id='word_1_1' title='bbox 375 176 463 208; x_wconf 81' lang='lat'>102</span> <span class='ocrx_word' id='word_1_2' title='bbox 877 157 1195 204; x_wconf 69' lang='lat' dir='ltr'>DisPUTAT.</span> 
     </span>
    </p>
   </div>
   <div class='ocr_carea' id='block_1_2' title="bbox 325 237 1235 1589">
    <p class='ocr_par' dir='ltr' id='par_1_2' title="bbox 325 237 1235 1180">
     <span class='ocr_line' id='line_1_2' title="bbox 333 237 1216 286; baseline -0.003 -9"><span class='ocrx_word' id='word_1_3' title='bbox 333 242 512 286; x_wconf 76' lang='lat' dir='ltr'>potentiam</span> <span class='ocrx_word' id='word_1_4' title='bbox 528 261 539 280; x_wconf 86' lang='lat'>,</span> <span class='ocrx_word' id='word_1_5' title='bbox 565 237 817 284; x_wconf 75' lang='lat' dir='ltr'>euifignificat3</span> <span class='ocrx_word' id='word_1_6' title='bbox 844 238 884 273; x_wconf 84' lang='lat' dir='ltr'>ad</span> <span class='ocrx_word' id='word_1_7' title='bbox 897 240 1216 284; x_wconf 81' lang='lat' dir='ltr'>imponentem,&amp;c.</span> 
     </span>
     <span class='ocr_line' id='line_1_3' title="bbox 332 289 1216 334; baseline 0 -10"><span class='ocrx_word' id='word_1_8' title='bbox 332 291 422 334; x_wconf 75' lang='lat' dir='ltr'>atqui</span> <span class='ocrx_word' id='word_1_9' title='bbox 450 289 558 330; x_wconf 87' lang='lat' dir='ltr'>illud,</span> <span class='ocrx_word' id='word_1_10' title='bbox 585 289 649 323; x_wconf 99' lang='lat' dir='ltr'>fine</span> <span class='ocrx_word' id='word_1_11' title='bbox 674 300 741 331; x_wconf 90' lang='lat' dir='ltr'>quo</span> <span class='ocrx_word' id='word_1_12' title='bbox 769 292 822 324; x_wconf 56' lang='lat' dir='ltr'>res*</span> <span class='ocrx_word' id='word_1_13' title='bbox 846 301 906 324; x_wconf 89' lang='lat' dir='ltr'>nec</span> <span class='ocrx_word' id='word_1_14' title='bbox 932 291 1017 332; x_wconf 80' lang='lat' dir='ltr'>esse,</span> <span class='ocrx_word' id='word_1_15' title='bbox 1044 303 1104 326; x_wconf 86' lang='lat' dir='ltr'>nec</span> <span class='ocrx_word' id='word_1_16' title='bbox 1131 304 1216 326; x_wconf 75' lang='lat' dir='ltr'>con-</span> 
     </span>
     <span class='ocr_line' id='line_1_4' title="bbox 331 338 1235 390; baseline 0.001 -15"><span class='ocrx_word' id='word_1_17' title='bbox 331 341 397 384; x_wconf 85' lang='lat' dir='ltr'>cipi</span> <span class='ocrx_word' id='word_1_18' title='bbox 426 338 554 383; x_wconf 89' lang='lat' dir='ltr'>potest,</span> <span class='ocrx_word' id='word_1_19' title='bbox 579 338 625 373; x_wconf 86' lang='lat' dir='ltr'>est</span> <span class='ocrx_word' id='word_1_20' title='bbox 651 338 784 374; x_wconf 81' lang='lat' dir='ltr'>essentia</span> <span class='ocrx_word' id='word_1_21' title='bbox 811 339 854 374; x_wconf 84' lang='lat' dir='ltr'>rei</span> <span class='ocrx_word' id='word_1_22' title='bbox 881 363 892 380; x_wconf 90' lang='lat'><strong>,</strong></span> <span class='ocrx_word' id='word_1_23' title='bbox 920 341 999 385; x_wconf 76' lang='lat' dir='ltr'>ergo</span> <span class='ocrx_word' id='word_1_24' title='bbox 1024 343 1158 376; x_wconf 82' lang='lat' dir='ltr'>essentia</span> <span class='ocrx_word' id='word_1_25' title='bbox 1183 342 1235 390; x_wconf 43' lang='grc' dir='ltr'>(ἰή</span> 
     </span>
     <span class='ocr_line' id='line_1_5' title="bbox 330 387 1233 437; baseline 0 -13"><span class='ocrx_word' id='word_1_26' title='bbox 330 392 391 437; x_wconf 84' lang='lat' dir='ltr'>gni</span> <span class='ocrx_word' id='word_1_27' title='bbox 418 391 477 423; x_wconf 88' lang='lat' dir='ltr'>fita</span> <span class='ocrx_word' id='word_1_28' title='bbox 503 389 549 423; x_wconf 81' lang='lat' dir='ltr'>est</span> <span class='ocrx_word' id='word_1_29' title='bbox 572 389 608 422; x_wconf 76' lang='lat' dir='ltr'>&#39;in</span> <span class='ocrx_word' id='word_1_30' title='bbox 637 387 725 426; x_wconf 83' lang='lat' dir='ltr'>hisce</span> <span class='ocrx_word' id='word_1_31' title='bbox 755 388 972 424; x_wconf 78' lang='lat' dir='ltr'>relationibus</span> <span class='ocrx_word' id='word_1_32' title='bbox 998 415 1005 423; x_wconf 92' lang='lat'>.</span> <span class='ocrx_word' id='word_1_33' title='bbox 1033 389 1121 434; x_wconf 82' lang='lat' dir='ltr'>Resp.</span> <span class='ocrx_word' id='word_1_34' title='bbox 1150 404 1233 435; x_wconf 84' lang='lat' dir='ltr'>neg.·</span> 
     </span>
     <span class='ocr_line' id='line_1_6' title="bbox 331 439 1217 486; baseline 0 -10"><span class='ocrx_word' id='word_1_35' title='bbox 331 449 426 476; x_wconf 80' lang='lat' dir='ltr'>amec.</span> <span class='ocrx_word' id='word_1_36' title='bbox 453 442 578 476; x_wconf 72' lang='lat' dir='ltr'>&amp;rasio</span> <span class='ocrx_word' id='word_1_37' title='bbox 603 439 661 479; x_wconf 84' lang='lat' dir='ltr'>est:</span> <span class='ocrx_word' id='word_1_38' title='bbox 690 439 765 483; x_wconf 87' lang='lat' dir='ltr'>quia</span> <span class='ocrx_word' id='word_1_39' title='bbox 793 440 815 473; x_wconf 83' lang='lat' dir='ltr'>fi</span> <span class='ocrx_word' id='word_1_40' title='bbox 841 439 976 475; x_wconf 74' lang='lat' dir='ltr'>essentia</span> <span class='ocrx_word' id='word_1_41' title='bbox 1004 441 1088 486; x_wconf 89' lang='lat' dir='ltr'>figni</span> <span class='ocrx_word' id='word_1_42' title='bbox 1115 441 1149 475; x_wconf 87' lang='lat' dir='ltr'>in</span> <span class='ocrx_word' id='word_1_43' title='bbox 1172 454 1217 476; x_wconf 86' lang='lat' dir='ltr'>re·</span> 
     </span>
     <span class='ocr_line' id='line_1_7' title="bbox 330 489 1216 534; baseline 0 -8"><span class='ocrx_word' id='word_1_44' title='bbox 330 493 457 527; x_wconf 88' lang='lat' dir='ltr'>latione</span> <span class='ocrx_word' id='word_1_45' title='bbox 475 491 533 525; x_wconf 86' lang='lat' dir='ltr'>fita</span> <span class='ocrx_word' id='word_1_46' title='bbox 559 490 676 533; x_wconf 79' lang='lat' dir='ltr'>foret3</span> <span class='ocrx_word' id='word_1_47' title='bbox 703 490 755 523; x_wconf 88' lang='lat' dir='ltr'>vel</span> <span class='ocrx_word' id='word_1_48' title='bbox 787 489 843 523; x_wconf 90' lang='lat' dir='ltr'>illa</span> <span class='ocrx_word' id='word_1_49' title='bbox 871 491 957 524; x_wconf 85' lang='lat' dir='ltr'>foret</span> <span class='ocrx_word' id='word_1_50' title='bbox 991 492 1216 534; x_wconf 70' lang='lat' dir='ltr'>praedicamen-</span> 
     </span>
     <span class='ocr_line' id='line_1_8' title="bbox 330 539 1215 584; baseline -0.003 -7"><span class='ocrx_word' id='word_1_51' title='bbox 330 543 427 584; x_wconf 85' lang='lat' dir='ltr'>talis,</span> <span class='ocrx_word' id='word_1_52' title='bbox 454 541 506 580; x_wconf 82' lang='lat' dir='ltr'>vel</span> <span class='ocrx_word' id='word_1_53' title='bbox 531 539 845 580; x_wconf 74' lang='lat' dir='ltr'>transcendenralis,</span> <span class='ocrx_word' id='word_1_54' title='bbox 873 539 937 574; x_wconf 81' lang='lat' dir='ltr'>five</span> <span class='ocrx_word' id='word_1_55' title='bbox 955 539 1115 583; x_wconf 73' lang='lat' dir='ltr'>ficundum</span> <span class='ocrx_word' id='word_1_56' title='bbox 1136 544 1215 576; x_wconf 71' lang='lat' dir='ltr'>dici:</span> 
     </span>
     <span class='ocr_line' id='line_1_9' title="bbox 329 589 1216 638; baseline -0.001 -11"><span class='ocrx_word' id='word_1_57' title='bbox 329 594 420 638; x_wconf 85' lang='lat' dir='ltr'>atqui</span> <span class='ocrx_word' id='word_1_58' title='bbox 450 602 562 625; x_wconf 86' lang='lat' dir='ltr'>neutra</span> <span class='ocrx_word' id='word_1_59' title='bbox 589 589 630 624; x_wconf 89' lang='lat' dir='ltr'>de</span> <span class='ocrx_word' id='word_1_60' title='bbox 656 589 789 624; x_wconf 73' lang='lat' dir='ltr'>essentia</span> <span class='ocrx_word' id='word_1_61' title='bbox 818 589 900 633; x_wconf 86' lang='lat' dir='ltr'>signi</span> <span class='ocrx_word' id='word_1_62' title='bbox 928 592 994 624; x_wconf 84' lang='lat' dir='ltr'>esse</span> <span class='ocrx_word' id='word_1_63' title='bbox 1014 590 1120 634; x_wconf 81' lang='lat' dir='ltr'>potest</span> <span class='ocrx_word' id='word_1_64' title='bbox 1136 617 1146 633; x_wconf 92' lang='lat'>‚</span> <span class='ocrx_word' id='word_1_65' title='bbox 1172 604 1216 626; x_wconf 87' lang='lat' dir='ltr'>er·</span> 
     </span>
     <span class='ocr_line' id='line_1_10' title="bbox 329 637 1218 688; baseline -0.003 -11"><span class='ocrx_word' id='word_1_66' title='bbox 329 642 375 688; x_wconf 72' lang='lat' dir='ltr'>go</span> <span class='ocrx_word' id='word_1_67' title='bbox 393 642 482 677; x_wconf 85' lang='lat' dir='ltr'>nulla</span> <span class='ocrx_word' id='word_1_68' title='bbox 498 640 614 676; x_wconf 87' lang='lat' dir='ltr'>relatio</span> <span class='ocrx_word' id='word_1_69' title='bbox 630 639 675 673; x_wconf 87' lang='lat' dir='ltr'>est</span> <span class='ocrx_word' id='word_1_70' title='bbox 701 637 742 672; x_wconf 84' lang='lat' dir='ltr'>de</span> <span class='ocrx_word' id='word_1_71' title='bbox 772 640 907 673; x_wconf 80' lang='lat' dir='ltr'>essentia</span> <span class='ocrx_word' id='word_1_72' title='bbox 920 639 1022 684; x_wconf 85' lang='lat' dir='ltr'>signi.</span> <span class='ocrx_word' id='word_1_73' title='bbox 1050 643 1144 684; x_wconf 77' lang='lat' dir='ltr'>,Quod</span> <span class='ocrx_word' id='word_1_74' title='bbox 1160 653 1218 677; x_wconf 75' lang='lat' dir='ltr'>non</span> 
     </span>
     <span class='ocr_line' id='line_1_11' title="bbox 325 690 1215 736; baseline 0.001 -11"><span class='ocrx_word' id='word_1_75' title='bbox 325 693 365 736; x_wconf 79' lang='lat' dir='ltr'>fit</span> <span class='ocrx_word' id='word_1_76' title='bbox 387 691 667 736; x_wconf 64' lang='lat' dir='ltr'>pradicamentalis</span> <span class='ocrx_word' id='word_1_77' title='bbox 683 713 693 729; x_wconf 96' lang='lat'>,</span> <span class='ocrx_word' id='word_1_78' title='bbox 721 691 808 731; x_wconf 80' lang='lat' dir='ltr'>apud</span> <span class='ocrx_word' id='word_1_79' title='bbox 826 701 872 723; x_wconf 82' lang='lat' dir='ltr'>me</span> <span class='ocrx_word' id='word_1_80' title='bbox 895 690 935 730; x_wconf 83' lang='lat' dir='ltr'>est</span> <span class='ocrx_word' id='word_1_81' title='bbox 960 692 1114 724; x_wconf 73' lang='lat' dir='ltr'>evidens:</span> <span class='ocrx_word' id='word_1_82' title='bbox 1140 691 1215 734; x_wconf 89' lang='lat' dir='ltr'>quia</span> 
     </span>
     <span class='ocr_line' id='line_1_12' title="bbox 329 739 1216 785; baseline -0.001 -8"><span class='ocrx_word' id='word_1_83' title='bbox 329 744 504 779; x_wconf 77' lang='lat' dir='ltr'>relationes</span> <span class='ocrx_word' id='word_1_84' title='bbox 543 740 838 785; x_wconf 84' lang='lat' dir='ltr'>praedicamentales</span> <span class='ocrx_word' id='word_1_85' title='bbox 879 739 974 774; x_wconf 80' lang='lat' dir='ltr'>nullae</span> <span class='ocrx_word' id='word_1_86' title='bbox 1013 743 1086 775; x_wconf 89' lang='lat' dir='ltr'>sunt</span> <span class='ocrx_word' id='word_1_87' title='bbox 1123 741 1216 783; x_wconf 83' lang='lat' dir='ltr'>aliae,</span> 
     </span>
     <span class='ocr_line' id='line_1_13' title="bbox 329 790 1217 836; baseline -0.003 -8"><span class='ocrx_word' id='word_1_88' title='bbox 329 804 428 836; x_wconf 83' lang='lat' dir='ltr'>quam</span> <span class='ocrx_word' id='word_1_89' title='bbox 456 793 561 831; x_wconf 89' lang='lat' dir='ltr'>unio,</span> <span class='ocrx_word' id='word_1_90' title='bbox 589 792 689 830; x_wconf 59' lang='lat' dir='ltr'>assio,</span> <span class='ocrx_word' id='word_1_91' title='bbox 720 791 753 824; x_wconf 74' lang='grc' dir='ltr'>δι</span> <span class='ocrx_word' id='word_1_92' title='bbox 782 790 902 834; x_wconf 78' lang='lat' dir='ltr'>passio:</span> <span class='ocrx_word' id='word_1_93' title='bbox 931 801 965 823; x_wconf 88' lang='lat' dir='ltr'>ur</span> <span class='ocrx_word' id='word_1_94' title='bbox 989 790 1026 823; x_wconf 82' lang='lat' dir='ltr'>in</span> <span class='ocrx_word' id='word_1_95' title='bbox 1049 791 1217 836; x_wconf 88' lang='lat' dir='ltr'>metaphy—</span> 
     </span>
     <span class='ocr_line' id='line_1_14' title="bbox 331 840 1216 885; baseline -0.002 -7"><span class='ocrx_word' id='word_1_96' title='bbox 331 845 391 878; x_wconf 75' lang='lat' dir='ltr'>fica</span> <span class='ocrx_word' id='word_1_97' title='bbox 416 854 469 877; x_wconf 89' lang='lat' dir='ltr'>me</span> <span class='ocrx_word' id='word_1_98' title='bbox 496 842 554 876; x_wconf 87' lang='lat' dir='ltr'>tibi</span> <span class='ocrx_word' id='word_1_99' title='bbox 584 840 681 874; x_wconf 74' lang='lat' dir='ltr'>facile</span> <span class='ocrx_word' id='word_1_100' title='bbox 707 840 926 882; x_wconf 79' lang='lat' dir='ltr'>persuasurum</span> <span class='ocrx_word' id='word_1_101' title='bbox 956 841 1069 883; x_wconf 84' lang='lat' dir='ltr'>spero;</span> <span class='ocrx_word' id='word_1_102' title='bbox 1097 841 1216 885; x_wconf 80' lang='lat' dir='ltr'>de&#39;quo</span> 
     </span>
     <span class='ocr_line' id='line_1_15' title="bbox 329 889 1216 933; baseline -0.003 -5"><span class='ocrx_word' id='word_1_103' title='bbox 329 894 463 928; x_wconf 82' lang='lat' dir='ltr'>interim</span> <span class='ocrx_word' id='word_1_104' title='bbox 502 891 574 925; x_wconf 89' lang='lat' dir='ltr'>vide</span> <span class='ocrx_word' id='word_1_105' title='bbox 609 890 807 933; x_wconf 83' lang='lat' dir='ltr'>Magistrum</span> <span class='ocrx_word' id='word_1_106' title='bbox 835 889 980 930; x_wconf 82' lang='lat' dir='ltr'>Bafilium</span> <span class='ocrx_word' id='word_1_107' title='bbox 1006 893 1144 924; x_wconf 79' lang='lat' dir='ltr'>Pontium</span> <span class='ocrx_word' id='word_1_108' title='bbox 1178 894 1216 925; x_wconf 86' lang='lat' dir='ltr'>de</span> 
     </span>
     <span class='ocr_line' id='line_1_16' title="bbox 330 937 1216 982; baseline -0.007 -3"><span class='ocrx_word' id='word_1_109' title='bbox 330 947 420 978; x_wconf 84' lang='lat' dir='ltr'>Leon.</span> <span class='ocrx_word' id='word_1_110' title='bbox 439 952 513 975; x_wconf 83' lang='lat' dir='ltr'>tomo</span> <span class='ocrx_word' id='word_1_111' title='bbox 540 952 569 977; x_wconf 90' lang='lat'>1-</span> <span class='ocrx_word' id='word_1_112' title='bbox 593 940 827 982; x_wconf 75' lang='lat' dir='ltr'>quodlibetorum</span> <span class='ocrx_word' id='word_1_113' title='bbox 849 939 948 981; x_wconf 80' lang='lat' dir='ltr'><em>quaest.</em></span> <span class='ocrx_word' id='word_1_114' title='bbox 975 937 1004 976; x_wconf 87' lang='lat'>8.</span> <span class='ocrx_word' id='word_1_115' title='bbox 1030 950 1094 982; x_wconf 86' lang='lat' dir='ltr'>cap.</span> <span class='ocrx_word' id='word_1_116' title='bbox 1131 951 1157 976; x_wconf 73' lang='grc' dir='ltr'>ι.</span> <span class='ocrx_word' id='word_1_117' title='bbox 1182 944 1216 976; x_wconf 62' lang='grc' dir='ltr'>ἐς</span> 
     </span>
     <span class='ocr_line' id='line_1_17' title="bbox 325 989 1216 1037; baseline -0.002 -10"><span class='ocrx_word' id='word_1_118' title='bbox 325 992 408 1037; x_wconf 81' lang='lat' dir='ltr'>seqq.</span> <span class='ocrx_word' id='word_1_119' title='bbox 421 993 510 1035; x_wconf 87' lang='lat' dir='ltr'>atqui</span> <span class='ocrx_word' id='word_1_120' title='bbox 531 990 666 1025; x_wconf 75' lang='lat' dir='ltr'>essentia</span> <span class='ocrx_word' id='word_1_121' title='bbox 680 989 762 1034; x_wconf 89' lang='lat' dir='ltr'>figni</span> <span class='ocrx_word' id='word_1_122' title='bbox 789 1000 896 1032; x_wconf 87' lang='lat' dir='ltr'>neque</span> <span class='ocrx_word' id='word_1_123' title='bbox 922 991 956 1023; x_wconf 91' lang='lat' dir='ltr'>in</span> <span class='ocrx_word' id='word_1_124' title='bbox 973 989 1102 1033; x_wconf 81' lang='lat' dir='ltr'>physica</span> <span class='ocrx_word' id='word_1_125' title='bbox 1124 993 1216 1025; x_wconf 88' lang='lat' dir='ltr'>unio-</span> 
     </span>
     <span class='ocr_line' id='line_1_18' title="bbox 328 1040 1214 1086; baseline -0.002 -9"><span class='ocrx_word' id='word_1_126' title='bbox 328 1054 370 1077; x_wconf 87' lang='lat' dir='ltr'>ne</span> <span class='ocrx_word' id='word_1_127' title='bbox 394 1067 405 1083; x_wconf 91' lang='lat'>‚</span> <span class='ocrx_word' id='word_1_128' title='bbox 432 1052 538 1086; x_wconf 88' lang='lat' dir='ltr'>neque</span> <span class='ocrx_word' id='word_1_129' title='bbox 563 1040 692 1074; x_wconf 74' lang='lat' dir='ltr'>afflone</span> <span class='ocrx_word' id='word_1_130' title='bbox 713 1063 723 1080; x_wconf 87' lang='lat'><strong>‚</strong></span> <span class='ocrx_word' id='word_1_131' title='bbox 766 1050 869 1083; x_wconf 89' lang='lat' dir='ltr'>neque</span> <span class='ocrx_word' id='word_1_132' title='bbox 896 1040 1040 1083; x_wconf 74' lang='lat' dir='ltr'>pastione</span> <span class='ocrx_word' id='word_1_133' title='bbox 1068 1042 1125 1075; x_wconf 79' lang='lat' dir='ltr'>sita</span> <span class='ocrx_word' id='word_1_134' title='bbox 1151 1043 1214 1082; x_wconf 82' lang='lat' dir='ltr'>est,</span> 
     </span>
     <span class='ocr_line' id='line_1_19' title="bbox 329 1089 1216 1137; baseline 0.001 -11"><span class='ocrx_word' id='word_1_135' title='bbox 329 1093 378 1127; x_wconf 91' lang='lat' dir='ltr'>uti</span> <span class='ocrx_word' id='word_1_136' title='bbox 409 1103 515 1136; x_wconf 79' lang='lat' dir='ltr'>patet,</span> <span class='ocrx_word' id='word_1_137' title='bbox 544 1089 626 1135; x_wconf 76' lang='lat' dir='ltr'>ergo</span> <span class='ocrx_word' id='word_1_138' title='bbox 653 1101 722 1125; x_wconf 86' lang='lat' dir='ltr'>non</span> <span class='ocrx_word' id='word_1_139' title='bbox 748 1089 793 1124; x_wconf 85' lang='lat' dir='ltr'>est</span> <span class='ocrx_word' id='word_1_140' title='bbox 820 1090 877 1126; x_wconf 83' lang='lat' dir='ltr'>stra</span> <span class='ocrx_word' id='word_1_141' title='bbox 902 1090 936 1124; x_wconf 86' lang='lat' dir='ltr'>in</span> <span class='ocrx_word' id='word_1_142' title='bbox 964 1090 1125 1126; x_wconf 80' lang='lat' dir='ltr'>relatione</span> <span class='ocrx_word' id='word_1_143' title='bbox 1139 1103 1216 1137; x_wconf 79' lang='lat' dir='ltr'>prae-</span> 
     </span>
     <span class='ocr_line' id='line_1_20' title="bbox 327 1141 557 1180; baseline -0.013 -3"><span class='ocrx_word' id='word_1_144' title='bbox 327 1141 557 1180; x_wconf 76' lang='lat' dir='ltr'>dicamentali.</span> 
     </span>
    </p>

    <p class='ocr_par' dir='ltr' id='par_1_3' title="bbox 327 1190 1216 1589">
     <span class='ocr_line' id='line_1_21' title="bbox 380 1190 1214 1238; baseline -0.001 -13"><span class='ocrx_word' id='word_1_145' title='bbox 380 1191 435 1238; x_wconf 81' lang='lat'>58.</span> <span class='ocrx_word' id='word_1_146' title='bbox 463 1192 555 1236; x_wconf 78' lang='lat' dir='ltr'>,Quod</span> <span class='ocrx_word' id='word_1_147' title='bbox 566 1203 659 1234; x_wconf 82' lang='lat' dir='ltr'>neque</span> <span class='ocrx_word' id='word_1_148' title='bbox 676 1197 771 1229; x_wconf 76' lang='lat' dir='ltr'>eriam</span> <span class='ocrx_word' id='word_1_149' title='bbox 783 1197 826 1223; x_wconf 60' lang='lat' dir='ltr'>in</span> <span class='ocrx_word' id='word_1_150' title='bbox 847 1191 988 1224; x_wconf 80' lang='lat' dir='ltr'>relatione</span> <span class='ocrx_word' id='word_1_151' title='bbox 1007 1190 1214 1234; x_wconf 76' lang='lat' dir='ltr'>transcenden-</span> 
     </span>
     <span class='ocr_line' id='line_1_22' title="bbox 330 1241 1214 1286; baseline 0 -10"><span class='ocrx_word' id='word_1_152' title='bbox 330 1245 386 1277; x_wconf 78' lang='lat' dir='ltr'>tali</span> <span class='ocrx_word' id='word_1_153' title='bbox 393 1241 456 1284; x_wconf 83' lang='lat' dir='ltr'>five</span> <span class='ocrx_word' id='word_1_154' title='bbox 473 1242 635 1286; x_wconf 60' lang='lat' dir='ltr'>secundum</span> <span class='ocrx_word' id='word_1_155' title='bbox 659 1243 737 1282; x_wconf 73' lang='lat' dir='ltr'>dics,</span> <span class='ocrx_word' id='word_1_156' title='bbox 752 1241 850 1282; x_wconf 60' lang='lat' dir='ltr'>facil&amp;</span> <span class='ocrx_word' id='word_1_157' title='bbox 871 1243 891 1273; x_wconf 66' lang='lat' dir='ltr'>a*</span> <span class='ocrx_word' id='word_1_158' title='bbox 914 1253 960 1275; x_wconf 81' lang='lat' dir='ltr'>me</span> <span class='ocrx_word' id='word_1_159' title='bbox 978 1241 1141 1282; x_wconf 71' lang='lat' dir='ltr'>probatum</span> <span class='ocrx_word' id='word_1_160' title='bbox 1171 1252 1214 1276; x_wconf 83' lang='lat' dir='ltr'>re·</span> 
     </span>
     <span class='ocr_line' id='line_1_23' title="bbox 328 1289 1215 1333; baseline 0 -7"><span class='ocrx_word' id='word_1_161' title='bbox 328 1293 469 1328; x_wconf 86' lang='lat' dir='ltr'>lationes</span> <span class='ocrx_word' id='word_1_162' title='bbox 480 1292 776 1327; x_wconf 83' lang='lat' dir='ltr'>transcendentales</span> <span class='ocrx_word' id='word_1_163' title='bbox 790 1316 801 1333; x_wconf 90' lang='lat'>‚</span> <span class='ocrx_word' id='word_1_164' title='bbox 826 1289 1058 1333; x_wconf 84' lang='lat' dir='ltr'>fivesecundum</span> <span class='ocrx_word' id='word_1_165' title='bbox 1071 1294 1130 1326; x_wconf 65' lang='lat' dir='ltr'>dici</span> <span class='ocrx_word' id='word_1_166' title='bbox 1141 1291 1215 1326; x_wconf 79' lang='lat' dir='ltr'>sunt</span> 
     </span>
     <span class='ocr_line' id='line_1_24' title="bbox 328 1341 1216 1387; baseline -0.002 -9"><span class='ocrx_word' id='word_1_167' title='bbox 328 1342 379 1378; x_wconf 82' lang='lat' dir='ltr'>illi</span> <span class='ocrx_word' id='word_1_168' title='bbox 406 1345 563 1387; x_wconf 60' lang='lat' dir='ltr'>respectus</span> <span class='ocrx_word' id='word_1_169' title='bbox 587 1343 686 1376; x_wconf 77' lang='lat' dir='ltr'>unius</span> <span class='ocrx_word' id='word_1_170' title='bbox 711 1341 823 1375; x_wconf 83' lang='lat' dir='ltr'>reiad</span> <span class='ocrx_word' id='word_1_171' title='bbox 848 1341 972 1381; x_wconf 81' lang='lat' dir='ltr'>aliam,</span> <span class='ocrx_word' id='word_1_172' title='bbox 1004 1342 1070 1375; x_wconf 86' lang='lat' dir='ltr'>fine</span> <span class='ocrx_word' id='word_1_173' title='bbox 1097 1341 1216 1386; x_wconf 88' lang='lat' dir='ltr'>quibus</span> 
     </span>
     <span class='ocr_line' id='line_1_25' title="bbox 328 1391 1213 1437; baseline -0.001 -10"><span class='ocrx_word' id='word_1_174' title='bbox 328 1392 350 1434; x_wconf 61' lang='grc' dir='ltr'>ἢ·</span> <span class='ocrx_word' id='word_1_175' title='bbox 374 1394 470 1427; x_wconf 87' lang='lat' dir='ltr'>nobis</span> <span class='ocrx_word' id='word_1_176' title='bbox 495 1393 628 1437; x_wconf 76' lang='lat' dir='ltr'>concipi</span> <span class='ocrx_word' id='word_1_177' title='bbox 655 1403 723 1426; x_wconf 91' lang='lat' dir='ltr'>non</span> <span class='ocrx_word' id='word_1_178' title='bbox 751 1391 873 1434; x_wconf 85' lang='lat' dir='ltr'>potest:</span> <span class='ocrx_word' id='word_1_179' title='bbox 903 1401 940 1425; x_wconf 88' lang='lat' dir='ltr'>ut</span> <span class='ocrx_word' id='word_1_180' title='bbox 966 1392 1123 1435; x_wconf 67' lang='lat' dir='ltr'>respectus</span> <span class='ocrx_word' id='word_1_181' title='bbox 1141 1403 1213 1426; x_wconf 83' lang='lat' dir='ltr'>ma-</span> 
     </span>
     <span class='ocr_line' id='line_1_26' title="bbox 329 1442 1215 1485; baseline -0.001 -8"><span class='ocrx_word' id='word_1_182' title='bbox 329 1444 416 1477; x_wconf 82' lang='lat' dir='ltr'>reriae</span> <span class='ocrx_word' id='word_1_183' title='bbox 427 1443 469 1478; x_wconf 88' lang='lat' dir='ltr'>ad</span> <span class='ocrx_word' id='word_1_184' title='bbox 481 1444 621 1478; x_wconf 81' lang='lat' dir='ltr'>formam</span> <span class='ocrx_word' id='word_1_185' title='bbox 637 1467 648 1482; x_wconf 93' lang='lat'>,</span> <span class='ocrx_word' id='word_1_186' title='bbox 674 1442 787 1476; x_wconf 79' lang='lat' dir='ltr'>formae</span> <span class='ocrx_word' id='word_1_187' title='bbox 807 1442 847 1475; x_wconf 85' lang='lat' dir='ltr'>ad</span> <span class='ocrx_word' id='word_1_188' title='bbox 874 1442 1043 1475; x_wconf 81' lang='lat' dir='ltr'>materiam</span> <span class='ocrx_word' id='word_1_189' title='bbox 1058 1465 1068 1482; x_wconf 91' lang='lat'>‚</span> <span class='ocrx_word' id='word_1_190' title='bbox 1097 1452 1215 1485; x_wconf 90' lang='lat' dir='ltr'>poten-</span> 
     </span>
     <span class='ocr_line' id='line_1_27' title="bbox 327 1490 1214 1534; baseline -0.002 -6"><span class='ocrx_word' id='word_1_191' title='bbox 327 1494 382 1532; x_wconf 75' lang='lat' dir='ltr'>tiae</span> <span class='ocrx_word' id='word_1_192' title='bbox 402 1495 442 1527; x_wconf 87' lang='lat' dir='ltr'>ad</span> <span class='ocrx_word' id='word_1_193' title='bbox 461 1496 571 1534; x_wconf 74' lang='lat' dir='ltr'>astus,</span> <span class='ocrx_word' id='word_1_194' title='bbox 600 1495 728 1527; x_wconf 64' lang='lat' dir='ltr'>adinum</span> <span class='ocrx_word' id='word_1_195' title='bbox 743 1492 783 1525; x_wconf 87' lang='lat' dir='ltr'>ad</span> <span class='ocrx_word' id='word_1_196' title='bbox 803 1490 930 1534; x_wconf 66' lang='lat' dir='ltr'>objecta</span> <span class='ocrx_word' id='word_1_197' title='bbox 943 1515 954 1531; x_wconf 88' lang='lat'>‚</span> <span class='ocrx_word' id='word_1_198' title='bbox 982 1493 1162 1526; x_wconf 60' lang='lat' dir='ltr'>actionum.</span> <span class='ocrx_word' id='word_1_199' title='bbox 1174 1492 1214 1526; x_wconf 86' lang='lat' dir='ltr'>ad</span> 
     </span>
     <span class='ocr_line' id='line_1_28' title="bbox 330 1541 1208 1589; baseline -0.002 -11"><span class='ocrx_word' id='word_1_200' title='bbox 330 1545 489 1579; x_wconf 78' lang='lat' dir='ltr'>terminos</span> <span class='ocrx_word' id='word_1_201' title='bbox 504 1567 514 1583; x_wconf 91' lang='lat'>‚</span> <span class='ocrx_word' id='word_1_202' title='bbox 536 1544 617 1589; x_wconf 86' lang='lat' dir='ltr'>figni</span> <span class='ocrx_word' id='word_1_203' title='bbox 638 1541 936 1586; x_wconf 71' lang='lat' dir='ltr'>adfignificatum,</span> <span class='ocrx_word' id='word_1_204' title='bbox 962 1541 1003 1581; x_wconf 78' lang='lat' dir='ltr'>ad</span> <span class='ocrx_word' id='word_1_205' title='bbox 1027 1543 1208 1585; x_wconf 85' lang='lat' dir='ltr'>potentiam</span> 
     </span>
    </p>
   </div>
   <div class='ocr_carea' id='block_1_3' title="bbox 272 1589 1214 1638">
    <p class='ocr_par' dir='ltr' id='par_1_4' title="bbox 272 1589 1214 1638">
     <span class='ocr_line' id='line_1_29' title="bbox 272 1589 1214 1638; baseline -0.004 -9"><span class='ocrx_word' id='word_1_206' title='bbox 272 1615 279 1622; x_wconf 89' lang='lat'><em>·</em></span> <span class='ocrx_word' id='word_1_207' title='bbox 333 1594 388 1628; x_wconf 79' lang='lat' dir='ltr'>cui</span> <span class='ocrx_word' id='word_1_208' title='bbox 413 1594 596 1638; x_wconf 80' lang='lat' dir='ltr'>fignificat,</span> <span class='ocrx_word' id='word_1_209' title='bbox 623 1592 663 1627; x_wconf 80' lang='lat' dir='ltr'>ad</span> <span class='ocrx_word' id='word_1_210' title='bbox 680 1593 907 1636; x_wconf 86' lang='lat' dir='ltr'>imponentem</span> <span class='ocrx_word' id='word_1_211' title='bbox 935 1615 946 1631; x_wconf 93' lang='lat'><strong>,</strong></span> <span class='ocrx_word' id='word_1_212' title='bbox 972 1592 1036 1625; x_wconf 72' lang='lat' dir='ltr'>dcc.</span> <span class='ocrx_word' id='word_1_213' title='bbox 1062 1592 1152 1637; x_wconf 88' lang='lat' dir='ltr'>atqui</span> <span class='ocrx_word' id='word_1_214' title='bbox 1180 1589 1214 1625; x_wconf 87' lang='lat' dir='ltr'>hi</span> 
     </span>
    </p>
   </div>
   <div class='ocr_carea' id='block_1_4' title="bbox 330 1641 1217 3541">
    <p class='ocr_par' dir='ltr' id='par_1_5' title="bbox 330 1641 1217 2340">
     <span class='ocr_line' id='line_1_30' title="bbox 333 1641 1216 1689; baseline -0.006 -9"><span class='ocrx_word' id='word_1_215' title='bbox 333 1645 487 1689; x_wconf 65' lang='lat' dir='ltr'>respectus</span> <span class='ocrx_word' id='word_1_216' title='bbox 498 1656 565 1678; x_wconf 89' lang='lat' dir='ltr'>non</span> <span class='ocrx_word' id='word_1_217' title='bbox 579 1646 651 1678; x_wconf 87' lang='lat' dir='ltr'>sunt</span> <span class='ocrx_word' id='word_1_218' title='bbox 663 1642 844 1676; x_wconf 72' lang='lat' dir='ltr'>essentiales</span> <span class='ocrx_word' id='word_1_219' title='bbox 855 1641 899 1674; x_wconf 90' lang='lat' dir='ltr'>rei</span> <span class='ocrx_word' id='word_1_220' title='bbox 913 1641 1095 1683; x_wconf 81' lang='lat' dir='ltr'>respicienti</span> <span class='ocrx_word' id='word_1_221' title='bbox 1108 1667 1118 1683; x_wconf 93' lang='lat'><strong>,</strong></span> <span class='ocrx_word' id='word_1_222' title='bbox 1137 1641 1216 1687; x_wconf 76' lang='lat' dir='ltr'>ergo</span> 
     </span>
     <span class='ocr_line' id='line_1_31' title="bbox 331 1690 1215 1741; baseline -0.009 -10"><span class='ocrx_word' id='word_1_223' title='bbox 331 1707 441 1741; x_wconf 65' lang='lat' dir='ltr'>neque</span> <span class='ocrx_word' id='word_1_224' title='bbox 453 1696 528 1729; x_wconf 80' lang='lat' dir='ltr'>sunt</span> <span class='ocrx_word' id='word_1_225' title='bbox 537 1695 579 1729; x_wconf 90' lang='lat' dir='ltr'>de</span> <span class='ocrx_word' id='word_1_226' title='bbox 590 1693 723 1728; x_wconf 73' lang='lat' dir='ltr'>essentia</span> <span class='ocrx_word' id='word_1_227' title='bbox 747 1693 826 1737; x_wconf 80' lang='lat' dir='ltr'>signi</span> <span class='ocrx_word' id='word_1_228' title='bbox 842 1717 849 1724; x_wconf 93' lang='lat'>.</span> <span class='ocrx_word' id='word_1_229' title='bbox 876 1693 1020 1731; x_wconf 81' lang='lat' dir='ltr'>Maj0rem</span> <span class='ocrx_word' id='word_1_230' title='bbox 1047 1690 1095 1724; x_wconf 76' lang='lat' dir='ltr'>bic</span> <span class='ocrx_word' id='word_1_231' title='bbox 1110 1690 1215 1734; x_wconf 84' lang='lat' dir='ltr'>suppo-</span> 
     </span>
     <span class='ocr_line' id='line_1_32' title="bbox 331 1740 1217 1789; baseline -0.006 -9"><span class='ocrx_word' id='word_1_232' title='bbox 331 1743 423 1787; x_wconf 56' lang='lat' dir='ltr'>nere}</span> <span class='ocrx_word' id='word_1_233' title='bbox 450 1757 540 1789; x_wconf 79' lang='lat' dir='ltr'>quam</span> <span class='ocrx_word' id='word_1_234' title='bbox 546 1744 675 1788; x_wconf 74' lang='lat' dir='ltr'>probare</span> <span class='ocrx_word' id='word_1_235' title='bbox 695 1745 794 1783; x_wconf 83' lang='lat' dir='ltr'>malo,</span> <span class='ocrx_word' id='word_1_236' title='bbox 818 1740 911 1775; x_wconf 84' lang='lat' dir='ltr'>habeo</span> <span class='ocrx_word' id='word_1_237' title='bbox 921 1747 1000 1775; x_wconf 79' lang='lat' dir='ltr'>enim</span> <span class='ocrx_word' id='word_1_238' title='bbox 1011 1743 1093 1784; x_wconf 81' lang='lat' dir='ltr'>quod</span> <span class='ocrx_word' id='word_1_239' title='bbox 1101 1742 1157 1774; x_wconf 73' lang='lat' dir='ltr'>ribi</span> <span class='ocrx_word' id='word_1_240' title='bbox 1180 1743 1217 1775; x_wconf 82' lang='lat' dir='ltr'>de</span> 
     </span>
     <span class='ocr_line' id='line_1_33' title="bbox 334 1792 1215 1837; baseline -0.005 -8"><span class='ocrx_word' id='word_1_241' title='bbox 334 1796 389 1835; x_wconf 57' lang='lat' dir='ltr'>illa</span> <span class='ocrx_word' id='word_1_242' title='bbox 414 1801 447 1829; x_wconf 72' lang='lat' dir='ltr'>in</span> <span class='ocrx_word' id='word_1_243' title='bbox 460 1795 594 1837; x_wconf 72' lang='lat' dir='ltr'>metaph.</span> <span class='ocrx_word' id='word_1_244' title='bbox 623 1796 720 1828; x_wconf 72' lang='lat' dir='ltr'>dicam</span> <span class='ocrx_word' id='word_1_245' title='bbox 731 1818 742 1832; x_wconf 85' lang='lat'>‚</span> <span class='ocrx_word' id='word_1_246' title='bbox 769 1798 912 1826; x_wconf 79' lang='lat' dir='ltr'>minorem</span> <span class='ocrx_word' id='word_1_247' title='bbox 936 1792 1066 1834; x_wconf 81' lang='lat' dir='ltr'><em>probabo</em></span> <span class='ocrx_word' id='word_1_248' title='bbox 1087 1798 1193 1834; x_wconf 78' lang='lat' dir='ltr'>paucis</span> <span class='ocrx_word' id='word_1_249' title='bbox 1207 1805 1215 1825; x_wconf 91' lang='lat'>:</span> 
     </span>
     <span class='ocr_line' id='line_1_34' title="bbox 332 1842 1213 1892; baseline -0.006 -12"><span class='ocrx_word' id='word_1_250' title='bbox 332 1846 408 1892; x_wconf 74' lang='lat' dir='ltr'>quia</span> <span class='ocrx_word' id='word_1_251' title='bbox 422 1845 470 1879; x_wconf 86' lang='lat' dir='ltr'>illi</span> <span class='ocrx_word' id='word_1_252' title='bbox 485 1845 640 1887; x_wconf 71' lang='lat' dir='ltr'>respestus</span> <span class='ocrx_word' id='word_1_253' title='bbox 654 1843 739 1878; x_wconf 85' lang='lat' dir='ltr'>nihil</span> <span class='ocrx_word' id='word_1_254' title='bbox 753 1844 825 1878; x_wconf 88' lang='lat' dir='ltr'>sunt</span> <span class='ocrx_word' id='word_1_255' title='bbox 845 1842 955 1882; x_wconf 81' lang='lat' dir='ltr'>aliud,</span> <span class='ocrx_word' id='word_1_256' title='bbox 984 1853 1081 1883; x_wconf 86' lang='lat' dir='ltr'>quam</span> <span class='ocrx_word' id='word_1_257' title='bbox 1106 1853 1213 1886; x_wconf 84' lang='lat' dir='ltr'>aggre-</span> 
     </span>
     <span class='ocr_line' id='line_1_35' title="bbox 330 1891 1216 1946; baseline -0.007 -15"><span class='ocrx_word' id='word_1_258' title='bbox 330 1908 445 1946; x_wconf 69' lang='lat' dir='ltr'>gatum</span> <span class='ocrx_word' id='word_1_259' title='bbox 457 1922 467 1937; x_wconf 95' lang='lat'>,</span> <span class='ocrx_word' id='word_1_260' title='bbox 496 1895 557 1929; x_wconf 76' lang='lat' dir='ltr'>five</span> <span class='ocrx_word' id='word_1_261' title='bbox 570 1894 787 1937; x_wconf 86' lang='lat' dir='ltr'>compositum</span> <span class='ocrx_word' id='word_1_262' title='bbox 802 1904 844 1927; x_wconf 78' lang='lat' dir='ltr'>ex</span> <span class='ocrx_word' id='word_1_263' title='bbox 857 1904 890 1925; x_wconf 90' lang='lat' dir='ltr'>re</span> <span class='ocrx_word' id='word_1_264' title='bbox 913 1891 1104 1935; x_wconf 78' lang='lat' dir='ltr'>respiciente</span> <span class='ocrx_word' id='word_1_265' title='bbox 1125 1893 1159 1926; x_wconf 89' lang='lat'>&amp;</span> <span class='ocrx_word' id='word_1_266' title='bbox 1185 1904 1216 1925; x_wconf 91' lang='lat' dir='ltr'>te</span> 
     </span>
     <span class='ocr_line' id='line_1_36' title="bbox 337 1941 1215 1991; baseline -0.009 -9"><span class='ocrx_word' id='word_1_267' title='bbox 337 1948 501 1991; x_wconf 71' lang='lat' dir='ltr'>respetsta5</span> <span class='ocrx_word' id='word_1_268' title='bbox 528 1946 571 1979; x_wconf 88' lang='lat' dir='ltr'>ita</span> <span class='ocrx_word' id='word_1_269' title='bbox 584 1955 691 1979; x_wconf 87' lang='lat' dir='ltr'>tamen</span> <span class='ocrx_word' id='word_1_270' title='bbox 705 1954 740 1976; x_wconf 85' lang='lat' dir='ltr'>ut</span> <span class='ocrx_word' id='word_1_271' title='bbox 764 1942 875 1976; x_wconf 80' lang='lat' dir='ltr'>dicant</span> <span class='ocrx_word' id='word_1_272' title='bbox 897 1951 965 1974; x_wconf 87' lang='lat' dir='ltr'>rem</span> <span class='ocrx_word' id='word_1_273' title='bbox 989 1941 1215 1982; x_wconf 82' lang='lat' dir='ltr'>respicientem</span> 
     </span>
     <span class='ocr_line' id='line_1_37' title="bbox 333 1989 1214 2036; baseline -0.009 -4"><span class='ocrx_word' id='word_1_274' title='bbox 333 1996 368 2034; x_wconf 80' lang='lat' dir='ltr'>in</span> <span class='ocrx_word' id='word_1_275' title='bbox 384 1998 468 2031; x_wconf 66' lang='lat' dir='ltr'>redo</span> <span class='ocrx_word' id='word_1_276' title='bbox 481 2020 491 2036; x_wconf 86' lang='lat'><em>,</em></span> <span class='ocrx_word' id='word_1_277' title='bbox 518 2006 584 2031; x_wconf 85' lang='lat' dir='ltr'>tem</span> <span class='ocrx_word' id='word_1_278' title='bbox 600 1993 676 2029; x_wconf 73' lang='lat' dir='ltr'>vero</span> <span class='ocrx_word' id='word_1_279' title='bbox 690 1994 863 2035; x_wconf 73' lang='lat' dir='ltr'>respectam</span> <span class='ocrx_word' id='word_1_280' title='bbox 887 1991 921 2024; x_wconf 85' lang='lat' dir='ltr'>in</span> <span class='ocrx_word' id='word_1_281' title='bbox 942 1989 1098 2033; x_wconf 83' lang='lat' dir='ltr'>obliquo:</span> <span class='ocrx_word' id='word_1_282' title='bbox 1124 1991 1214 2034; x_wconf 85' lang='lat' dir='ltr'>atqui</span> 
     </span>
     <span class='ocr_line' id='line_1_38' title="bbox 330 2039 1214 2090; baseline -0.011 -8"><span class='ocrx_word' id='word_1_283' title='bbox 330 2058 381 2083; x_wconf 84' lang='lat' dir='ltr'>res</span> <span class='ocrx_word' id='word_1_284' title='bbox 402 2047 538 2090; x_wconf 65' lang='lat' dir='ltr'>respecta</span> <span class='ocrx_word' id='word_1_285' title='bbox 564 2057 630 2078; x_wconf 90' lang='lat' dir='ltr'>non</span> <span class='ocrx_word' id='word_1_286' title='bbox 653 2044 697 2077; x_wconf 83' lang='lat' dir='ltr'>est</span> <span class='ocrx_word' id='word_1_287' title='bbox 719 2042 759 2076; x_wconf 88' lang='lat' dir='ltr'>de</span> <span class='ocrx_word' id='word_1_288' title='bbox 779 2039 912 2075; x_wconf 83' lang='lat' dir='ltr'>essentia</span> <span class='ocrx_word' id='word_1_289' title='bbox 923 2041 968 2074; x_wconf 91' lang='lat' dir='ltr'>rei</span> <span class='ocrx_word' id='word_1_290' title='bbox 992 2040 1214 2083; x_wconf 86' lang='lat' dir='ltr'>respicientis,</span> 
     </span>
     <span class='ocr_line' id='line_1_39' title="bbox 331 2088 1215 2141; baseline -0.011 -9"><span class='ocrx_word' id='word_1_291' title='bbox 331 2099 406 2141; x_wconf 83' lang='lat' dir='ltr'>quis</span> <span class='ocrx_word' id='word_1_292' title='bbox 419 2098 509 2131; x_wconf 89' lang='lat' dir='ltr'>enim</span> <span class='ocrx_word' id='word_1_293' title='bbox 522 2095 607 2128; x_wconf 88' lang='lat' dir='ltr'>dicat</span> <span class='ocrx_word' id='word_1_294' title='bbox 619 2095 758 2127; x_wconf 86' lang='lat' dir='ltr'>formam</span> <span class='ocrx_word' id='word_1_295' title='bbox 770 2093 832 2125; x_wconf 85' lang='lat' dir='ltr'>esse</span> <span class='ocrx_word' id='word_1_296' title='bbox 845 2090 886 2123; x_wconf 86' lang='lat' dir='ltr'>de</span> <span class='ocrx_word' id='word_1_297' title='bbox 895 2088 1028 2123; x_wconf 83' lang='lat' dir='ltr'>essentia</span> <span class='ocrx_word' id='word_1_298' title='bbox 1053 2089 1191 2122; x_wconf 71' lang='lat' dir='ltr'>materiae</span> <span class='ocrx_word' id='word_1_299' title='bbox 1204 2111 1215 2127; x_wconf 82' lang='lat'><strong>,</strong></span> 
     </span>
     <span class='ocr_line' id='line_1_40' title="bbox 333 2137 1215 2189; baseline -0.012 -8"><span class='ocrx_word' id='word_1_300' title='bbox 333 2158 391 2181; x_wconf 87' lang='lat' dir='ltr'>aut</span> <span class='ocrx_word' id='word_1_301' title='bbox 403 2146 564 2189; x_wconf 61' lang='lat' dir='ltr'>obieiium</span> <span class='ocrx_word' id='word_1_302' title='bbox 583 2144 623 2178; x_wconf 89' lang='lat' dir='ltr'>de</span> <span class='ocrx_word' id='word_1_303' title='bbox 633 2143 768 2176; x_wconf 85' lang='lat' dir='ltr'>essentia</span> <span class='ocrx_word' id='word_1_304' title='bbox 779 2141 868 2174; x_wconf 70' lang='lat' dir='ltr'>astus</span> <span class='ocrx_word' id='word_1_305' title='bbox 879 2163 890 2179; x_wconf 91' lang='lat'>‚</span> <span class='ocrx_word' id='word_1_306' title='bbox 916 2148 972 2172; x_wconf 86' lang='lat' dir='ltr'>aut</span> <span class='ocrx_word' id='word_1_307' title='bbox 985 2139 1161 2171; x_wconf 83' lang='lat' dir='ltr'>terminum</span> <span class='ocrx_word' id='word_1_308' title='bbox 1174 2137 1215 2171; x_wconf 90' lang='lat' dir='ltr'>de</span> 
     </span>
     <span class='ocr_line' id='line_1_41' title="bbox 331 2187 1213 2236; baseline -0.011 -5"><span class='ocrx_word' id='word_1_309' title='bbox 331 2197 464 2231; x_wconf 77' lang='lat' dir='ltr'>essentia</span> <span class='ocrx_word' id='word_1_310' title='bbox 475 2194 612 2229; x_wconf 63' lang='lat' dir='ltr'>aaionis</span> <span class='ocrx_word' id='word_1_311' title='bbox 627 2192 644 2226; x_wconf 82' lang='lat'><em>?</em></span> <span class='ocrx_word' id='word_1_312' title='bbox 671 2204 748 2236; x_wconf 90' lang='lat' dir='ltr'>ergo</span> <span class='ocrx_word' id='word_1_313' title='bbox 760 2189 808 2224; x_wconf 88' lang='lat' dir='ltr'>illi</span> <span class='ocrx_word' id='word_1_314' title='bbox 823 2190 978 2232; x_wconf 62' lang='lat' dir='ltr'>respeaus</span> <span class='ocrx_word' id='word_1_315' title='bbox 989 2187 1213 2222; x_wconf 84' lang='lat' dir='ltr'>transcenden-</span> 
     </span>
     <span class='ocr_line' id='line_1_42' title="bbox 331 2237 1212 2288; baseline -0.011 -7"><span class='ocrx_word' id='word_1_316' title='bbox 331 2247 412 2285; x_wconf 82' lang='lat' dir='ltr'>tales</span> <span class='ocrx_word' id='word_1_317' title='bbox 426 2257 492 2279; x_wconf 90' lang='lat' dir='ltr'>non</span> <span class='ocrx_word' id='word_1_318' title='bbox 507 2246 636 2288; x_wconf 73' lang='lat' dir='ltr'>possunt</span> <span class='ocrx_word' id='word_1_319' title='bbox 655 2244 717 2276; x_wconf 77' lang='lat' dir='ltr'>esse</span> <span class='ocrx_word' id='word_1_320' title='bbox 735 2239 918 2274; x_wconf 80' lang='lat' dir='ltr'>essentiales</span> <span class='ocrx_word' id='word_1_321' title='bbox 939 2237 984 2274; x_wconf 87' lang='lat' dir='ltr'>rei</span> <span class='ocrx_word' id='word_1_322' title='bbox 1004 2238 1212 2285; x_wconf 75' lang='lat' dir='ltr'>respicienti,</span> 
     </span>
     <span class='ocr_line' id='line_1_43' title="bbox 332 2289 989 2340; baseline -0.015 -8"><span class='ocrx_word' id='word_1_323' title='bbox 332 2297 463 2340; x_wconf 80' lang='lat' dir='ltr'>dequo</span> <span class='ocrx_word' id='word_1_324' title='bbox 482 2296 574 2339; x_wconf 86' lang='lat' dir='ltr'>plura</span> <span class='ocrx_word' id='word_1_325' title='bbox 599 2294 632 2326; x_wconf 87' lang='lat' dir='ltr'>in</span> <span class='ocrx_word' id='word_1_326' title='bbox 654 2289 875 2333; x_wconf 76' lang='lat' dir='ltr'>metaphysica</span> <span class='ocrx_word' id='word_1_327' title='bbox 900 2300 989 2323; x_wconf 81' lang='lat' dir='ltr'>mea.</span> 
     </span>
    </p>

    <p class='ocr_par' dir='ltr' id='par_1_6' title="bbox 334 2337 1216 3541">
     <span class='ocr_line' id='line_1_44' title="bbox 385 2337 1211 2393; baseline -0.011 -14"><span class='ocrx_word' id='word_1_328' title='bbox 385 2357 440 2393; x_wconf 81' lang='lat'>59.</span> <span class='ocrx_word' id='word_1_329' title='bbox 468 2348 574 2389; x_wconf 74' lang='lat' dir='ltr'>,Quare</span> <span class='ocrx_word' id='word_1_330' title='bbox 586 2343 629 2375; x_wconf 81' lang='lat' dir='ltr'>ad</span> <span class='ocrx_word' id='word_1_331' title='bbox 638 2341 718 2380; x_wconf 76' lang='lat' dir='ltr'>istius</span> <span class='ocrx_word' id='word_1_332' title='bbox 726 2339 855 2382; x_wconf 76' lang='lat' dir='ltr'>praefau</span> <span class='ocrx_word' id='word_1_333' title='bbox 865 2339 1074 2374; x_wconf 75' lang='lat' dir='ltr'>antecedentis</span> <span class='ocrx_word' id='word_1_334' title='bbox 1096 2337 1211 2380; x_wconf 76' lang='lat' dir='ltr'>proba·</span> 
     </span>
     <span class='ocr_line' id='line_1_45' title="bbox 335 2387 1212 2437; baseline -0.01 -7"><span class='ocrx_word' id='word_1_335' title='bbox 335 2402 440 2432; x_wconf 71' lang='lat' dir='ltr'>tionem</span> <span class='ocrx_word' id='word_1_336' title='bbox 449 2421 459 2437; x_wconf 89' lang='lat'>‚</span> <span class='ocrx_word' id='word_1_337' title='bbox 477 2397 604 2428; x_wconf 74' lang='lat' dir='ltr'>admitto</span> <span class='ocrx_word' id='word_1_338' title='bbox 615 2394 648 2428; x_wconf 63' lang='grc' dir='ltr'>ὡ·</span> <span class='ocrx_word' id='word_1_339' title='bbox 659 2398 800 2427; x_wconf 69' lang='lat' dir='ltr'>canoniae</span> <span class='ocrx_word' id='word_1_340' title='bbox 812 2391 956 2432; x_wconf 77' lang='lat' dir='ltr'>majorem</span> <span class='ocrx_word' id='word_1_341' title='bbox 969 2401 978 2431; x_wconf 84' lang='lat'>3</span> <span class='ocrx_word' id='word_1_342' title='bbox 1002 2387 1059 2431; x_wconf 83' lang='lat' dir='ltr'>sed</span> <span class='ocrx_word' id='word_1_343' title='bbox 1068 2394 1212 2422; x_wconf 79' lang='lat' dir='ltr'>minorem</span> 
     </span>
     <span class='ocr_line' id='line_1_46' title="bbox 334 2437 1212 2490; baseline -0.01 -11"><span class='ocrx_word' id='word_1_344' title='bbox 334 2458 480 2490; x_wconf 77' lang='lat' dir='ltr'>tanquam</span> <span class='ocrx_word' id='word_1_345' title='bbox 486 2443 604 2487; x_wconf 85' lang='lat' dir='ltr'>falsam</span> <span class='ocrx_word' id='word_1_346' title='bbox 617 2468 627 2483; x_wconf 91' lang='lat'>,</span> <span class='ocrx_word' id='word_1_347' title='bbox 640 2440 803 2485; x_wconf 79' lang='lat' dir='ltr'>captiosam</span> <span class='ocrx_word' id='word_1_348' title='bbox 814 2463 825 2479; x_wconf 91' lang='lat'>,</span> <span class='ocrx_word' id='word_1_349' title='bbox 850 2441 885 2475; x_wconf 62' lang='lat' dir='ltr'>cit</span> <span class='ocrx_word' id='word_1_350' title='bbox 894 2450 1045 2474; x_wconf 82' lang='lat' dir='ltr'>erroneam</span> <span class='ocrx_word' id='word_1_351' title='bbox 1066 2440 1083 2472; x_wconf 66' lang='lat' dir='ltr'>e*</span> <span class='ocrx_word' id='word_1_352' title='bbox 1100 2437 1212 2482; x_wconf 59' lang='lat' dir='ltr'>scholii</span> 
     </span>
     <span class='ocr_line' id='line_1_47' title="bbox 334 2489 1212 2535; baseline -0.009 -6"><span class='ocrx_word' id='word_1_353' title='bbox 334 2497 553 2532; x_wconf 65' lang='lat' dir='ltr'>eliminandam</span> <span class='ocrx_word' id='word_1_354' title='bbox 565 2495 667 2535; x_wconf 78' lang='lat' dir='ltr'>judico</span> <span class='ocrx_word' id='word_1_355' title='bbox 679 2517 689 2532; x_wconf 92' lang='lat'>,</span> <span class='ocrx_word' id='word_1_356' title='bbox 714 2496 793 2525; x_wconf 80' lang='lat' dir='ltr'>ratio</span> <span class='ocrx_word' id='word_1_357' title='bbox 803 2489 841 2531; x_wconf 81' lang='lat' dir='ltr'>est</span> <span class='ocrx_word' id='word_1_358' title='bbox 857 2501 864 2522; x_wconf 74' lang='grc' dir='ltr'><strong>ε</strong></span> <span class='ocrx_word' id='word_1_359' title='bbox 890 2489 966 2533; x_wconf 87' lang='lat' dir='ltr'>quia</span> <span class='ocrx_word' id='word_1_360' title='bbox 978 2491 1062 2522; x_wconf 78' lang='lat' dir='ltr'>aCtio</span> <span class='ocrx_word' id='word_1_361' title='bbox 1077 2500 1144 2522; x_wconf 89' lang='lat' dir='ltr'>non</span> <span class='ocrx_word' id='word_1_362' title='bbox 1157 2500 1212 2532; x_wconf 88' lang='lat' dir='ltr'>po-</span> 
     </span>
     <span class='ocr_line' id='line_1_48' title="bbox 334 2537 1210 2589; baseline -0.013 -7"><span class='ocrx_word' id='word_1_363' title='bbox 334 2549 394 2582; x_wconf 85' lang='lat' dir='ltr'>test</span> <span class='ocrx_word' id='word_1_364' title='bbox 408 2546 539 2589; x_wconf 85' lang='lat' dir='ltr'>concipi</span> <span class='ocrx_word' id='word_1_365' title='bbox 553 2545 618 2577; x_wconf 87' lang='lat' dir='ltr'>fine</span> <span class='ocrx_word' id='word_1_366' title='bbox 628 2553 745 2587; x_wconf 84' lang='lat' dir='ltr'>agente</span> <span class='ocrx_word' id='word_1_367' title='bbox 763 2542 797 2576; x_wconf 89' lang='lat'>&amp;</span> <span class='ocrx_word' id='word_1_368' title='bbox 809 2540 952 2574; x_wconf 89' lang='lat' dir='ltr'>termino</span> <span class='ocrx_word' id='word_1_369' title='bbox 976 2539 1033 2573; x_wconf 80' lang='lat' dir='ltr'>suo</span> <span class='ocrx_word' id='word_1_370' title='bbox 1045 2561 1056 2578; x_wconf 89' lang='lat'><em>‚</em></span> <span class='ocrx_word' id='word_1_371' title='bbox 1079 2537 1210 2572; x_wconf 84' lang='lat' dir='ltr'>materia</span> 
     </span>
     <span class='ocr_line' id='line_1_49' title="bbox 335 2589 1211 2641; baseline -0.011 -10"><span class='ocrx_word' id='word_1_372' title='bbox 335 2608 442 2641; x_wconf 87' lang='lat' dir='ltr'>neque</span> <span class='ocrx_word' id='word_1_373' title='bbox 463 2596 579 2630; x_wconf 88' lang='lat' dir='ltr'>modus</span> <span class='ocrx_word' id='word_1_374' title='bbox 599 2593 666 2633; x_wconf 82' lang='lat' dir='ltr'>fine</span> <span class='ocrx_word' id='word_1_375' title='bbox 679 2591 891 2628; x_wconf 85' lang='lat' dir='ltr'>modificato,</span> <span class='ocrx_word' id='word_1_376' title='bbox 907 2599 1013 2633; x_wconf 86' lang='lat' dir='ltr'>neque</span> <span class='ocrx_word' id='word_1_377' title='bbox 1034 2589 1121 2622; x_wconf 67' lang='lat' dir='ltr'>aetus</span> <span class='ocrx_word' id='word_1_378' title='bbox 1145 2589 1211 2622; x_wconf 89' lang='lat' dir='ltr'>fine</span> 
     </span>
     <span class='ocr_line' id='line_1_50' title="bbox 334 2638 1210 2690; baseline -0.011 -9"><span class='ocrx_word' id='word_1_379' title='bbox 334 2648 462 2689; x_wconf 69' lang='lat' dir='ltr'>objesso</span> <span class='ocrx_word' id='word_1_380' title='bbox 474 2672 484 2685; x_wconf 88' lang='lat'><em>‚</em></span> <span class='ocrx_word' id='word_1_381' title='bbox 513 2654 618 2690; x_wconf 85' lang='lat' dir='ltr'>neque</span> <span class='ocrx_word' id='word_1_382' title='bbox 628 2641 775 2676; x_wconf 84' lang='lat' dir='ltr'>accidens</span> <span class='ocrx_word' id='word_1_383' title='bbox 786 2640 852 2675; x_wconf 86' lang='lat' dir='ltr'>fine</span> <span class='ocrx_word' id='word_1_384' title='bbox 865 2639 1007 2684; x_wconf 62' lang='lat' dir='ltr'>subjecto</span> <span class='ocrx_word' id='word_1_385' title='bbox 1021 2664 1030 2679; x_wconf 93' lang='lat'>‚</span> <span class='ocrx_word' id='word_1_386' title='bbox 1059 2639 1091 2672; x_wconf 73' lang='grc' dir='ltr'>ὅ(</span> <span class='ocrx_word' id='word_1_387' title='bbox 1105 2639 1146 2671; x_wconf 88' lang='lat' dir='ltr'>fic</span> <span class='ocrx_word' id='word_1_388' title='bbox 1165 2638 1210 2671; x_wconf 86' lang='lat' dir='ltr'>in-</span> 
     </span>
     <span class='ocr_line' id='line_1_51' title="bbox 336 2687 1211 2738; baseline -0.011 -7"><span class='ocrx_word' id='word_1_389' title='bbox 336 2698 428 2731; x_wconf 77' lang='lat' dir='ltr'>finita</span> <span class='ocrx_word' id='word_1_390' title='bbox 440 2696 501 2730; x_wconf 87' lang='lat' dir='ltr'>alia</span> <span class='ocrx_word' id='word_1_391' title='bbox 513 2708 527 2738; x_wconf 88' lang='lat'><em>;</em></span> <span class='ocrx_word' id='word_1_392' title='bbox 553 2694 642 2737; x_wconf 87' lang='lat' dir='ltr'>atqui</span> <span class='ocrx_word' id='word_1_393' title='bbox 655 2691 721 2726; x_wconf 81' lang='lat' dir='ltr'>haec</span> <span class='ocrx_word' id='word_1_394' title='bbox 732 2691 843 2725; x_wconf 75' lang='lat' dir='ltr'>onmia</span> <span class='ocrx_word' id='word_1_395' title='bbox 856 2700 923 2723; x_wconf 89' lang='lat' dir='ltr'>non</span> <span class='ocrx_word' id='word_1_396' title='bbox 937 2691 1011 2723; x_wconf 90' lang='lat' dir='ltr'>sunt</span> <span class='ocrx_word' id='word_1_397' title='bbox 1021 2687 1211 2727; x_wconf 85' lang='lat' dir='ltr'>essentialia,</span> 
     </span>
     <span class='ocr_line' id='line_1_52' title="bbox 334 2737 1209 2782; baseline -0.011 -1"><span class='ocrx_word' id='word_1_398' title='bbox 334 2759 411 2781; x_wconf 88' lang='lat' dir='ltr'>cum</span> <span class='ocrx_word' id='word_1_399' title='bbox 424 2748 482 2779; x_wconf 87' lang='lat' dir='ltr'>fint</span> <span class='ocrx_word' id='word_1_400' title='bbox 492 2745 673 2779; x_wconf 85' lang='lat' dir='ltr'>extrinseca</span> <span class='ocrx_word' id='word_1_401' title='bbox 687 2767 697 2782; x_wconf 94' lang='lat'><strong>,</strong></span> <span class='ocrx_word' id='word_1_402' title='bbox 724 2743 758 2776; x_wconf 70' lang='grc' dir='ltr'>ὃ(</span> <span class='ocrx_word' id='word_1_403' title='bbox 771 2741 897 2774; x_wconf 83' lang='lat' dir='ltr'>realiter</span> <span class='ocrx_word' id='word_1_404' title='bbox 918 2739 1080 2780; x_wconf 72' lang='lat' dir='ltr'>adaequate</span> <span class='ocrx_word' id='word_1_405' title='bbox 1092 2737 1209 2772; x_wconf 79' lang='lat' dir='ltr'>dillin-</span> 
     </span>
     <span class='ocr_line' id='line_1_53' title="bbox 336 2789 1211 2841; baseline -0.011 -10"><span class='ocrx_word' id='word_1_406' title='bbox 336 2800 383 2831; x_wconf 63' lang='grc' dir='ltr'>δια</span> <span class='ocrx_word' id='word_1_407' title='bbox 395 2822 404 2836; x_wconf 81' lang='grc'><strong>,</strong></span> <span class='ocrx_word' id='word_1_408' title='bbox 429 2794 508 2841; x_wconf 73' lang='lat' dir='ltr'>ergo</span> <span class='ocrx_word' id='word_1_409' title='bbox 518 2804 617 2828; x_wconf 89' lang='lat' dir='ltr'>omne</span> <span class='ocrx_word' id='word_1_410' title='bbox 629 2793 710 2827; x_wconf 89' lang='lat' dir='ltr'>illud</span> <span class='ocrx_word' id='word_1_411' title='bbox 723 2792 786 2825; x_wconf 87' lang='lat' dir='ltr'>esse</span> <span class='ocrx_word' id='word_1_412' title='bbox 797 2791 841 2826; x_wconf 88' lang='lat' dir='ltr'>rei</span> <span class='ocrx_word' id='word_1_413' title='bbox 854 2789 1020 2824; x_wconf 82' lang='lat' dir='ltr'>essentiale</span> <span class='ocrx_word' id='word_1_414' title='bbox 1032 2813 1043 2828; x_wconf 89' lang='lat'><strong>,</strong></span> <span class='ocrx_word' id='word_1_415' title='bbox 1069 2789 1133 2823; x_wconf 86' lang='lat' dir='ltr'>fine</span> <span class='ocrx_word' id='word_1_416' title='bbox 1144 2799 1211 2832; x_wconf 90' lang='lat' dir='ltr'>quo</span> 
     </span>
     <span class='ocr_line' id='line_1_54' title="bbox 335 2839 1210 2885; baseline -0.013 -3"><span class='ocrx_word' id='word_1_417' title='bbox 335 2858 384 2881; x_wconf 76' lang='lat' dir='ltr'>res</span> <span class='ocrx_word' id='word_1_418' title='bbox 402 2859 460 2880; x_wconf 89' lang='lat' dir='ltr'>nec</span> <span class='ocrx_word' id='word_1_419' title='bbox 473 2847 538 2881; x_wconf 86' lang='lat' dir='ltr'>esse</span> <span class='ocrx_word' id='word_1_420' title='bbox 559 2855 620 2878; x_wconf 90' lang='lat' dir='ltr'>nec</span> <span class='ocrx_word' id='word_1_421' title='bbox 631 2841 762 2885; x_wconf 87' lang='lat' dir='ltr'>concipi</span> <span class='ocrx_word' id='word_1_422' title='bbox 776 2840 1011 2885; x_wconf 80' lang='lat' dir='ltr'>potest,falsum</span> <span class='ocrx_word' id='word_1_423' title='bbox 1024 2839 1067 2873; x_wconf 80' lang='lat' dir='ltr'>e&#39;fi</span> <span class='ocrx_word' id='word_1_424' title='bbox 1079 2863 1089 2879; x_wconf 94' lang='lat'>,</span> <span class='ocrx_word' id='word_1_425' title='bbox 1111 2841 1210 2881; x_wconf 86' lang='lat' dir='ltr'>capti-</span> 
     </span>
     <span class='ocr_line' id='line_1_55' title="bbox 335 2888 1212 2937; baseline -0.013 -5"><span class='ocrx_word' id='word_1_426' title='bbox 335 2898 430 2933; x_wconf 85' lang='lat' dir='ltr'>osum</span> <span class='ocrx_word' id='word_1_427' title='bbox 443 2897 487 2930; x_wconf 81' lang='lat' dir='ltr'>est</span> <span class='ocrx_word' id='word_1_428' title='bbox 502 2921 512 2936; x_wconf 91' lang='lat'>‚</span> <span class='ocrx_word' id='word_1_429' title='bbox 540 2905 709 2933; x_wconf 88' lang='lat' dir='ltr'>erroneum</span> <span class='ocrx_word' id='word_1_430' title='bbox 720 2891 764 2925; x_wconf 86' lang='lat' dir='ltr'>est</span> <span class='ocrx_word' id='word_1_431' title='bbox 780 2904 788 2925; x_wconf 87' lang='lat'>:</span> <span class='ocrx_word' id='word_1_432' title='bbox 815 2900 942 2937; x_wconf 83' lang='lat' dir='ltr'>oportet</span> <span class='ocrx_word' id='word_1_433' title='bbox 953 2900 1032 2934; x_wconf 82' lang='lat' dir='ltr'>ergo</span> <span class='ocrx_word' id='word_1_434' title='bbox 1063 2888 1146 2922; x_wconf 90' lang='lat' dir='ltr'>bene</span> <span class='ocrx_word' id='word_1_435' title='bbox 1167 2888 1212 2921; x_wconf 90' lang='lat' dir='ltr'>di·</span> 
     </span>
     <span class='ocr_line' id='line_1_56' title="bbox 336 2939 1213 2989; baseline -0.01 -8"><span class='ocrx_word' id='word_1_436' title='bbox 336 2947 500 2989; x_wconf 79' lang='lat' dir='ltr'>stinguere</span> <span class='ocrx_word' id='word_1_437' title='bbox 511 2947 595 2979; x_wconf 88' lang='lat' dir='ltr'>inter</span> <span class='ocrx_word' id='word_1_438' title='bbox 608 2943 675 2977; x_wconf 85' lang='lat' dir='ltr'>haec</span> <span class='ocrx_word' id='word_1_439' title='bbox 688 2942 756 2976; x_wconf 87' lang='lat' dir='ltr'>duo</span> <span class='ocrx_word' id='word_1_440' title='bbox 771 2953 778 2973; x_wconf 71' lang='grc' dir='ltr'>ε</span> <span class='ocrx_word' id='word_1_441' title='bbox 796 2942 850 2984; x_wconf 84' lang='lat' dir='ltr'>effe</span> <span class='ocrx_word' id='word_1_442' title='bbox 862 2941 951 2973; x_wconf 72' lang='lat' dir='ltr'>alicui</span> <span class='ocrx_word' id='word_1_443' title='bbox 979 2939 1126 2984; x_wconf 79' lang='lat' dir='ltr'>effennale</span> <span class='ocrx_word' id='word_1_444' title='bbox 1141 2960 1152 2977; x_wconf 88' lang='lat'>‚</span> <span class='ocrx_word' id='word_1_445' title='bbox 1179 2939 1213 2972; x_wconf 64' lang='grc' dir='ltr'><em>Θ</em></span> 
     </span>
     <span class='ocr_line' id='line_1_57' title="bbox 338 2988 1212 3037; baseline -0.011 -7"><span class='ocrx_word' id='word_1_446' title='bbox 338 2998 458 3030; x_wconf 68' lang='lat' dir='ltr'>involvi·</span> <span class='ocrx_word' id='word_1_447' title='bbox 484 3002 516 3028; x_wconf 79' lang='lat' dir='ltr'>ia</span> <span class='ocrx_word' id='word_1_448' title='bbox 537 2995 677 3037; x_wconf 69' lang='lat' dir='ltr'>essentiali</span> <span class='ocrx_word' id='word_1_449' title='bbox 699 2993 827 3032; x_wconf 69' lang='lat' dir='ltr'>alicujus</span> <span class='ocrx_word' id='word_1_450' title='bbox 847 2998 982 3031; x_wconf 82' lang='lat' dir='ltr'>conceptu</span> <span class='ocrx_word' id='word_1_451' title='bbox 1005 3001 1015 3032; x_wconf 86' lang='lat'>·,</span> <span class='ocrx_word' id='word_1_452' title='bbox 1034 2988 1101 3022; x_wconf 81' lang='lat' dir='ltr'>haec</span> <span class='ocrx_word' id='word_1_453' title='bbox 1123 2989 1212 3022; x_wconf 87' lang='lat' dir='ltr'>enim</span> 
     </span>
     <span class='ocr_line' id='line_1_58' title="bbox 337 3036 1213 3087; baseline -0.01 -6"><span class='ocrx_word' id='word_1_454' title='bbox 337 3047 405 3081; x_wconf 82' lang='lat' dir='ltr'>duo</span> <span class='ocrx_word' id='word_1_455' title='bbox 428 3057 496 3079; x_wconf 89' lang='lat' dir='ltr'>non</span> <span class='ocrx_word' id='word_1_456' title='bbox 522 3045 595 3078; x_wconf 89' lang='lat' dir='ltr'>sunt</span> <span class='ocrx_word' id='word_1_457' title='bbox 618 3043 814 3087; x_wconf 84' lang='lat' dir='ltr'>synonima,</span> <span class='ocrx_word' id='word_1_458' title='bbox 835 3051 940 3084; x_wconf 87' lang='lat' dir='ltr'>neque</span> <span class='ocrx_word' id='word_1_459' title='bbox 962 3036 1213 3077; x_wconf 88' lang='lat' dir='ltr'>convertibilia,</span> 
     </span>
     <span class='ocr_line' id='line_1_59' title="bbox 337 3090 1214 3140; baseline -0.01 -10"><span class='ocrx_word' id='word_1_460' title='bbox 337 3097 391 3130; x_wconf 84' lang='lat' dir='ltr'>sed</span> <span class='ocrx_word' id='word_1_461' title='bbox 406 3096 509 3140; x_wconf 88' lang='lat' dir='ltr'>magis</span> <span class='ocrx_word' id='word_1_462' title='bbox 520 3095 553 3128; x_wconf 82' lang='lat'>&amp;</span> <span class='ocrx_word' id='word_1_463' title='bbox 568 3094 675 3127; x_wconf 89' lang='lat' dir='ltr'>minus</span> <span class='ocrx_word' id='word_1_464' title='bbox 689 3091 892 3127; x_wconf 88' lang='lat' dir='ltr'>communia:</span> <span class='ocrx_word' id='word_1_465' title='bbox 917 3090 1026 3126; x_wconf 78' lang='lat' dir='ltr'>minus</span> <span class='ocrx_word' id='word_1_466' title='bbox 1037 3098 1214 3122; x_wconf 88' lang='lat' dir='ltr'>commune</span> 
     </span>
     <span class='ocr_line' id='line_1_60' title="bbox 338 3139 1214 3188; baseline -0.011 -8"><span class='ocrx_word' id='word_1_467' title='bbox 338 3146 380 3179; x_wconf 82' lang='lat' dir='ltr'>est</span> <span class='ocrx_word' id='word_1_468' title='bbox 397 3147 447 3188; x_wconf 71' lang='lat' dir='ltr'>effa</span> <span class='ocrx_word' id='word_1_469' title='bbox 458 3145 595 3188; x_wconf 74' lang='lat' dir='ltr'>effentiali</span> <span class='ocrx_word' id='word_1_470' title='bbox 610 3168 618 3182; x_wconf 89' lang='lat'>‚</span> <span class='ocrx_word' id='word_1_471' title='bbox 646 3144 764 3177; x_wconf 71' lang='lat' dir='ltr'>involvi</span> <span class='ocrx_word' id='word_1_472' title='bbox 787 3153 860 3175; x_wconf 85' lang='lat' dir='ltr'>vero</span> <span class='ocrx_word' id='word_1_473' title='bbox 882 3146 915 3177; x_wconf 73' lang='lat' dir='ltr'>in</span> <span class='ocrx_word' id='word_1_474' title='bbox 927 3139 1214 3184; x_wconf 74' lang='lat' dir='ltr'>effentiallconceptu</span> 
     </span>
     <span class='ocr_line' id='line_1_61' title="bbox 338 3188 1215 3239; baseline -0.009 -10"><span class='ocrx_word' id='word_1_475' title='bbox 338 3195 383 3229; x_wconf 84' lang='lat' dir='ltr'>est</span> <span class='ocrx_word' id='word_1_476' title='bbox 396 3196 500 3239; x_wconf 80' lang='lat' dir='ltr'>magis</span> <span class='ocrx_word' id='word_1_477' title='bbox 510 3204 642 3230; x_wconf 83' lang='lat' dir='ltr'>commu</span> <span class='ocrx_word' id='word_1_478' title='bbox 649 3205 703 3234; x_wconf 89' lang='lat' dir='ltr'>ne·,</span> <span class='ocrx_word' id='word_1_479' title='bbox 719 3193 793 3227; x_wconf 78' lang='lat' dir='ltr'>licet</span> <span class='ocrx_word' id='word_1_480' title='bbox 807 3192 927 3235; x_wconf 86' lang='lat' dir='ltr'>quippe</span> <span class='ocrx_word' id='word_1_481' title='bbox 939 3200 1038 3224; x_wconf 85' lang='lat' dir='ltr'>omne</span> <span class='ocrx_word' id='word_1_482' title='bbox 1050 3188 1215 3223; x_wconf 81' lang='lat' dir='ltr'>essentiale</span> 
     </span>
     <span class='ocr_line' id='line_1_62' title="bbox 338 3238 1215 3283; baseline -0.007 -6"><span class='ocrx_word' id='word_1_483' title='bbox 338 3244 375 3277; x_wconf 90' lang='lat' dir='ltr'>fit</span> <span class='ocrx_word' id='word_1_484' title='bbox 389 3245 570 3278; x_wconf 81' lang='lat' dir='ltr'>involutum</span> <span class='ocrx_word' id='word_1_485' title='bbox 585 3244 616 3277; x_wconf 92' lang='lat' dir='ltr'>in</span> <span class='ocrx_word' id='word_1_486' title='bbox 629 3241 786 3277; x_wconf 85' lang='lat' dir='ltr'>essentiali</span> <span class='ocrx_word' id='word_1_487' title='bbox 799 3250 959 3283; x_wconf 89' lang='lat' dir='ltr'>conceptu</span> <span class='ocrx_word' id='word_1_488' title='bbox 973 3263 984 3280; x_wconf 87' lang='lat'><strong>,</strong></span> <span class='ocrx_word' id='word_1_489' title='bbox 1000 3238 1068 3274; x_wconf 85' lang='lat' dir='ltr'>non</span> <span class='ocrx_word' id='word_1_490' title='bbox 1079 3249 1186 3273; x_wconf 85' lang='lat' dir='ltr'>tamen</span> <span class='ocrx_word' id='word_1_491' title='bbox 1197 3238 1215 3275; x_wconf 76' lang='grc' dir='ltr'>ὲ</span> 
     </span>
     <span class='ocr_line' id='line_1_63' title="bbox 338 3290 1214 3332; baseline -0.007 -5"><span class='ocrx_word' id='word_1_492' title='bbox 338 3296 500 3332; x_wconf 71' lang='lat' dir='ltr'>contrario</span> <span class='ocrx_word' id='word_1_493' title='bbox 513 3306 612 3329; x_wconf 85' lang='lat' dir='ltr'>omne</span> <span class='ocrx_word' id='word_1_494' title='bbox 625 3294 809 3326; x_wconf 79' lang='lat' dir='ltr'>involutum</span> <span class='ocrx_word' id='word_1_495' title='bbox 825 3292 858 3325; x_wconf 91' lang='lat' dir='ltr'>in</span> <span class='ocrx_word' id='word_1_496' title='bbox 870 3290 1029 3324; x_wconf 84' lang='lat' dir='ltr'>essentiali</span> <span class='ocrx_word' id='word_1_497' title='bbox 1052 3299 1214 3331; x_wconf 83' lang='lat' dir='ltr'>conceptu</span> 
     </span>
     <span class='ocr_line' id='line_1_64' title="bbox 338 3338 1215 3385; baseline -0.003 -11"><span class='ocrx_word' id='word_1_498' title='bbox 338 3342 383 3379; x_wconf 80' lang='lat' dir='ltr'>est</span> <span class='ocrx_word' id='word_1_499' title='bbox 395 3345 556 3376; x_wconf 70' lang='lat' dir='ltr'>essentiale</span> <span class='ocrx_word' id='word_1_500' title='bbox 571 3356 581 3385; x_wconf 91' lang='lat'>·‚</span> <span class='ocrx_word' id='word_1_501' title='bbox 606 3345 639 3377; x_wconf 67' lang='grc' dir='ltr'>ὁ*</span> <span class='ocrx_word' id='word_1_502' title='bbox 650 3349 727 3376; x_wconf 74' lang='lat' dir='ltr'>ratio</span> <span class='ocrx_word' id='word_1_503' title='bbox 738 3343 758 3375; x_wconf 79' lang='grc' dir='ltr'><em>ἃ</em></span> <span class='ocrx_word' id='word_1_504' title='bbox 769 3347 864 3383; x_wconf 79' lang='lat' dir='ltr'>priori</span> <span class='ocrx_word' id='word_1_505' title='bbox 875 3340 913 3381; x_wconf 75' lang='lat' dir='ltr'>est</span> <span class='ocrx_word' id='word_1_506' title='bbox 927 3354 938 3374; x_wconf 84' lang='lat'>.-</span> <span class='ocrx_word' id='word_1_507' title='bbox 965 3340 1041 3385; x_wconf 81' lang='lat' dir='ltr'>quia</span> <span class='ocrx_word' id='word_1_508' title='bbox 1055 3338 1215 3374; x_wconf 69' lang='lat' dir='ltr'>essentiale</span> 
     </span>
     <span class='ocr_line' id='line_1_65' title="bbox 340 3389 1216 3435; baseline -0.007 -8"><span class='ocrx_word' id='word_1_509' title='bbox 340 3393 428 3427; x_wconf 84' lang='lat' dir='ltr'>idem</span> <span class='ocrx_word' id='word_1_510' title='bbox 444 3393 504 3430; x_wconf 81' lang='lat' dir='ltr'>esi,</span> <span class='ocrx_word' id='word_1_511' title='bbox 540 3395 627 3434; x_wconf 89' lang='lat' dir='ltr'>quod</span> <span class='ocrx_word' id='word_1_512' title='bbox 643 3393 707 3435; x_wconf 86' lang='lat' dir='ltr'>ipsa</span> <span class='ocrx_word' id='word_1_513' title='bbox 719 3392 852 3428; x_wconf 84' lang='lat' dir='ltr'>essentia</span> <span class='ocrx_word' id='word_1_514' title='bbox 876 3414 887 3430; x_wconf 83' lang='lat'>‚</span> <span class='ocrx_word' id='word_1_515' title='bbox 908 3390 996 3434; x_wconf 79' lang='lat' dir='ltr'>quod</span> <span class='ocrx_word' id='word_1_516' title='bbox 1009 3390 1074 3433; x_wconf 85' lang='lat' dir='ltr'>ipsa</span> <span class='ocrx_word' id='word_1_517' title='bbox 1098 3389 1216 3423; x_wconf 82' lang='lat' dir='ltr'>entitas</span> 
     </span>
     <span class='ocr_line' id='line_1_66' title="bbox 341 3436 1215 3483; baseline -0.003 -8"><span class='ocrx_word' id='word_1_518' title='bbox 341 3436 410 3481; x_wconf 72' lang='lat' dir='ltr'>rei,</span> <span class='ocrx_word' id='word_1_519' title='bbox 437 3441 620 3478; x_wconf 85' lang='lat' dir='ltr'>involutum</span> <span class='ocrx_word' id='word_1_520' title='bbox 634 3452 741 3475; x_wconf 84' lang='lat' dir='ltr'>autem</span> <span class='ocrx_word' id='word_1_521' title='bbox 758 3443 790 3475; x_wconf 91' lang='lat' dir='ltr'>in</span> <span class='ocrx_word' id='word_1_522' title='bbox 803 3441 960 3474; x_wconf 74' lang='lat' dir='ltr'>essentiali</span> <span class='ocrx_word' id='word_1_523' title='bbox 988 3449 1150 3483; x_wconf 84' lang='lat' dir='ltr'>conceptu</span> <span class='ocrx_word' id='word_1_524' title='bbox 1170 3437 1215 3472; x_wconf 87' lang='lat' dir='ltr'>est</span> 
     </span>
     <span class='ocr_line' id='line_1_67' title="bbox 343 3488 1215 3541; baseline -0.005 -14"><span class='ocrx_word' id='word_1_525' title='bbox 343 3491 448 3538; x_wconf 69' lang='lat' dir='ltr'>illud,</span> <span class='ocrx_word' id='word_1_526' title='bbox 471 3490 538 3531; x_wconf 76' lang='lat' dir='ltr'>sine</span> <span class='ocrx_word' id='word_1_527' title='bbox 563 3501 628 3540; x_wconf 68' lang='lat' dir='ltr'>quo</span> <span class='ocrx_word' id='word_1_528' title='bbox 652 3502 699 3529; x_wconf 73' lang='lat' dir='ltr'>tes</span> <span class='ocrx_word' id='word_1_529' title='bbox 718 3491 848 3541; x_wconf 69' lang='lat' dir='ltr'>concipi</span> <span class='ocrx_word' id='word_1_530' title='bbox 871 3500 938 3526; x_wconf 81' lang='lat' dir='ltr'>non</span> <span class='ocrx_word' id='word_1_531' title='bbox 964 3490 1067 3540; x_wconf 80' lang='lat' dir='ltr'>potest</span> <span class='ocrx_word' id='word_1_532' title='bbox 1087 3513 1100 3535; x_wconf 74' lang='lat'><em>,</em></span> <span class='ocrx_word' id='word_1_533' title='bbox 1126 3488 1215 3539; x_wconf 66' lang='lat' dir='ltr'>atqui</span> 
     </span>
    </p>
   </div>
   <div class='ocr_carea' id='block_1_5' title="bbox 1266 158 1705 206">
    <p class='ocr_par' dir='ltr' id='par_1_7' title="bbox 1266 158 1705 206">
     <span class='ocr_line' id='line_1_68' title="bbox 1266 158 1705 206; baseline 0.002 -2"><span class='ocrx_word' id='word_1_534' title='bbox 1266 158 1333 204; x_wconf 84' lang='lat'>11.</span> <span class='ocrx_word' id='word_1_535' title='bbox 1406 160 1494 204; x_wconf 77' lang='lat' dir='ltr'>Du</span> <span class='ocrx_word' id='word_1_536' title='bbox 1509 171 1546 204; x_wconf 71' lang='lat' dir='ltr'>n.</span> <span class='ocrx_word' id='word_1_537' title='bbox 1617 158 1705 206; x_wconf 86' lang='lat' dir='ltr'>VI.</span> 
     </span>
    </p>
   </div>
   <div class='ocr_carea' id='block_1_6' title="bbox 1271 241 2163 2642">
    <p class='ocr_par' dir='ltr' id='par_1_8' title="bbox 1274 241 2151 478">
     <span class='ocr_line' id='line_1_69' title="bbox 1275 241 2150 289; baseline 0.007 -14"><span class='ocrx_word' id='word_1_538' title='bbox 1275 241 1377 276; x_wconf 84' lang='lat' dir='ltr'>multa</span> <span class='ocrx_word' id='word_1_539' title='bbox 1394 244 1487 284; x_wconf 90' lang='lat' dir='ltr'>sunt,</span> <span class='ocrx_word' id='word_1_540' title='bbox 1514 244 1579 277; x_wconf 89' lang='lat' dir='ltr'>fine</span> <span class='ocrx_word' id='word_1_541' title='bbox 1590 242 1710 287; x_wconf 88' lang='lat' dir='ltr'>quibus</span> <span class='ocrx_word' id='word_1_542' title='bbox 1721 252 1769 276; x_wconf 85' lang='lat' dir='ltr'>res</span> <span class='ocrx_word' id='word_1_543' title='bbox 1791 242 1924 286; x_wconf 84' lang='lat' dir='ltr'>concipi</span> <span class='ocrx_word' id='word_1_544' title='bbox 1943 253 2010 278; x_wconf 88' lang='lat' dir='ltr'>non</span> <span class='ocrx_word' id='word_1_545' title='bbox 2032 246 2150 289; x_wconf 78' lang='lat' dir='ltr'>potest,</span> 
     </span>
     <span class='ocr_line' id='line_1_70' title="bbox 1274 291 2150 339; baseline 0.009 -15"><span class='ocrx_word' id='word_1_546' title='bbox 1274 303 1344 335; x_wconf 82' lang='lat' dir='ltr'>quae</span> <span class='ocrx_word' id='word_1_547' title='bbox 1381 303 1491 327; x_wconf 87' lang='lat' dir='ltr'>tamen</span> <span class='ocrx_word' id='word_1_548' title='bbox 1518 305 1584 327; x_wconf 88' lang='lat' dir='ltr'>non</span> <span class='ocrx_word' id='word_1_549' title='bbox 1600 294 1675 327; x_wconf 87' lang='lat' dir='ltr'>sunt</span> <span class='ocrx_word' id='word_1_550' title='bbox 1687 291 1752 336; x_wconf 86' lang='lat' dir='ltr'>ipsa</span> <span class='ocrx_word' id='word_1_551' title='bbox 1763 292 1899 327; x_wconf 76' lang='lat' dir='ltr'>essentia</span> <span class='ocrx_word' id='word_1_552' title='bbox 1913 317 1924 332; x_wconf 90' lang='lat'>‚</span> <span class='ocrx_word' id='word_1_553' title='bbox 1948 295 2011 329; x_wconf 88' lang='lat' dir='ltr'>five</span> <span class='ocrx_word' id='word_1_554' title='bbox 2020 296 2085 339; x_wconf 86' lang='lat' dir='ltr'>ipsa</span> <span class='ocrx_word' id='word_1_555' title='bbox 2096 308 2150 332; x_wconf 85' lang='lat' dir='ltr'>en-</span> 
     </span>
     <span class='ocr_line' id='line_1_71' title="bbox 1275 341 2150 390; baseline 0.009 -16"><span class='ocrx_word' id='word_1_556' title='bbox 1275 343 1350 375; x_wconf 87' lang='lat' dir='ltr'>titas</span> <span class='ocrx_word' id='word_1_557' title='bbox 1363 343 1406 376; x_wconf 86' lang='lat' dir='ltr'>rei</span> <span class='ocrx_word' id='word_1_558' title='bbox 1420 367 1431 382; x_wconf 84' lang='lat'>,</span> <span class='ocrx_word' id='word_1_559' title='bbox 1457 354 1492 377; x_wconf 91' lang='lat' dir='ltr'>ut</span> <span class='ocrx_word' id='word_1_560' title='bbox 1506 353 1593 387; x_wconf 82' lang='lat' dir='ltr'>patet</span> <span class='ocrx_word' id='word_1_561' title='bbox 1603 355 1645 378; x_wconf 83' lang='lat' dir='ltr'>ex</span> <span class='ocrx_word' id='word_1_562' title='bbox 1655 343 1720 386; x_wconf 69' lang='lat' dir='ltr'>jam</span> <span class='ocrx_word' id='word_1_563' title='bbox 1731 341 1838 376; x_wconf 84' lang='lat' dir='ltr'>statim</span> <span class='ocrx_word' id='word_1_564' title='bbox 1852 341 1962 384; x_wconf 74' lang='lat' dir='ltr'>dietis,</span> <span class='ocrx_word' id='word_1_565' title='bbox 1972 347 2052 390; x_wconf 77' lang='lat' dir='ltr'>ergo</span> <span class='ocrx_word' id='word_1_566' title='bbox 2061 347 2150 382; x_wconf 79' lang='lat' dir='ltr'>mul·</span> 
     </span>
     <span class='ocr_line' id='line_1_72' title="bbox 1275 392 2151 438; baseline 0.003 -15"><span class='ocrx_word' id='word_1_567' title='bbox 1275 401 1307 424; x_wconf 87' lang='lat' dir='ltr'>ta</span> <span class='ocrx_word' id='word_1_568' title='bbox 1324 392 1396 426; x_wconf 80' lang='lat' dir='ltr'>sunt</span> <span class='ocrx_word' id='word_1_569' title='bbox 1409 392 1556 428; x_wconf 82' lang='lat' dir='ltr'>involuta</span> <span class='ocrx_word' id='word_1_570' title='bbox 1570 395 1604 427; x_wconf 88' lang='lat' dir='ltr'>in</span> <span class='ocrx_word' id='word_1_571' title='bbox 1623 392 1783 428; x_wconf 69' lang='lat' dir='ltr'>essentiali</span> <span class='ocrx_word' id='word_1_572' title='bbox 1807 403 1988 437; x_wconf 87' lang='lat' dir='ltr'>conceptu,</span> <span class='ocrx_word' id='word_1_573' title='bbox 2013 407 2083 438; x_wconf 81' lang='lat' dir='ltr'>quae</span> <span class='ocrx_word' id='word_1_574' title='bbox 2104 408 2151 433; x_wconf 89' lang='lat' dir='ltr'>ta.</span> 
     </span>
     <span class='ocr_line' id='line_1_73' title="bbox 1275 443 1730 478; baseline 0.002 -3"><span class='ocrx_word' id='word_1_575' title='bbox 1275 451 1351 475; x_wconf 88' lang='lat' dir='ltr'>rnen</span> <span class='ocrx_word' id='word_1_576' title='bbox 1369 453 1435 476; x_wconf 86' lang='lat' dir='ltr'>nen</span> <span class='ocrx_word' id='word_1_577' title='bbox 1450 443 1709 478; x_wconf 82' lang='lat' dir='ltr'>sunteffentialia</span> <span class='ocrx_word' id='word_1_578' title='bbox 1722 468 1730 476; x_wconf 92' lang='lat'><strong>.</strong></span> 
     </span>
    </p>

    <p class='ocr_par' dir='ltr' id='par_1_9' title="bbox 1271 490 2163 2578">
     <span class='ocr_line' id='line_1_74' title="bbox 1325 490 2149 539; baseline 0.006 -13"><span class='ocrx_word' id='word_1_579' title='bbox 1325 490 1380 526; x_wconf 87' lang='lat'>60.</span> <span class='ocrx_word' id='word_1_580' title='bbox 1409 495 1482 526; x_wconf 75' lang='lat' dir='ltr'>Dico</span> <span class='ocrx_word' id='word_1_581' title='bbox 1493 497 1580 527; x_wconf 73' lang='lat' dir='ltr'>tertio</span> <span class='ocrx_word' id='word_1_582' title='bbox 1601 506 1615 535; x_wconf 91' lang='lat'><em>;</em></span> <span class='ocrx_word' id='word_1_583' title='bbox 1641 493 1835 538; x_wconf 85' lang='lat' dir='ltr'>significatio</span> <span class='ocrx_word' id='word_1_584' title='bbox 1860 493 1961 528; x_wconf 62' lang='lat' dir='ltr'>afiiva</span> <span class='ocrx_word' id='word_1_585' title='bbox 1995 495 2149 539; x_wconf 79' lang='lat' dir='ltr'>aptitudi-</span> 
     </span>
     <span class='ocr_line' id='line_1_75' title="bbox 1277 539 2148 589; baseline 0.01 -17"><span class='ocrx_word' id='word_1_586' title='bbox 1277 539 1357 573; x_wconf 79' lang='lat' dir='ltr'>nalis</span> <span class='ocrx_word' id='word_1_587' title='bbox 1377 565 1388 581; x_wconf 88' lang='lat'>,</span> <span class='ocrx_word' id='word_1_588' title='bbox 1415 542 1479 577; x_wconf 86' lang='lat' dir='ltr'>sive</span> <span class='ocrx_word' id='word_1_589' title='bbox 1500 544 1645 586; x_wconf 84' lang='lat' dir='ltr'>potentia</span> <span class='ocrx_word' id='word_1_590' title='bbox 1663 544 1766 577; x_wconf 65' lang='lat' dir='ltr'>activa</span> <span class='ocrx_word' id='word_1_591' title='bbox 1790 544 1994 589; x_wconf 79' lang='lat' dir='ltr'>significandi</span> <span class='ocrx_word' id='word_1_592' title='bbox 2014 555 2084 580; x_wconf 86' lang='lat' dir='ltr'>non</span> <span class='ocrx_word' id='word_1_593' title='bbox 2101 546 2148 581; x_wconf 82' lang='lat' dir='ltr'>est</span> 
     </span>
     <span class='ocr_line' id='line_1_76' title="bbox 1276 592 2148 638; baseline 0.007 -15"><span class='ocrx_word' id='word_1_594' title='bbox 1276 599 1346 624; x_wconf 89' lang='lat' dir='ltr'>tota</span> <span class='ocrx_word' id='word_1_595' title='bbox 1358 592 1489 626; x_wconf 77' lang='lat' dir='ltr'>essentia</span> <span class='ocrx_word' id='word_1_596' title='bbox 1503 594 1582 638; x_wconf 88' lang='lat' dir='ltr'>signi</span> <span class='ocrx_word' id='word_1_597' title='bbox 1595 605 1604 635; x_wconf 90' lang='lat'>;</span> <span class='ocrx_word' id='word_1_598' title='bbox 1626 593 1678 627; x_wconf 85' lang='lat' dir='ltr'>sed</span> <span class='ocrx_word' id='word_1_599' title='bbox 1693 594 1818 636; x_wconf 89' lang='lat' dir='ltr'>insuper</span> <span class='ocrx_word' id='word_1_600' title='bbox 1829 594 1869 627; x_wconf 88' lang='lat' dir='ltr'>de</span> <span class='ocrx_word' id='word_1_601' title='bbox 1880 595 1948 638; x_wconf 82' lang='lat' dir='ltr'>ejus</span> <span class='ocrx_word' id='word_1_602' title='bbox 1957 595 2089 630; x_wconf 84' lang='lat' dir='ltr'>essentia</span> <span class='ocrx_word' id='word_1_603' title='bbox 2101 595 2148 631; x_wconf 84' lang='lat' dir='ltr'>est</span> 
     </span>
     <span class='ocr_line' id='line_1_77' title="bbox 1277 643 2148 690; baseline 0.01 -18"><span class='ocrx_word' id='word_1_604' title='bbox 1277 644 1429 683; x_wconf 81' lang='lat' dir='ltr'>potentiae</span> <span class='ocrx_word' id='word_1_605' title='bbox 1436 644 1610 685; x_wconf 77' lang='lat' dir='ltr'>expeditio:</span> <span class='ocrx_word' id='word_1_606' title='bbox 1629 643 1717 677; x_wconf 89' lang='lat' dir='ltr'>unde</span> <span class='ocrx_word' id='word_1_607' title='bbox 1729 643 1770 685; x_wconf 66' lang='lat' dir='ltr'>tle</span> <span class='ocrx_word' id='word_1_608' title='bbox 1781 644 1911 678; x_wconf 82' lang='lat' dir='ltr'>essentia</span> <span class='ocrx_word' id='word_1_609' title='bbox 1922 644 2005 690; x_wconf 88' lang='lat' dir='ltr'>signi</span> <span class='ocrx_word' id='word_1_610' title='bbox 2015 646 2148 681; x_wconf 80' lang='lat' dir='ltr'>arbitra-</span> 
     </span>
     <span class='ocr_line' id='line_1_78' title="bbox 1276 690 2147 738; baseline 0.009 -16"><span class='ocrx_word' id='word_1_611' title='bbox 1276 690 1312 723; x_wconf 88' lang='lat' dir='ltr'>rii</span> <span class='ocrx_word' id='word_1_612' title='bbox 1334 692 1432 724; x_wconf 85' lang='lat' dir='ltr'>etiam</span> <span class='ocrx_word' id='word_1_613' title='bbox 1454 693 1498 725; x_wconf 83' lang='lat' dir='ltr'>est</span> <span class='ocrx_word' id='word_1_614' title='bbox 1529 693 1614 726; x_wconf 83' lang='lat' dir='ltr'>illius</span> <span class='ocrx_word' id='word_1_615' title='bbox 1633 693 1672 726; x_wconf 92' lang='lat' dir='ltr'>ad</span> <span class='ocrx_word' id='word_1_616' title='bbox 1697 692 1946 735; x_wconf 85' lang='lat' dir='ltr'>significandum</span> <span class='ocrx_word' id='word_1_617' title='bbox 1959 697 2147 738; x_wconf 89' lang='lat' dir='ltr'>impositio,</span> 
     </span>
     <span class='ocr_line' id='line_1_79' title="bbox 1278 741 2150 786; baseline 0.009 -13"><span class='ocrx_word' id='word_1_618' title='bbox 1278 741 1384 784; x_wconf 74' lang='lat' dir='ltr'>itaque</span> <span class='ocrx_word' id='word_1_619' title='bbox 1398 741 1477 775; x_wconf 68' lang='lat' dir='ltr'>reste</span> <span class='ocrx_word' id='word_1_620' title='bbox 1488 742 1577 776; x_wconf 85' lang='lat' dir='ltr'>dices</span> <span class='ocrx_word' id='word_1_621' title='bbox 1588 752 1691 776; x_wconf 84' lang='lat' dir='ltr'>totam</span> <span class='ocrx_word' id='word_1_622' title='bbox 1705 743 1788 786; x_wconf 82' lang='lat' dir='ltr'>signi</span> <span class='ocrx_word' id='word_1_623' title='bbox 1800 743 1965 779; x_wconf 74' lang='lat' dir='ltr'>essentiam</span> <span class='ocrx_word' id='word_1_624' title='bbox 1987 748 2050 780; x_wconf 89' lang='lat' dir='ltr'>esse</span> <span class='ocrx_word' id='word_1_625' title='bbox 2072 746 2150 781; x_wconf 69' lang='lat' dir='ltr'>asti·</span> 
     </span>
     <span class='ocr_line' id='line_1_80' title="bbox 1277 792 2148 840; baseline 0.008 -17"><span class='ocrx_word' id='word_1_626' title='bbox 1277 800 1350 825; x_wconf 91' lang='lat' dir='ltr'>vam</span> <span class='ocrx_word' id='word_1_627' title='bbox 1363 792 1569 836; x_wconf 85' lang='lat' dir='ltr'>significandi</span> <span class='ocrx_word' id='word_1_628' title='bbox 1592 794 1774 836; x_wconf 82' lang='lat' dir='ltr'>porentiam</span> <span class='ocrx_word' id='word_1_629' title='bbox 1797 793 1948 836; x_wconf 75' lang='lat' dir='ltr'>proxime</span> <span class='ocrx_word' id='word_1_630' title='bbox 1963 795 2004 829; x_wconf 89' lang='lat' dir='ltr'>ad</span> <span class='ocrx_word' id='word_1_631' title='bbox 2027 795 2148 840; x_wconf 84' lang='lat' dir='ltr'>fignifi-</span> 
     </span>
     <span class='ocr_line' id='line_1_81' title="bbox 1275 841 2148 889; baseline 0.007 -15"><span class='ocrx_word' id='word_1_632' title='bbox 1275 842 1418 875; x_wconf 79' lang='lat' dir='ltr'>eandum</span> <span class='ocrx_word' id='word_1_633' title='bbox 1429 841 1611 886; x_wconf 81' lang='lat' dir='ltr'>expeditam</span> <span class='ocrx_word' id='word_1_634' title='bbox 1623 868 1630 875; x_wconf 89' lang='lat'><em>.</em></span> <span class='ocrx_word' id='word_1_635' title='bbox 1646 842 1702 877; x_wconf 92' lang='lat' dir='ltr'>Ob</span> <span class='ocrx_word' id='word_1_636' title='bbox 1726 854 1792 876; x_wconf 90' lang='lat' dir='ltr'>non</span> <span class='ocrx_word' id='word_1_637' title='bbox 1805 843 2040 880; x_wconf 83' lang='lat' dir='ltr'>advertentiam</span> <span class='ocrx_word' id='word_1_638' title='bbox 2052 845 2148 889; x_wconf 80' lang='lat' dir='ltr'>hujus</span> 
     </span>
     <span class='ocr_line' id='line_1_82' title="bbox 1275 890 2148 937; baseline 0.008 -14"><span class='ocrx_word' id='word_1_639' title='bbox 1275 892 1493 926; x_wconf 88' lang='lat' dir='ltr'>conclusionis</span> <span class='ocrx_word' id='word_1_640' title='bbox 1528 890 1680 926; x_wconf 90' lang='lat' dir='ltr'>nonnihil</span> <span class='ocrx_word' id='word_1_641' title='bbox 1699 893 1898 937; x_wconf 86' lang='lat' dir='ltr'>quandoque</span> <span class='ocrx_word' id='word_1_642' title='bbox 1930 893 2148 930; x_wconf 73' lang='lat' dir='ltr'>hallucinatus</span> 
     </span>
     <span class='ocr_line' id='line_1_83' title="bbox 1277 942 2148 987; baseline 0.006 -12"><span class='ocrx_word' id='word_1_643' title='bbox 1277 943 1322 975; x_wconf 84' lang='lat' dir='ltr'>fui</span> <span class='ocrx_word' id='word_1_644' title='bbox 1336 966 1343 973; x_wconf 92' lang='lat'><em>.</em></span> <span class='ocrx_word' id='word_1_645' title='bbox 1374 942 1518 975; x_wconf 83' lang='lat' dir='ltr'>Probatur</span> <span class='ocrx_word' id='word_1_646' title='bbox 1528 955 1612 986; x_wconf 84' lang='lat' dir='ltr'>ergo:</span> <span class='ocrx_word' id='word_1_647' title='bbox 1638 944 1713 986; x_wconf 89' lang='lat' dir='ltr'>quia</span> <span class='ocrx_word' id='word_1_648' title='bbox 1738 944 1760 976; x_wconf 88' lang='lat' dir='ltr'>fi</span> <span class='ocrx_word' id='word_1_649' title='bbox 1788 943 1853 977; x_wconf 88' lang='lat' dir='ltr'>sola</span> <span class='ocrx_word' id='word_1_650' title='bbox 1876 945 2023 987; x_wconf 87' lang='lat' dir='ltr'>potentia</span> <span class='ocrx_word' id='word_1_651' title='bbox 2043 946 2148 980; x_wconf 65' lang='lat' dir='ltr'>adliva</span> 
     </span>
     <span class='ocr_line' id='line_1_84' title="bbox 1277 992 2148 1040; baseline 0.006 -16"><span class='ocrx_word' id='word_1_652' title='bbox 1277 992 1480 1036; x_wconf 83' lang='lat' dir='ltr'>significandi</span> <span class='ocrx_word' id='word_1_653' title='bbox 1502 994 1585 1027; x_wconf 87' lang='lat' dir='ltr'>foret</span> <span class='ocrx_word' id='word_1_654' title='bbox 1607 1003 1675 1027; x_wconf 87' lang='lat' dir='ltr'>tota</span> <span class='ocrx_word' id='word_1_655' title='bbox 1697 993 1778 1038; x_wconf 87' lang='lat' dir='ltr'>signi</span> <span class='ocrx_word' id='word_1_656' title='bbox 1801 995 1936 1028; x_wconf 85' lang='lat' dir='ltr'>essentia</span> <span class='ocrx_word' id='word_1_657' title='bbox 1950 1019 1961 1035; x_wconf 92' lang='lat'>‚</span> <span class='ocrx_word' id='word_1_658' title='bbox 1988 995 2148 1040; x_wconf 74' lang='lat' dir='ltr'>quidquid</span> 
     </span>
     <span class='ocr_line' id='line_1_85' title="bbox 1277 1040 2149 1089; baseline 0.007 -15"><span class='ocrx_word' id='word_1_659' title='bbox 1277 1040 1410 1076; x_wconf 81' lang='lat' dir='ltr'>haberet</span> <span class='ocrx_word' id='word_1_660' title='bbox 1420 1040 1505 1077; x_wconf 86' lang='lat' dir='ltr'>hanc</span> <span class='ocrx_word' id='word_1_661' title='bbox 1515 1045 1696 1086; x_wconf 87' lang='lat' dir='ltr'>potentiam</span> <span class='ocrx_word' id='word_1_662' title='bbox 1708 1068 1718 1084; x_wconf 88' lang='lat'>‚</span> <span class='ocrx_word' id='word_1_663' title='bbox 1745 1043 1811 1077; x_wconf 85' lang='lat' dir='ltr'>hoc</span> <span class='ocrx_word' id='word_1_664' title='bbox 1825 1045 1907 1078; x_wconf 88' lang='lat' dir='ltr'>foret</span> <span class='ocrx_word' id='word_1_665' title='bbox 1919 1045 2046 1089; x_wconf 83' lang='lat' dir='ltr'>signum</span> <span class='ocrx_word' id='word_1_666' title='bbox 2060 1056 2070 1088; x_wconf 71' lang='grc' dir='ltr'><strong>ς</strong></span> <span class='ocrx_word' id='word_1_667' title='bbox 2095 1045 2149 1080; x_wconf 82' lang='lat' dir='ltr'>ha·</span> 
     </span>
     <span class='ocr_line' id='line_1_86' title="bbox 1277 1090 2151 1138; baseline 0.006 -14"><span class='ocrx_word' id='word_1_668' title='bbox 1277 1090 1365 1125; x_wconf 89' lang='lat' dir='ltr'>beret</span> <span class='ocrx_word' id='word_1_669' title='bbox 1376 1093 1495 1136; x_wconf 88' lang='lat' dir='ltr'>quippe</span> <span class='ocrx_word' id='word_1_670' title='bbox 1506 1104 1611 1127; x_wconf 87' lang='lat' dir='ltr'>totam</span> <span class='ocrx_word' id='word_1_671' title='bbox 1622 1093 1704 1136; x_wconf 83' lang='lat' dir='ltr'>signi</span> <span class='ocrx_word' id='word_1_672' title='bbox 1716 1094 1904 1136; x_wconf 62' lang='lat' dir='ltr'>essentiam</span> <span class='ocrx_word' id='word_1_673' title='bbox 1918 1095 2007 1138; x_wconf 87' lang='lat' dir='ltr'>atqui</span> <span class='ocrx_word' id='word_1_674' title='bbox 2020 1095 2084 1130; x_wconf 88' lang='lat' dir='ltr'>hoc</span> <span class='ocrx_word' id='word_1_675' title='bbox 2092 1095 2151 1131; x_wconf 78' lang='lat' dir='ltr'>fal-</span> 
     </span>
     <span class='ocr_line' id='line_1_87' title="bbox 1278 1142 2149 1186; baseline 0.006 -12"><span class='ocrx_word' id='word_1_676' title='bbox 1278 1142 1347 1174; x_wconf 86' lang='lat' dir='ltr'>sum</span> <span class='ocrx_word' id='word_1_677' title='bbox 1359 1142 1403 1175; x_wconf 83' lang='lat' dir='ltr'>est</span> <span class='ocrx_word' id='word_1_678' title='bbox 1418 1154 1427 1184; x_wconf 89' lang='lat'>;</span> <span class='ocrx_word' id='word_1_679' title='bbox 1445 1143 1546 1184; x_wconf 84' lang='lat' dir='ltr'>potest</span> <span class='ocrx_word' id='word_1_680' title='bbox 1557 1143 1679 1176; x_wconf 87' lang='lat' dir='ltr'>etenim</span> <span class='ocrx_word' id='word_1_681' title='bbox 1689 1143 1816 1185; x_wconf 88' lang='lat' dir='ltr'>aliquid</span> <span class='ocrx_word' id='word_1_682' title='bbox 1835 1142 1952 1177; x_wconf 85' lang='lat' dir='ltr'>habere</span> <span class='ocrx_word' id='word_1_683' title='bbox 1966 1146 2149 1186; x_wconf 84' lang='lat' dir='ltr'>potentiam</span> 
     </span>
     <span class='ocr_line' id='line_1_88' title="bbox 1277 1191 2149 1240; baseline 0.007 -17"><span class='ocrx_word' id='word_1_684' title='bbox 1277 1191 1480 1234; x_wconf 76' lang='lat' dir='ltr'>significandi</span> <span class='ocrx_word' id='word_1_685' title='bbox 1492 1215 1503 1231; x_wconf 95' lang='lat'>,</span> <span class='ocrx_word' id='word_1_686' title='bbox 1529 1193 1563 1226; x_wconf 89' lang='lat'>&amp;</span> <span class='ocrx_word' id='word_1_687' title='bbox 1586 1202 1695 1226; x_wconf 89' lang='lat' dir='ltr'>tamen</span> <span class='ocrx_word' id='word_1_688' title='bbox 1718 1203 1788 1226; x_wconf 85' lang='lat' dir='ltr'>non</span> <span class='ocrx_word' id='word_1_689' title='bbox 1807 1194 1873 1227; x_wconf 79' lang='lat' dir='ltr'>esse</span> <span class='ocrx_word' id='word_1_690' title='bbox 1894 1193 2041 1237; x_wconf 84' lang='lat' dir='ltr'>signum,</span> <span class='ocrx_word' id='word_1_691' title='bbox 2068 1195 2149 1240; x_wconf 66' lang='lat' dir='ltr'>ergo</span> 
     </span>
     <span class='ocr_line' id='line_1_89' title="bbox 1277 1240 2149 1288; baseline 0.007 -14"><span class='ocrx_word' id='word_1_692' title='bbox 1277 1241 1446 1275; x_wconf 74' lang='lat' dir='ltr'>manifeste</span> <span class='ocrx_word' id='word_1_693' title='bbox 1456 1242 1522 1275; x_wconf 85' lang='lat' dir='ltr'>sola</span> <span class='ocrx_word' id='word_1_694' title='bbox 1533 1240 1600 1276; x_wconf 80' lang='lat' dir='ltr'>haec</span> <span class='ocrx_word' id='word_1_695' title='bbox 1612 1242 1816 1288; x_wconf 84' lang='lat' dir='ltr'>significandi</span> <span class='ocrx_word' id='word_1_696' title='bbox 1839 1244 1986 1285; x_wconf 84' lang='lat' dir='ltr'>potentia</span> <span class='ocrx_word' id='word_1_697' title='bbox 2009 1254 2077 1278; x_wconf 89' lang='lat' dir='ltr'>non</span> <span class='ocrx_word' id='word_1_698' title='bbox 2100 1244 2149 1284; x_wconf 74' lang='lat' dir='ltr'>es}</span> 
     </span>
     <span class='ocr_line' id='line_1_90' title="bbox 1276 1290 2148 1336; baseline 0.005 -12"><span class='ocrx_word' id='word_1_699' title='bbox 1276 1300 1345 1325; x_wconf 89' lang='lat' dir='ltr'>tota</span> <span class='ocrx_word' id='word_1_700' title='bbox 1358 1290 1439 1335; x_wconf 83' lang='lat' dir='ltr'>signi</span> <span class='ocrx_word' id='word_1_701' title='bbox 1450 1292 1587 1326; x_wconf 79' lang='lat' dir='ltr'>essentia</span> <span class='ocrx_word' id='word_1_702' title='bbox 1598 1317 1606 1325; x_wconf 93' lang='lat'>.</span> <span class='ocrx_word' id='word_1_703' title='bbox 1634 1292 1783 1326; x_wconf 77' lang='lat' dir='ltr'>Probatur</span> <span class='ocrx_word' id='word_1_704' title='bbox 1794 1298 1866 1325; x_wconf 78' lang='lat' dir='ltr'>min.</span> <span class='ocrx_word' id='word_1_705' title='bbox 1888 1293 1965 1336; x_wconf 88' lang='lat' dir='ltr'>quia</span> <span class='ocrx_word' id='word_1_706' title='bbox 1981 1304 2076 1328; x_wconf 89' lang='lat' dir='ltr'>voces</span> <span class='ocrx_word' id='word_1_707' title='bbox 2095 1305 2148 1328; x_wconf 79' lang='lat' dir='ltr'>ca·</span> 
     </span>
     <span class='ocr_line' id='line_1_91' title="bbox 1276 1341 2148 1384; baseline 0.006 -10"><span class='ocrx_word' id='word_1_708' title='bbox 1276 1342 1600 1384; x_wconf 82' lang='lat' dir='ltr'>rentesimpofitione</span> <span class='ocrx_word' id='word_1_709' title='bbox 1620 1341 1741 1376; x_wconf 90' lang='lat' dir='ltr'>habent</span> <span class='ocrx_word' id='word_1_710' title='bbox 1758 1342 1937 1384; x_wconf 85' lang='lat' dir='ltr'>potentiam</span> <span class='ocrx_word' id='word_1_711' title='bbox 1957 1343 2092 1378; x_wconf 66' lang='lat' dir='ltr'>astivam</span> <span class='ocrx_word' id='word_1_712' title='bbox 2111 1344 2148 1379; x_wconf 79' lang='lat' dir='ltr'>fi·</span> 
     </span>
     <span class='ocr_line' id='line_1_92' title="bbox 1276 1391 2148 1437; baseline 0.005 -13"><span class='ocrx_word' id='word_1_713' title='bbox 1276 1391 1453 1435; x_wconf 78' lang='lat' dir='ltr'>gnificandi</span> <span class='ocrx_word' id='word_1_714' title='bbox 1466 1416 1478 1432; x_wconf 95' lang='lat'>,</span> <span class='ocrx_word' id='word_1_715' title='bbox 1504 1392 1567 1426; x_wconf 87' lang='lat' dir='ltr'>five</span> <span class='ocrx_word' id='word_1_716' title='bbox 1579 1393 1850 1437; x_wconf 83' lang='lat' dir='ltr'>significationem</span> <span class='ocrx_word' id='word_1_717' title='bbox 1859 1393 1998 1425; x_wconf 69' lang='lat' dir='ltr'>astivam</span> <span class='ocrx_word' id='word_1_718' title='bbox 2026 1395 2148 1437; x_wconf 75' lang='lat' dir='ltr'>aptitu-</span> 
     </span>
     <span class='ocr_line' id='line_1_93' title="bbox 1275 1441 2148 1487; baseline 0.002 -13"><span class='ocrx_word' id='word_1_719' title='bbox 1275 1441 1419 1475; x_wconf 85' lang='lat' dir='ltr'>dinalem</span> <span class='ocrx_word' id='word_1_720' title='bbox 1433 1466 1444 1481; x_wconf 90' lang='lat'>‚</span> <span class='ocrx_word' id='word_1_721' title='bbox 1470 1441 1597 1478; x_wconf 78' lang='lat' dir='ltr'>utidixi</span> <span class='ocrx_word' id='word_1_722' title='bbox 1611 1444 1724 1486; x_wconf 83' lang='lat' dir='ltr'>supra,</span> <span class='ocrx_word' id='word_1_723' title='bbox 1752 1441 1821 1475; x_wconf 82' lang='lat' dir='ltr'><em>dub.</em></span> <span class='ocrx_word' id='word_1_724' title='bbox 1835 1451 1868 1487; x_wconf 88' lang='lat'>3.</span> <span class='ocrx_word' id='word_1_725' title='bbox 1883 1442 1916 1476; x_wconf 76' lang='grc' dir='ltr'>δε</span> <span class='ocrx_word' id='word_1_726' title='bbox 1937 1453 2045 1477; x_wconf 85' lang='lat' dir='ltr'>tamen</span> <span class='ocrx_word' id='word_1_727' title='bbox 2066 1442 2148 1480; x_wconf 66' lang='lat' dir='ltr'>tale:</span> 
     </span>
     <span class='ocr_line' id='line_1_94' title="bbox 1276 1492 2149 1537; baseline 0.005 -13"><span class='ocrx_word' id='word_1_728' title='bbox 1276 1502 1372 1525; x_wconf 87' lang='lat' dir='ltr'>voces</span> <span class='ocrx_word' id='word_1_729' title='bbox 1385 1502 1452 1524; x_wconf 91' lang='lat' dir='ltr'>non</span> <span class='ocrx_word' id='word_1_730' title='bbox 1474 1492 1548 1525; x_wconf 91' lang='lat' dir='ltr'>sunt</span> <span class='ocrx_word' id='word_1_731' title='bbox 1571 1493 1661 1537; x_wconf 83' lang='lat' dir='ltr'>signa</span> <span class='ocrx_word' id='word_1_732' title='bbox 1684 1492 1840 1535; x_wconf 85' lang='lat' dir='ltr'>quamdiu</span> <span class='ocrx_word' id='word_1_733' title='bbox 1862 1492 2074 1535; x_wconf 80' lang='lat' dir='ltr'>impositione</span> <span class='ocrx_word' id='word_1_734' title='bbox 2095 1503 2149 1528; x_wconf 81' lang='lat' dir='ltr'>ca-</span> 
     </span>
     <span class='ocr_line' id='line_1_95' title="bbox 1277 1540 2148 1588; baseline 0.006 -15"><span class='ocrx_word' id='word_1_735' title='bbox 1277 1553 1346 1575; x_wconf 87' lang='lat' dir='ltr'>rent</span> <span class='ocrx_word' id='word_1_736' title='bbox 1360 1565 1370 1581; x_wconf 87' lang='lat'>,</span> <span class='ocrx_word' id='word_1_737' title='bbox 1396 1540 1476 1586; x_wconf 75' lang='lat' dir='ltr'>ergo</span> <span class='ocrx_word' id='word_1_738' title='bbox 1487 1542 1589 1585; x_wconf 86' lang='lat' dir='ltr'>potest</span> <span class='ocrx_word' id='word_1_739' title='bbox 1600 1541 1678 1584; x_wconf 89' lang='lat' dir='ltr'>quid</span> <span class='ocrx_word' id='word_1_740' title='bbox 1692 1540 1810 1576; x_wconf 83' lang='lat' dir='ltr'>habere</span> <span class='ocrx_word' id='word_1_741' title='bbox 1825 1543 2005 1585; x_wconf 83' lang='lat' dir='ltr'>potentiam</span> <span class='ocrx_word' id='word_1_742' title='bbox 2027 1542 2148 1588; x_wconf 79' lang='lat' dir='ltr'>fignifi-</span> 
     </span>
     <span class='ocr_line' id='line_1_96' title="bbox 1275 1591 2145 1637; baseline 0.005 -14"><span class='ocrx_word' id='word_1_743' title='bbox 1275 1591 1395 1630; x_wconf 79' lang='lat' dir='ltr'>candi,</span> <span class='ocrx_word' id='word_1_744' title='bbox 1411 1592 1446 1625; x_wconf 77' lang='grc' dir='ltr'>δε</span> <span class='ocrx_word' id='word_1_745' title='bbox 1458 1602 1565 1625; x_wconf 79' lang='lat' dir='ltr'>tamen</span> <span class='ocrx_word' id='word_1_746' title='bbox 1579 1602 1647 1626; x_wconf 85' lang='lat' dir='ltr'>non</span> <span class='ocrx_word' id='word_1_747' title='bbox 1659 1593 1724 1627; x_wconf 74' lang='lat' dir='ltr'>esse</span> <span class='ocrx_word' id='word_1_748' title='bbox 1733 1593 1862 1637; x_wconf 85' lang='lat' dir='ltr'>signum</span> <span class='ocrx_word' id='word_1_749' title='bbox 1874 1617 1883 1625; x_wconf 91' lang='lat'>.</span> <span class='ocrx_word' id='word_1_750' title='bbox 1911 1592 2060 1626; x_wconf 77' lang='lat' dir='ltr'>Probatur</span> <span class='ocrx_word' id='word_1_751' title='bbox 2070 1598 2145 1627; x_wconf 70' lang='lat' dir='ltr'>men.-</span> 
     </span>
     <span class='ocr_line' id='line_1_97' title="bbox 1276 1640 2148 1688; baseline 0.003 -13"><span class='ocrx_word' id='word_1_752' title='bbox 1276 1643 1352 1685; x_wconf 86' lang='lat' dir='ltr'>quia</span> <span class='ocrx_word' id='word_1_753' title='bbox 1364 1643 1490 1686; x_wconf 82' lang='lat' dir='ltr'>signum</span> <span class='ocrx_word' id='word_1_754' title='bbox 1514 1640 1655 1676; x_wconf 81' lang='lat' dir='ltr'>idemest</span> <span class='ocrx_word' id='word_1_755' title='bbox 1668 1642 1758 1688; x_wconf 87' lang='lat' dir='ltr'>quod</span> <span class='ocrx_word' id='word_1_756' title='bbox 1780 1641 2053 1687; x_wconf 86' lang='lat' dir='ltr'>significativum,</span> <span class='ocrx_word' id='word_1_757' title='bbox 2081 1643 2148 1678; x_wconf 79' lang='lat' dir='ltr'>five</span> 
     </span>
     <span class='ocr_line' id='line_1_98' title="bbox 1278 1691 2149 1738; baseline 0.003 -14"><span class='ocrx_word' id='word_1_758' title='bbox 1278 1702 1391 1733; x_wconf 81' lang='lat' dir='ltr'>potens</span> <span class='ocrx_word' id='word_1_759' title='bbox 1405 1692 1588 1736; x_wconf 85' lang='lat' dir='ltr'>significari,</span> <span class='ocrx_word' id='word_1_760' title='bbox 1598 1694 1689 1735; x_wconf 89' lang='lat' dir='ltr'>atqui</span> <span class='ocrx_word' id='word_1_761' title='bbox 1703 1691 1769 1726; x_wconf 76' lang='lat' dir='ltr'>istae</span> <span class='ocrx_word' id='word_1_762' title='bbox 1781 1703 1875 1726; x_wconf 89' lang='lat' dir='ltr'>voces</span> <span class='ocrx_word' id='word_1_763' title='bbox 1888 1702 1955 1725; x_wconf 90' lang='lat' dir='ltr'>non</span> <span class='ocrx_word' id='word_1_764' title='bbox 1965 1693 2040 1727; x_wconf 85' lang='lat' dir='ltr'>sunt</span> <span class='ocrx_word' id='word_1_765' title='bbox 2051 1692 2149 1738; x_wconf 76' lang='lat' dir='ltr'>figni-</span> 
     </span>
     <span class='ocr_line' id='line_1_99' title="bbox 1276 1741 2150 1787; baseline 0.003 -12"><span class='ocrx_word' id='word_1_766' title='bbox 1276 1742 1410 1775; x_wconf 81' lang='lat' dir='ltr'>ficativae</span> <span class='ocrx_word' id='word_1_767' title='bbox 1420 1766 1430 1782; x_wconf 89' lang='lat'>‚</span> <span class='ocrx_word' id='word_1_768' title='bbox 1458 1751 1493 1776; x_wconf 91' lang='lat' dir='ltr'>ut</span> <span class='ocrx_word' id='word_1_769' title='bbox 1504 1741 1623 1775; x_wconf 87' lang='lat' dir='ltr'>ibidem</span> <span class='ocrx_word' id='word_1_770' title='bbox 1635 1741 1759 1777; x_wconf 69' lang='lat' dir='ltr'>dictum</span> <span class='ocrx_word' id='word_1_771' title='bbox 1766 1741 1810 1775; x_wconf 87' lang='lat' dir='ltr'>est</span> <span class='ocrx_word' id='word_1_772' title='bbox 1822 1766 1833 1782; x_wconf 86' lang='lat'><em>,</em></span> <span class='ocrx_word' id='word_1_773' title='bbox 1861 1753 1943 1787; x_wconf 84' lang='lat' dir='ltr'>ergo</span> <span class='ocrx_word' id='word_1_774' title='bbox 1955 1754 2059 1786; x_wconf 89' lang='lat' dir='ltr'>neque</span> <span class='ocrx_word' id='word_1_775' title='bbox 2071 1743 2150 1778; x_wconf 84' lang='lat' dir='ltr'>sunt</span> 
     </span>
     <span class='ocr_line' id='line_1_100' title="bbox 1275 1791 2150 1836; baseline 0.006 -13"><span class='ocrx_word' id='word_1_776' title='bbox 1275 1791 1362 1836; x_wconf 85' lang='lat' dir='ltr'>signa</span> <span class='ocrx_word' id='word_1_777' title='bbox 1375 1804 1385 1834; x_wconf 77' lang='lat'>3</span> <span class='ocrx_word' id='word_1_778' title='bbox 1413 1792 1448 1824; x_wconf 73' lang='lat' dir='ltr'>(et</span> <span class='ocrx_word' id='word_1_779' title='bbox 1459 1797 1537 1824; x_wconf 69' lang='lat' dir='ltr'>ratio</span> <span class='ocrx_word' id='word_1_780' title='bbox 1548 1794 1568 1824; x_wconf 72' lang='grc' dir='ltr'><em>ἃ</em></span> <span class='ocrx_word' id='word_1_781' title='bbox 1576 1799 1672 1833; x_wconf 72' lang='lat' dir='ltr'>priori</span> <span class='ocrx_word' id='word_1_782' title='bbox 1683 1792 1739 1832; x_wconf 77' lang='lat' dir='ltr'>est.-</span> <span class='ocrx_word' id='word_1_783' title='bbox 1769 1793 1844 1835; x_wconf 87' lang='lat' dir='ltr'>quia</span> <span class='ocrx_word' id='word_1_784' title='bbox 1854 1792 1989 1825; x_wconf 84' lang='lat' dir='ltr'>essentia</span> <span class='ocrx_word' id='word_1_785' title='bbox 2000 1792 2150 1831; x_wconf 70' lang='lat' dir='ltr'>concreti</span> 
     </span>
     <span class='ocr_line' id='line_1_101' title="bbox 1274 1840 2148 1887; baseline 0.002 -13"><span class='ocrx_word' id='word_1_786' title='bbox 1274 1841 1320 1875; x_wconf 89' lang='lat' dir='ltr'>est</span> <span class='ocrx_word' id='word_1_787' title='bbox 1330 1842 1524 1876; x_wconf 66' lang='lat' dir='ltr'>abstradlum</span> <span class='ocrx_word' id='word_1_788' title='bbox 1536 1866 1548 1882; x_wconf 83' lang='lat'><em>,</em></span> <span class='ocrx_word' id='word_1_789' title='bbox 1571 1842 1634 1876; x_wconf 87' lang='lat' dir='ltr'>sive</span> <span class='ocrx_word' id='word_1_790' title='bbox 1644 1843 1860 1887; x_wconf 84' lang='lat' dir='ltr'>significatum</span> <span class='ocrx_word' id='word_1_791' title='bbox 1872 1841 2009 1875; x_wconf 88' lang='lat' dir='ltr'>formale</span> <span class='ocrx_word' id='word_1_792' title='bbox 2025 1865 2037 1882; x_wconf 88' lang='lat'>‚</span> <span class='ocrx_word' id='word_1_793' title='bbox 2056 1840 2148 1886; x_wconf 78' lang='lat' dir='ltr'>atqui</span> 
     </span>
     <span class='ocr_line' id='line_1_102' title="bbox 1276 1889 2149 1938; baseline 0.001 -14"><span class='ocrx_word' id='word_1_794' title='bbox 1276 1889 1343 1924; x_wconf 80' lang='lat' dir='ltr'>haec</span> <span class='ocrx_word' id='word_1_795' title='bbox 1352 1902 1506 1926; x_wconf 88' lang='lat' dir='ltr'>concreta</span> <span class='ocrx_word' id='word_1_796' title='bbox 1521 1916 1532 1931; x_wconf 92' lang='lat'><strong>,</strong></span> <span class='ocrx_word' id='word_1_797' title='bbox 1554 1891 1670 1938; x_wconf 62' lang='lat' dir='ltr'>figarum</span> <span class='ocrx_word' id='word_1_798' title='bbox 1677 1892 1908 1936; x_wconf 77' lang='lat' dir='ltr'>fignificativum</span> <span class='ocrx_word' id='word_1_799' title='bbox 1923 1915 1935 1931; x_wconf 91' lang='lat'><strong>,</strong></span> <span class='ocrx_word' id='word_1_800' title='bbox 1946 1891 2149 1936; x_wconf 60' lang='lat' dir='ltr'>poten-‘figni-</span> 
     </span>
     <span class='ocr_line' id='line_1_103' title="bbox 1271 1940 2148 1984; baseline 0.005 -13"><span class='ocrx_word' id='word_1_801' title='bbox 1271 1941 1360 1982; x_wconf 77' lang='lat' dir='ltr'>fieare</span> <span class='ocrx_word' id='word_1_802' title='bbox 1379 1964 1391 1980; x_wconf 85' lang='lat'><strong>,</strong></span> <span class='ocrx_word' id='word_1_803' title='bbox 1415 1941 1635 1974; x_wconf 70' lang='lat' dir='ltr'>ambulantium</span> <span class='ocrx_word' id='word_1_804' title='bbox 1649 1965 1660 1981; x_wconf 88' lang='lat'><strong>,</strong></span> <span class='ocrx_word' id='word_1_805' title='bbox 1685 1942 1899 1984; x_wconf 74' lang='lat' dir='ltr'>calefablivum</span> <span class='ocrx_word' id='word_1_806' title='bbox 1912 1965 1923 1982; x_wconf 88' lang='lat'>‚</span> <span class='ocrx_word' id='word_1_807' title='bbox 1936 1940 2064 1981; x_wconf 63' lang='lat' dir='ltr'>*rafinum</span> <span class='ocrx_word' id='word_1_808' title='bbox 2075 1965 2087 1981; x_wconf 87' lang='lat'><strong>,</strong></span> <span class='ocrx_word' id='word_1_809' title='bbox 2109 1940 2148 1975; x_wconf 73' lang='grc' dir='ltr'>δε</span> 
     </span>
     <span class='ocr_line' id='line_1_104' title="bbox 1275 1988 2149 2034; baseline 0.001 -11"><span class='ocrx_word' id='word_1_810' title='bbox 1275 1990 1338 2023; x_wconf 88' lang='lat' dir='ltr'>alia</span> <span class='ocrx_word' id='word_1_811' title='bbox 1349 1989 1482 2030; x_wconf 86' lang='lat' dir='ltr'>similia,</span> <span class='ocrx_word' id='word_1_812' title='bbox 1510 1988 1550 2023; x_wconf 82' lang='lat' dir='ltr'>de</span> <span class='ocrx_word' id='word_1_813' title='bbox 1560 1990 1690 2029; x_wconf 73' lang='lat' dir='ltr'>formali</span> <span class='ocrx_word' id='word_1_814' title='bbox 1703 2002 1771 2024; x_wconf 91' lang='lat' dir='ltr'>non</span> <span class='ocrx_word' id='word_1_815' title='bbox 1785 1991 1963 2033; x_wconf 83' lang='lat' dir='ltr'>important</span> <span class='ocrx_word' id='word_1_816' title='bbox 1974 1990 2076 2027; x_wconf 82' lang='lat' dir='ltr'>solam</span> <span class='ocrx_word' id='word_1_817' title='bbox 2091 2000 2149 2034; x_wconf 84' lang='lat' dir='ltr'>po·</span> 
     </span>
     <span class='ocr_line' id='line_1_105' title="bbox 1277 2039 2149 2082; baseline 0.003 -10"><span class='ocrx_word' id='word_1_818' title='bbox 1277 2039 1436 2081; x_wconf 87' lang='lat' dir='ltr'>tentiam;</span> <span class='ocrx_word' id='word_1_819' title='bbox 1466 2039 1519 2074; x_wconf 88' lang='lat' dir='ltr'>sed</span> <span class='ocrx_word' id='word_1_820' title='bbox 1534 2040 1714 2082; x_wconf 85' lang='lat' dir='ltr'>potentiam</span> <span class='ocrx_word' id='word_1_821' title='bbox 1735 2041 1824 2074; x_wconf 88' lang='lat' dir='ltr'>suam</span> <span class='ocrx_word' id='word_1_822' title='bbox 1838 2040 1930 2073; x_wconf 85' lang='lat' dir='ltr'>fimul</span> <span class='ocrx_word' id='word_1_823' title='bbox 1941 2050 2018 2074; x_wconf 86' lang='lat' dir='ltr'>eum</span> <span class='ocrx_word' id='word_1_824' title='bbox 2031 2041 2085 2074; x_wconf 75' lang='lat' dir='ltr'>sua</span> <span class='ocrx_word' id='word_1_825' title='bbox 2094 2050 2149 2075; x_wconf 81' lang='lat' dir='ltr'>ex·</span> 
     </span>
     <span class='ocr_line' id='line_1_106' title="bbox 1277 2087 2148 2132; baseline 0.003 -11"><span class='ocrx_word' id='word_1_826' title='bbox 1277 2087 1462 2131; x_wconf 83' lang='lat' dir='ltr'>peditione:</span> <span class='ocrx_word' id='word_1_827' title='bbox 1491 2088 1553 2121; x_wconf 83' lang='lat' dir='ltr'>five</span> <span class='ocrx_word' id='word_1_828' title='bbox 1565 2088 1744 2132; x_wconf 86' lang='lat' dir='ltr'>important</span> <span class='ocrx_word' id='word_1_829' title='bbox 1756 2089 1937 2131; x_wconf 84' lang='lat' dir='ltr'>potentiam</span> <span class='ocrx_word' id='word_1_830' title='bbox 1949 2090 2148 2132; x_wconf 63' lang='lat' dir='ltr'>expeditam</span> 
     </span>
     <span class='ocr_line' id='line_1_107' title="bbox 1274 2136 2148 2181; baseline 0.003 -11"><span class='ocrx_word' id='word_1_831' title='bbox 1274 2137 1354 2181; x_wconf 78' lang='lat' dir='ltr'>ergo</span> <span class='ocrx_word' id='word_1_832' title='bbox 1365 2137 1463 2171; x_wconf 89' lang='lat' dir='ltr'>etiam</span> <span class='ocrx_word' id='word_1_833' title='bbox 1475 2136 1626 2173; x_wconf 83' lang='lat' dir='ltr'>similium</span> <span class='ocrx_word' id='word_1_834' title='bbox 1641 2148 1870 2174; x_wconf 85' lang='lat' dir='ltr'>concretorum</span> <span class='ocrx_word' id='word_1_835' title='bbox 1881 2139 2017 2171; x_wconf 86' lang='lat' dir='ltr'>essentia</span> <span class='ocrx_word' id='word_1_836' title='bbox 2032 2139 2088 2172; x_wconf 85' lang='lat' dir='ltr'>fita</span> <span class='ocrx_word' id='word_1_837' title='bbox 2099 2140 2148 2173; x_wconf 83' lang='lat' dir='ltr'>est</span> 
     </span>
     <span class='ocr_line' id='line_1_108' title="bbox 1276 2186 2146 2231; baseline 0.003 -11"><span class='ocrx_word' id='word_1_838' title='bbox 1276 2198 1343 2220; x_wconf 89' lang='lat' dir='ltr'>non</span> <span class='ocrx_word' id='word_1_839' title='bbox 1357 2187 1391 2220; x_wconf 91' lang='lat' dir='ltr'>in</span> <span class='ocrx_word' id='word_1_840' title='bbox 1403 2186 1469 2220; x_wconf 89' lang='lat' dir='ltr'>sola</span> <span class='ocrx_word' id='word_1_841' title='bbox 1482 2187 1628 2230; x_wconf 90' lang='lat' dir='ltr'>potentia</span> <span class='ocrx_word' id='word_1_842' title='bbox 1641 2213 1652 2228; x_wconf 89' lang='lat'>,</span> <span class='ocrx_word' id='word_1_843' title='bbox 1679 2187 1732 2221; x_wconf 87' lang='lat' dir='ltr'>sed</span> <span class='ocrx_word' id='word_1_844' title='bbox 1747 2189 1782 2221; x_wconf 89' lang='lat' dir='ltr'>in</span> <span class='ocrx_word' id='word_1_845' title='bbox 1803 2188 1950 2231; x_wconf 85' lang='lat' dir='ltr'>potentia</span> <span class='ocrx_word' id='word_1_846' title='bbox 1975 2187 2127 2230; x_wconf 78' lang='lat' dir='ltr'>expedita</span> <span class='ocrx_word' id='word_1_847' title='bbox 2137 2213 2146 2223; x_wconf 88' lang='lat'><em>.</em></span> 
     </span>
     <span class='ocr_line' id='line_1_109' title="bbox 1278 2236 2148 2280; baseline 0.002 -9"><span class='ocrx_word' id='word_1_848' title='bbox 1278 2236 1423 2271; x_wconf 80' lang='lat' dir='ltr'>Probatur</span> <span class='ocrx_word' id='word_1_849' title='bbox 1435 2242 1529 2270; x_wconf 75' lang='lat' dir='ltr'>minor</span> <span class='ocrx_word' id='word_1_850' title='bbox 1543 2249 1550 2269; x_wconf 91' lang='lat'><strong>:</strong></span> <span class='ocrx_word' id='word_1_851' title='bbox 1576 2238 1653 2280; x_wconf 88' lang='lat' dir='ltr'>quia</span> <span class='ocrx_word' id='word_1_852' title='bbox 1668 2238 1782 2272; x_wconf 85' lang='lat' dir='ltr'>similia</span> <span class='ocrx_word' id='word_1_853' title='bbox 1795 2248 1951 2272; x_wconf 84' lang='lat' dir='ltr'>concreta</span> <span class='ocrx_word' id='word_1_854' title='bbox 1962 2237 2002 2270; x_wconf 92' lang='lat' dir='ltr'>de</span> <span class='ocrx_word' id='word_1_855' title='bbox 2011 2238 2148 2273; x_wconf 77' lang='lat' dir='ltr'>formali</span> 
     </span>
     <span class='ocr_line' id='line_1_110' title="bbox 1275 2286 2151 2331; baseline 0 -10"><span class='ocrx_word' id='word_1_856' title='bbox 1275 2286 1456 2329; x_wconf 83' lang='lat' dir='ltr'>important</span> <span class='ocrx_word' id='word_1_857' title='bbox 1469 2287 1558 2321; x_wconf 83' lang='lat' dir='ltr'>illam</span> <span class='ocrx_word' id='word_1_858' title='bbox 1573 2287 1753 2330; x_wconf 85' lang='lat' dir='ltr'>potentiam</span> <span class='ocrx_word' id='word_1_859' title='bbox 1767 2310 1777 2326; x_wconf 90' lang='lat'>,</span> <span class='ocrx_word' id='word_1_860' title='bbox 1805 2287 1825 2320; x_wconf 72' lang='grc' dir='ltr'>ὲ</span> <span class='ocrx_word' id='word_1_861' title='bbox 1837 2297 1900 2331; x_wconf 84' lang='lat' dir='ltr'>qua</span> <span class='ocrx_word' id='word_1_862' title='bbox 1920 2286 2047 2329; x_wconf 86' lang='lat' dir='ltr'>aliquid</span> <span class='ocrx_word' id='word_1_863' title='bbox 2068 2287 2151 2321; x_wconf 87' lang='lat' dir='ltr'>dici·</span> 
     </span>
     <span class='ocr_line' id='line_1_111' title="bbox 1274 2335 2150 2381; baseline -0.005 -10"><span class='ocrx_word' id='word_1_864' title='bbox 1274 2347 1326 2371; x_wconf 91' lang='lat' dir='ltr'>tur</span> <span class='ocrx_word' id='word_1_865' title='bbox 1337 2346 1451 2381; x_wconf 81' lang='lat' dir='ltr'>potens</span> <span class='ocrx_word' id='word_1_866' title='bbox 1461 2337 1642 2381; x_wconf 75' lang='lat' dir='ltr'>significare</span> <span class='ocrx_word' id='word_1_867' title='bbox 1656 2362 1666 2378; x_wconf 87' lang='lat'><em>,</em></span> <span class='ocrx_word' id='word_1_868' title='bbox 1689 2336 1853 2371; x_wconf 86' lang='lat' dir='ltr'>ambulare</span> <span class='ocrx_word' id='word_1_869' title='bbox 1864 2360 1875 2376; x_wconf 91' lang='lat'><strong>,</strong></span> <span class='ocrx_word' id='word_1_870' title='bbox 1886 2335 2078 2376; x_wconf 80' lang='lat' dir='ltr'>calefacere,</span> <span class='ocrx_word' id='word_1_871' title='bbox 2103 2337 2150 2371; x_wconf 77' lang='lat' dir='ltr'>vi-</span> 
     </span>
     <span class='ocr_line' id='line_1_112' title="bbox 1272 2385 2149 2430; baseline 0.001 -9"><span class='ocrx_word' id='word_1_872' title='bbox 1272 2387 1345 2422; x_wconf 90' lang='lat' dir='ltr'>dere</span> <span class='ocrx_word' id='word_1_873' title='bbox 1358 2411 1369 2427; x_wconf 94' lang='lat'><strong>,</strong></span> <span class='ocrx_word' id='word_1_874' title='bbox 1394 2387 1456 2421; x_wconf 86' lang='lat' dir='ltr'>&amp;c-</span> <span class='ocrx_word' id='word_1_875' title='bbox 1470 2386 1561 2430; x_wconf 90' lang='lat' dir='ltr'>atqui</span> <span class='ocrx_word' id='word_1_876' title='bbox 1575 2397 1673 2421; x_wconf 88' lang='lat' dir='ltr'>nemo</span> <span class='ocrx_word' id='word_1_877' title='bbox 1688 2397 1823 2421; x_wconf 87' lang='lat' dir='ltr'>vocatur</span> <span class='ocrx_word' id='word_1_878' title='bbox 1835 2395 1947 2428; x_wconf 85' lang='lat' dir='ltr'>potens</span> <span class='ocrx_word' id='word_1_879' title='bbox 1962 2385 1980 2418; x_wconf 72' lang='lat' dir='ltr'>a</span> <span class='ocrx_word' id='word_1_880' title='bbox 2000 2388 2149 2429; x_wconf 78' lang='lat' dir='ltr'>potentia</span> 
     </span>
     <span class='ocr_line' id='line_1_113' title="bbox 1274 2435 2151 2482; baseline 0.003 -13"><span class='ocrx_word' id='word_1_881' title='bbox 1274 2437 1371 2482; x_wconf 87' lang='lat' dir='ltr'>ligata</span> <span class='ocrx_word' id='word_1_882' title='bbox 1387 2462 1398 2478; x_wconf 89' lang='lat'><strong>,</strong></span> <span class='ocrx_word' id='word_1_883' title='bbox 1423 2435 1474 2470; x_wconf 80' lang='lat' dir='ltr'>sed</span> <span class='ocrx_word' id='word_1_884' title='bbox 1485 2436 1504 2471; x_wconf 65' lang='lat' dir='ltr'>a</span> <span class='ocrx_word' id='word_1_885' title='bbox 1518 2436 1583 2471; x_wconf 86' lang='lat' dir='ltr'>sola</span> <span class='ocrx_word' id='word_1_886' title='bbox 1597 2436 1743 2480; x_wconf 81' lang='lat' dir='ltr'>potentia</span> <span class='ocrx_word' id='word_1_887' title='bbox 1758 2435 1906 2479; x_wconf 82' lang='lat' dir='ltr'>expedita</span> <span class='ocrx_word' id='word_1_888' title='bbox 1922 2460 1932 2476; x_wconf 93' lang='lat'>,</span> <span class='ocrx_word' id='word_1_889' title='bbox 1957 2446 2038 2479; x_wconf 87' lang='lat' dir='ltr'>ergo</span> <span class='ocrx_word' id='word_1_890' title='bbox 2049 2437 2151 2472; x_wconf 80' lang='lat' dir='ltr'>etiam</span> 
     </span>
     <span class='ocr_line' id='line_1_114' title="bbox 1273 2485 2163 2530; baseline -0.007 -9"><span class='ocrx_word' id='word_1_891' title='bbox 1273 2488 1419 2530; x_wconf 86' lang='lat' dir='ltr'>potentia</span> <span class='ocrx_word' id='word_1_892' title='bbox 1429 2486 1580 2530; x_wconf 83' lang='lat' dir='ltr'>expedita</span> <span class='ocrx_word' id='word_1_893' title='bbox 1594 2485 1639 2520; x_wconf 89' lang='lat' dir='ltr'>est</span> <span class='ocrx_word' id='word_1_894' title='bbox 1652 2486 1868 2530; x_wconf 83' lang='lat' dir='ltr'>significatum</span> <span class='ocrx_word' id='word_1_895' title='bbox 1881 2485 2017 2519; x_wconf 79' lang='lat' dir='ltr'>formale</span> <span class='ocrx_word' id='word_1_896' title='bbox 2037 2485 2163 2522; x_wconf 60' lang='lat' dir='ltr'>simili„</span> 
     </span>
     <span class='ocr_line' id='line_1_115' title="bbox 1271 2534 2146 2578; baseline -0.003 -8"><span class='ocrx_word' id='word_1_897' title='bbox 1271 2547 1326 2571; x_wconf 83' lang='lat' dir='ltr'>um</span> <span class='ocrx_word' id='word_1_898' title='bbox 1339 2546 1566 2572; x_wconf 85' lang='lat' dir='ltr'>concretorum</span> <span class='ocrx_word' id='word_1_899' title='bbox 1576 2560 1584 2569; x_wconf 84' lang='lat'><em>.</em></span> <span class='ocrx_word' id='word_1_900' title='bbox 1611 2535 1780 2578; x_wconf 82' lang='lat' dir='ltr'>Minorem</span> <span class='ocrx_word' id='word_1_901' title='bbox 1794 2535 1865 2570; x_wconf 85' lang='lat' dir='ltr'>satis</span> <span class='ocrx_word' id='word_1_902' title='bbox 1877 2534 2078 2574; x_wconf 78' lang='lat' dir='ltr'>manifestam</span> <span class='ocrx_word' id='word_1_903' title='bbox 2089 2534 2146 2574; x_wconf 71' lang='lat' dir='ltr'>ha·</span> 
     </span>
    </p>

    <p class='ocr_par' dir='ltr' id='par_1_10' title="bbox 1272 2586 1569 2642">
     <span class='ocr_line' id='line_1_116' title="bbox 1272 2586 1569 2642; baseline -0.01 -20"><span class='ocrx_word' id='word_1_904' title='bbox 1272 2587 1328 2626; x_wconf 77' lang='lat' dir='ltr'>bes</span> <span class='ocrx_word' id='word_1_905' title='bbox 1352 2597 1426 2622; x_wconf 88' lang='lat' dir='ltr'>toto</span> <span class='ocrx_word' id='word_1_906' title='bbox 1437 2586 1526 2621; x_wconf 73' lang='lat' dir='ltr'>dubio</span> <span class='ocrx_word' id='word_1_907' title='bbox 1540 2596 1569 2642; x_wconf 73' lang='lat'>3.</span> 
     </span>
    </p>
   </div>
   <div class='ocr_carea' id='block_1_7' title="bbox 1472 2735 1954 2774">
    <p class='ocr_par' dir='ltr' id='par_1_11' title="bbox 1472 2735 1954 2774">
     <span class='ocr_line' id='line_1_117' title="bbox 1472 2735 1954 2774; baseline 0 -3"><span class='ocrx_word' id='word_1_908' title='bbox 1472 2735 1811 2774; x_wconf 85' lang='lat' dir='ltr'>DUBIUM</span> <span class='ocrx_word' id='word_1_909' title='bbox 1861 2735 1954 2773; x_wconf 82' lang='lat' dir='ltr'>V11.</span> 
     </span>
    </p>
   </div>
   <div class='ocr_carea' id='block_1_8' title="bbox 1257 2834 2150 3575">
    <p class='ocr_par' dir='ltr' id='par_1_12' title="bbox 1257 2834 2150 3575">
     <span class='ocr_line' id='line_1_118' title="bbox 1397 2834 2008 2883; baseline 0.002 -13"><span class='ocrx_word' id='word_1_910' title='bbox 1397 2838 1491 2883; x_wconf 68' lang='lat' dir='ltr'>,Quid</span> <span class='ocrx_word' id='word_1_911' title='bbox 1508 2834 1544 2879; x_wconf 78' lang='lat' dir='ltr'>fit</span> <span class='ocrx_word' id='word_1_912' title='bbox 1561 2835 1756 2882; x_wconf 76' lang='lat' dir='ltr'>significatum</span> <span class='ocrx_word' id='word_1_913' title='bbox 1770 2862 1781 2878; x_wconf 93' lang='lat'>‚</span> <span class='ocrx_word' id='word_1_914' title='bbox 1807 2838 1882 2881; x_wconf 74' lang='lat' dir='ltr'>quid</span> <span class='ocrx_word' id='word_1_915' title='bbox 1898 2837 2008 2882; x_wconf 70' lang='lat' dir='ltr'>fignifi-</span> 
     </span>
     <span class='ocr_line' id='line_1_119' title="bbox 1520 2889 1909 2932; baseline 0.003 -11"><span class='ocrx_word' id='word_1_916' title='bbox 1520 2895 1597 2923; x_wconf 75' lang='lat' dir='ltr'>catio</span> <span class='ocrx_word' id='word_1_917' title='bbox 1618 2894 1771 2930; x_wconf 75' lang='lat' dir='ltr'>primaria</span> <span class='ocrx_word' id='word_1_918' title='bbox 1794 2913 1805 2928; x_wconf 93' lang='lat'>‚</span> <span class='ocrx_word' id='word_1_919' title='bbox 1831 2889 1909 2932; x_wconf 77' lang='lat' dir='ltr'>quid</span> 
     </span>
     <span class='ocr_line' id='line_1_120' title="bbox 1614 2937 1811 2982; baseline 0.015 -11"><span class='ocrx_word' id='word_1_920' title='bbox 1614 2937 1811 2982; x_wconf 77' lang='lat' dir='ltr'>secundaria?</span> 
     </span>
     <span class='ocr_line' id='line_1_121' title="bbox 1272 3035 2148 3085; baseline -0.003 -12"><span class='ocrx_word' id='word_1_921' title='bbox 1272 3040 1326 3074; x_wconf 86' lang='lat'>61.</span> <span class='ocrx_word' id='word_1_922' title='bbox 1445 3038 1654 3085; x_wconf 84' lang='lat' dir='ltr'>lgnificatum</span> <span class='ocrx_word' id='word_1_923' title='bbox 1670 3037 1798 3082; x_wconf 75' lang='lat' dir='ltr'>proprie</span> <span class='ocrx_word' id='word_1_924' title='bbox 1814 3038 1860 3072; x_wconf 87' lang='lat' dir='ltr'>est</span> <span class='ocrx_word' id='word_1_925' title='bbox 1873 3036 2035 3079; x_wconf 62' lang='lat' dir='ltr'>objectum</span> <span class='ocrx_word' id='word_1_926' title='bbox 2049 3035 2148 3081; x_wconf 69' lang='lat' dir='ltr'>signia</span> 
     </span>
     <span class='ocr_line' id='line_1_122' title="bbox 1458 3087 2146 3133; baseline -0.006 -9"><span class='ocrx_word' id='word_1_927' title='bbox 1458 3090 1618 3133; x_wconf 71' lang='lat' dir='ltr'>obje&amp;um</span> <span class='ocrx_word' id='word_1_928' title='bbox 1636 3099 1773 3133; x_wconf 87' lang='lat' dir='ltr'>namque</span> <span class='ocrx_word' id='word_1_929' title='bbox 1783 3088 1827 3122; x_wconf 87' lang='lat' dir='ltr'>est</span> <span class='ocrx_word' id='word_1_930' title='bbox 1841 3087 1947 3129; x_wconf 86' lang='lat' dir='ltr'>illud,</span> <span class='ocrx_word' id='word_1_931' title='bbox 1976 3087 2064 3131; x_wconf 79' lang='lat' dir='ltr'>quod</span> <span class='ocrx_word' id='word_1_932' title='bbox 2087 3097 2146 3129; x_wconf 86' lang='lat' dir='ltr'>po-</span> 
     </span>
     <span class='ocr_line' id='line_1_123' title="bbox 1271 3136 2145 3183; baseline -0.002 -12"><span class='ocrx_word' id='word_1_933' title='bbox 1271 3139 1376 3172; x_wconf 82' lang='lat' dir='ltr'>tentia</span> <span class='ocrx_word' id='word_1_934' title='bbox 1405 3151 1459 3182; x_wconf 88' lang='lat' dir='ltr'>per</span> <span class='ocrx_word' id='word_1_935' title='bbox 1489 3141 1594 3175; x_wconf 59' lang='lat' dir='ltr'>actum</span> <span class='ocrx_word' id='word_1_936' title='bbox 1622 3141 1716 3173; x_wconf 86' lang='lat' dir='ltr'>suum</span> <span class='ocrx_word' id='word_1_937' title='bbox 1742 3138 1879 3183; x_wconf 86' lang='lat' dir='ltr'>attingit</span> <span class='ocrx_word' id='word_1_938' title='bbox 1904 3162 1916 3176; x_wconf 85' lang='lat'>,</span> <span class='ocrx_word' id='word_1_939' title='bbox 1944 3139 2027 3171; x_wconf 85' lang='lat' dir='ltr'>eirca</span> <span class='ocrx_word' id='word_1_940' title='bbox 2055 3136 2145 3180; x_wconf 82' lang='lat' dir='ltr'>quod</span> 
     </span>
     <span class='ocr_line' id='line_1_124' title="bbox 1272 3185 2145 3231; baseline -0.005 -9"><span class='ocrx_word' id='word_1_941' title='bbox 1272 3199 1327 3231; x_wconf 83' lang='lat' dir='ltr'>per</span> <span class='ocrx_word' id='word_1_942' title='bbox 1352 3191 1457 3224; x_wconf 73' lang='lat' dir='ltr'>aftum</span> <span class='ocrx_word' id='word_1_943' title='bbox 1482 3191 1572 3224; x_wconf 85' lang='lat' dir='ltr'>suum</span> <span class='ocrx_word' id='word_1_944' title='bbox 1595 3191 1736 3223; x_wconf 86' lang='lat' dir='ltr'>versatur</span> <span class='ocrx_word' id='word_1_945' title='bbox 1757 3189 1791 3222; x_wconf 73' lang='grc' dir='ltr'><strong>ἃ</strong></span> <span class='ocrx_word' id='word_1_946' title='bbox 1812 3197 1991 3231; x_wconf 86' lang='lat' dir='ltr'>occupatur</span> <span class='ocrx_word' id='word_1_947' title='bbox 2018 3199 2027 3220; x_wconf 89' lang='lat'>:</span> <span class='ocrx_word' id='word_1_948' title='bbox 2051 3185 2145 3230; x_wconf 88' lang='lat' dir='ltr'>atqui</span> 
     </span>
     <span class='ocr_line' id='line_1_125' title="bbox 1271 3237 2147 3284; baseline -0.003 -12"><span class='ocrx_word' id='word_1_949' title='bbox 1271 3238 1397 3282; x_wconf 81' lang='lat' dir='ltr'>signum</span> <span class='ocrx_word' id='word_1_950' title='bbox 1418 3265 1428 3280; x_wconf 94' lang='lat'>‚</span> <span class='ocrx_word' id='word_1_951' title='bbox 1467 3239 1533 3274; x_wconf 82' lang='lat' dir='ltr'>five</span> <span class='ocrx_word' id='word_1_952' title='bbox 1558 3240 1705 3284; x_wconf 87' lang='lat' dir='ltr'>potentia</span> <span class='ocrx_word' id='word_1_953' title='bbox 1730 3238 1944 3284; x_wconf 80' lang='lat' dir='ltr'>significativa</span> <span class='ocrx_word' id='word_1_954' title='bbox 1973 3237 2055 3281; x_wconf 89' lang='lat' dir='ltr'>figni</span> <span class='ocrx_word' id='word_1_955' title='bbox 2091 3246 2147 3278; x_wconf 85' lang='lat' dir='ltr'>per</span> 
     </span>
     <span class='ocr_line' id='line_1_126' title="bbox 1272 3285 2148 3333; baseline -0.002 -13"><span class='ocrx_word' id='word_1_956' title='bbox 1272 3289 1431 3323; x_wconf 64' lang='lat' dir='ltr'>aciualern</span> <span class='ocrx_word' id='word_1_957' title='bbox 1461 3292 1549 3324; x_wconf 84' lang='lat' dir='ltr'>suam</span> <span class='ocrx_word' id='word_1_958' title='bbox 1577 3289 1849 3333; x_wconf 83' lang='lat' dir='ltr'>significationem</span> <span class='ocrx_word' id='word_1_959' title='bbox 1879 3287 2015 3331; x_wconf 88' lang='lat' dir='ltr'>attingit</span> <span class='ocrx_word' id='word_1_960' title='bbox 2028 3285 2148 3330; x_wconf 88' lang='lat' dir='ltr'>fignifi-</span> 
     </span>
     <span class='ocr_line' id='line_1_127' title="bbox 1257 3338 2148 3388; baseline -0.002 -17"><span class='ocrx_word' id='word_1_961' title='bbox 1257 3338 1382 3388; x_wconf 58' lang='lat' dir='ltr'>:catum</span> <span class='ocrx_word' id='word_1_962' title='bbox 1398 3363 1408 3379; x_wconf 89' lang='lat'><strong>,</strong></span> <span class='ocrx_word' id='word_1_963' title='bbox 1434 3340 1519 3374; x_wconf 86' lang='lat' dir='ltr'>circa</span> <span class='ocrx_word' id='word_1_964' title='bbox 1546 3338 1627 3373; x_wconf 88' lang='lat' dir='ltr'>illud</span> <span class='ocrx_word' id='word_1_965' title='bbox 1658 3340 1800 3372; x_wconf 86' lang='lat' dir='ltr'>versatur</span> <span class='ocrx_word' id='word_1_966' title='bbox 1815 3339 1849 3373; x_wconf 64' lang='grc' dir='ltr'>ἔτ</span> <span class='ocrx_word' id='word_1_967' title='bbox 1874 3346 2050 3380; x_wconf 87' lang='lat' dir='ltr'>occupatur</span> <span class='ocrx_word' id='word_1_968' title='bbox 2063 3348 2077 3378; x_wconf 85' lang='lat'><em>;</em></span> <span class='ocrx_word' id='word_1_969' title='bbox 2102 3346 2148 3369; x_wconf 79' lang='lat' dir='ltr'>er·</span> 
     </span>
     <span class='ocr_line' id='line_1_128' title="bbox 1273 3385 2143 3433; baseline -0.003 -12"><span class='ocrx_word' id='word_1_970' title='bbox 1273 3387 1318 3431; x_wconf 75' lang='lat' dir='ltr'>go</span> <span class='ocrx_word' id='word_1_971' title='bbox 1344 3388 1560 3433; x_wconf 77' lang='lat' dir='ltr'>significatum</span> <span class='ocrx_word' id='word_1_972' title='bbox 1597 3389 1723 3433; x_wconf 74' lang='lat' dir='ltr'>proprie</span> <span class='ocrx_word' id='word_1_973' title='bbox 1759 3388 1804 3422; x_wconf 88' lang='lat' dir='ltr'>est</span> <span class='ocrx_word' id='word_1_974' title='bbox 1839 3387 2000 3430; x_wconf 65' lang='lat' dir='ltr'>objectum</span> <span class='ocrx_word' id='word_1_975' title='bbox 2040 3385 2143 3430; x_wconf 87' lang='lat' dir='ltr'>signi.</span> 
     </span>
     <span class='ocr_line' id='line_1_129' title="bbox 1261 3435 2147 3483; baseline -0.002 -12"><span class='ocrx_word' id='word_1_976' title='bbox 1261 3438 1368 3480; x_wconf 50' lang='lat' dir='ltr'>¹Hinc</span> <span class='ocrx_word' id='word_1_977' title='bbox 1393 3438 1478 3473; x_wconf 84' lang='lat' dir='ltr'>mihi</span> <span class='ocrx_word' id='word_1_978' title='bbox 1504 3440 1685 3483; x_wconf 82' lang='lat' dir='ltr'>persuasum</span> <span class='ocrx_word' id='word_1_979' title='bbox 1714 3436 1834 3480; x_wconf 87' lang='lat' dir='ltr'>habeo,</span> <span class='ocrx_word' id='word_1_980' title='bbox 1872 3437 1968 3472; x_wconf 91' lang='lat' dir='ltr'>nobis</span> <span class='ocrx_word' id='word_1_981' title='bbox 1994 3435 2147 3480; x_wconf 85' lang='lat' dir='ltr'>philoso-</span> 
     </span>
     <span class='ocr_line' id='line_1_130' title="bbox 1260 3481 2150 3573; baseline -0.003 -50"><span class='ocrx_word' id='word_1_982' title='bbox 1260 3481 1443 3538; x_wconf 76' lang='lat' dir='ltr'>&#39;phandum</span> <span class='ocrx_word' id='word_1_983' title='bbox 1477 3491 1544 3529; x_wconf 86' lang='lat' dir='ltr'>esse</span> <span class='ocrx_word' id='word_1_984' title='bbox 1569 3490 1611 3529; x_wconf 84' lang='lat' dir='ltr'>de</span> <span class='ocrx_word' id='word_1_985' title='bbox 1638 3489 1827 3540; x_wconf 82' lang='lat' dir='ltr'>significato</span> <span class='ocrx_word' id='word_1_986' title='bbox 1853 3486 2009 3536; x_wconf 77' lang='lat' dir='ltr'>prImario</span> <span class='ocrx_word' id='word_1_987' title='bbox 2036 3486 2070 3573; x_wconf 55' lang='grc' dir='ltr'>δὲ</span> <span class='ocrx_word' id='word_1_988' title='bbox 2105 3486 2150 3520; x_wconf 79' lang='lat' dir='ltr'>se·</span> 
     </span>
     <span class='ocr_line' id='line_1_131' title="bbox 1985 3545 2103 3575; baseline -0.008 0"><span class='ocrx_word' id='word_1_989' title='bbox 1985 3547 2048 3575; x_wconf 79' lang='lat' dir='ltr'>cun</span> <span class='ocrx_word' id='word_1_990' title='bbox 2073 3545 2103 3574; x_wconf 72' lang='lat'>³.-</span> 
     </span>
    </p>
   </div>
  </div>
 </body>
</html>
