2384 3770
396 140 491 187 354
1005 125 1242 172 va

351 211 507 247 &tamen
518 209 608 250 nulla
619 210 713 251 realis
733 209 852 250 entitas
870 210 910 245 de
934 221 1024 245 novo
1047 211 1234 257 producere-

354 269 430 301 tur,
453 270 510 296 aut
532 261 760 301 destrueretur:
800 260 865 303 Uti
882 262 929 295 est
950 261 1102 299 evidens.
1142 261 1234 309 Ergo

353 311 456 354 posset
478 312 570 352 Deus
591 323 696 352 unum
706 309 874 351 hominem
898 310 1082 352 destruere,
1107 313 1141 346 &
1157 312 1234 346 alte-

352 371 426 395 rum
450 361 627 405 producere
651 373 719 402 non
732 358 933 402 'destruendo
944 373 1001 395 aut
1024 361 1235 405 producendo

352 408 590 450 ullamnovam
612 414 803 455 entitatem.
829 412 977 447 Probatur
1000 417 1118 446 minor.-
1146 410 1235 461 Qia

351 471 434 502 tunc
446 463 552 502 homo
574 463 783 508 producitur,
811 461 946 506 quando
967 461 1089 506 accipit
1107 464 1235 497 suarum

350 513 493 563 partium
504 511 688 560 uniorfitrq
716 519 795 547 tun'c
814 509 893 545 {reto
915 510 1111 553 destruitur,
1137 523 1236 557 quan-

350 563 397 600 do
408 563 515 611 perdit
528 565 655 604 suarum
679 562 818 608 partium
843 560 1024 597 unionemz
1051 561 1157 607 Atqui
1183 573 1237 606 per

350 612 443 651 issam
457 614 618 657 praefatam
630 613 764 646 unionis
780 612 1029 649 translationem
1040 623 1119 651 meae
1133 623 1235 656 partes

349 664 511 702 unionem
532 662 702 712 perderent
715 685 726 707 2
750 661 785 701 ὃς
806 670 910 705 partes
930 661 1030 701 saneti
1050 660 1230 706 Augustini

348 713 510 751 unionem
533 712 756 756 acquirerent:
795 712 885 757 Ergo
909 723 963 755 per
985 711 1079 746 istam
1101 713 1233 746 unionis

347 761 597 801 translationem
608 773 672 807 ego
695 757 891 802 destrueter,
913 757 952 796 ⁴&
976 762 1104 796 sanetus
1122 761 1235 808 Augu-

346 813 452 852 stinus
473 808 704 857 produceretur
719 837 727 845 .
764 811 893 851 Verum
911 812 1112 847 transeamus
1129 810 1171 847 ad'
1194 814 1236 847 se·

347 858 490 903 cundam
515 862 799 911 Marpurgeniium
819 859 1064 911 responfionem
1082 873 1094 909 5
1130 863 1172 898 de
1185 862 1236 897 his

346 912 504 954 omnibus
513 911 752 953 dicemus'alibi
763 938 771 946 .

401 973 453 1002 10.
481 964 630 998 Secunda
655 963 844 1007 responsio.
871 963 1027 1005 secunda,
1053 971 1118 998 rum
1135 963 1235 1008 sequ!-

345 1018 396 1047 rur
407 1039 419 1057 ,
445 1014 522 1057 quod
525 1015 628 1058 gallus
641 1026 700 1048 non
705 1012 742 1055 fit
752 1015 848 1059 cauffa
854 1014 932 1057 pulli
942 1028 953 1049 .·
982 1017 1067 1059 ,Quia
1076 1014 1237 1059 secundum

346 1063 567 1108 Antagonistam
586 1065 668 1107 pullo
687 1065 792 1110 gallus
818 1063 864 1099 bic
875 1075 934 1098 mn
957 1061 1151 1100 communicat
1171 1070 1232 1098 ani·

346 1126 429 1149 mam
444 1139 454 1155 ‚
477 1113 535 1158 sed
540 1116 660 1164 gallina
682 1112 778 1151 mater
789 1121 822 1149 in
833 1124 912 1150 utero
921 1123 1055 1150 materno
1066 1141 1074 1148 .
1102 1114 1235 1149 Totum

344 1163 414 1199 hoc
426 1175 536 1199 verum
549 1166 594 1199 est
609 1191 620 1209 ,
647 1165 794 1209 adeoque
808 1176 1017 1210 nequaquam
1042 1164 1215 1200 absurdum
1228 1189 1236 1198 .

343 1214 457 1251 Patres
478 1216 570 1255 enim
593 1225 752 1251 vocantur
775 1216 887 1251 Patres
908 1240 921 1258 ,
956 1227 1026 1250 non
1049 1217 1125 1259 quia
1149 1215 1237 1250 filios

343 1267 421 1304 suos
433 1264 564 1314 physice
574 1266 777 1306 effecerunt,
805 1266 857 1302 sed
876 1266 954 1310 quia
978 1266 1045 1300 illis
1067 1265 1196 1311 physice
1219 1265 1237 1299 ὲ

344 1327 451 1350 matre
468 1316 650 1355 efficiendis
673 1318 844 1356 materiam
876 1315 1202 1351 subministraverunt
1226 1340 1234 1348 .

342 1365 438 1405 Nam
450 1364 621 1415 quomodo
636 1378 725 1417 pater
738 1365 778 1402 ad
793 1366 886 1401 mille
899 1367 1006 1401 leucas
1018 1366 1134 1402 absens
1144 1392 1155 1408 ‚
1181 1375 1237 1409 aut

345 1415 433 1455 forte
442 1416 542 1450 etiam
555 1427 703 1451 mortuus
715 1417 823 1452 filium
836 1418 932 1454 suum
952 1417 987 1452 in
1011 1427 1105 1452 utero
1126 1416 1239 1451 matris

345 1468 485 1502 efficeret
500 1468 517 1499 ἒ
539 1467 662 1503 Credat
677 1467 742 1502 hoc
753 1468 880 1512 Judaeus
891 1467 1009 1512 Apella
1023 1493 1030 1501 .
1061 1467 1137 1513 Ego
1147 1466 1238 1502 enim

346 1529 417 1554 :non
430 1517 560 1552 credam
575 1542 582 1551 .
610 1516 779 1556 Audiatur
800 1518 895 1556 tertia
917 1518 1102 1562 responfio.
1141 1520 1240 1550 Tertio

346 1577 473 1611 negatur
486 1566 710 1612 consequentia.
739 1568 810 1609 Etss
827 1574 908 1602 em'm
930 1579 988 1601 non
1008 1573 1136 1609 accipiat
1155 1573 1239 1601 intra

346 1627 518 1652 maternum
528 1624 668 1657 uterum3
694 1624 797 1647 tamen
811 1622 900 1650 extra
912 1617 999 1650 illum
1009 1621 1146 1650 animam
1166 1621 1238 1648 accl-

343 1673 397 1713 pit
410 1690 421 1705 ,
446 1665 583 1709 utsupra
594 1663 696 1708 vtsum
709 1686 717 1694 ·
746 1662 808 1697 Ast
819 1663 838 1697 a
851 1673 919 1707 quo
930 1673 1021 1697 extra
1042 1673 1172 1697 uterum
1183 1673 1240 1697 ac-

346 1716 471 1758 ciperet
484 1714 501 1745 ?
528 1713 610 1747 Non
626 1713 644 1746 ὲ
657 1712 751 1747 Deo:
781 1711 869 1759 Qia
887 1722 956 1747 non
970 1712 1054 1747 solet
1066 1737 1074 1745 .
1100 1711 1184 1746 Non
1199 1711 1242 1747 ab

347 1763 488 1810 Angelo
503 1776 514 1797 .·
539 1762 631 1810 Qia
642 1773 710 1798 non
724 1763 828 1806 potest
842 1787 851 1796 .
877 1763 959 1798 Non
970 1762 988 1796 a
998 1762 1088 1808 gallo
1098 1773 1154 1798 aut
1169 1762 1235 1808 gal-

343 1816 439 1851 lina:
507 1813 561 1847 uia
582 1812 667 1859 'sape
682 1812 819 1847 absunt.
850 1812 935 1849 Non
956 1811 976 1846 a
997 1813 1086 1857 sole,
1112 1813 1202 1848 astris
1228 1837 1241 1853 ,

349 1868 472 1904 furno,
526 1871 639 1904 meto,
664 1871 722 1897 aut
744 1862 812 1896 alio
835 1862 933 1896 fimili
945 1862 1107 1905 principio
1130 1862 1242 1896 inani-

351 1927 435 1951 mo:
461 1911 750 1964 Qiaincideretis
770 1912 806 1946 iu
818 1913 988 1946 censuram
1000 1911 1101 1946 sancti
1128 1912 1242 1956 Augu-

351 1966 454 2007 stini,
479 1961 574 2010 qual.
589 1961 620 2001 8.
635 1963 674 1997 de
689 1966 786 1996 civit.
809 1970 872 2005 cap.
892 1972 925 2010 5.
955 1963 1104 1996 censurat
1127 1961 1242 2005 Epicu·

350 2025 435 2052 ratos
445 2039 456 2055 ‚
482 2013 573 2056 quod
588 2017 612 2046 A
624 2013 713 2047 rebus
724 2023 781 2046 non
792 2017 879 2048 vivis
901 2023 951 2047 m·
967 2017 1061 2045 vivas
1080 2011 1148 2055 fieri
1165 2012 1242 2054 posse

353 2066 544 2101 crediderunt
558 2083 569 2100 ο
596 2063 639 2098 Et
652 2063 727 2097 sane
737 2062 850 2097 omnia
872 2061 935 2097 alia
952 2062 1074 2096 semina
1096 2062 1243 2097 animan-

354 2128 412 2153 tur
424 2115 510 2149 intra
520 2124 649 2150 uterum
664 2138 672 2147 .
698 2114 753 2148 De
765 2112 944 2147 seminibus
955 2109 1131 2145 hominum
1143 2111 1243 2151 ,alim

356 2176 498 2209 rumque
509 2165 720 2208 perfectorum
737 2160 932 2194 animalium
943 2169 992 2192 res
1008 2159 1053 2192 est
1064 2159 1149 2192 clara
1165 2170 1177 2200 ,¹
1201 2159 1242 2193 de

357 2212 540 2252 ieminibus
566 2210 642 2246 vero
669 2211 852 2254 plantarum
878 2209 950 2251 quis
969 2207 1122 2242 dubitet?
1158 2207 1246 2241 Ani-

358 2272 494 2304 mantnt
502 2262 592 2295 enim
607 2261 642 2293 in
654 2261 713 2293 suo
725 2257 904 2302 pericarpio
914 2280 927 2296 ‚
955 2266 1124 2300 tamquam
1137 2256 1245 2291 in'suae

357 2312 476 2349 matris
487 2320 581 2345 utero
596 2334 604 2342 .
629 2307 721 2348 Idem
733 2307 811 2352 ergo
822 2306 889 2340 dici
900 2305 996 2341 debet
1006 2306 1048 2341 de
1060 2307 1133 2341 ovis
1144 2332 1151 2339 .
1180 2306 1247 2341 Ve-

361 2364 436 2398 rum
448 2360 516 2395 haec
527 2357 643 2395 omnia
660 2359 703 2393 ‘ad
715 2358 855 2402 longum
868 2356 923 2391 hic
934 2358 1095 2391 discutere
1107 2381 1118 2397 ‚
1146 2356 1247 2392 modu

360 2412 446 2451 mihi
457 2422 563 2460 neque
576 2409 705 2457 placet,
732 2419 839 2455 neque
849 2406 939 2443 lubet
952 2431 964 2449 ‚
990 2418 1098 2454 neque
1110 2418 1219 2443 vacat.

514 2505 891 2546 CAPUT
989 2506 1080 2544 XV.

481 2614 690 2646 Examinaeur
718 2608 892 2643 baereticum
918 2608 1125 2653 affirtaeicm's

720 2659 902 2695 corollarium
914 2682 923 2692 .

374 2775 406 2803 1.
543 2764 577 2798 lc
587 2762 677 2797 enim
688 2758 914 2796 haereticorum
924 2759 1045 2805 genius
1053 2759 1100 2796 est
1113 2783 1125 2801 ,
1149 2759 1250 2795 etiam
1274 2755 1277 2758 ’

568 2813 788 2855 quascumque
809 2812 958 2845 veritates
979 2812 1055 2854 pure
1091 2811 1253 2845 naturales

372 2863 532 2900 haereticis
544 2862 697 2897 haereticae
719 2860 886 2905 pravitatis
907 2861 1080 2905 putoribus
1102 2861 1253 2904 conspur-

373 2927 468 2950 care.
496 2912 681 2948 Audiamus
703 2909 915 2947 corollarium
931 2936 940 2943 .
977 2915 1086 2944 Anima
1105 2913 1118 2954 (
1141 2919 1253 2954 utpote

373 2964 547 3000 rationalis
557 2988 569 3005 ‚
593 2962 634 2998 de
645 2962 748 2996 brutis
761 2962 851 2997 enim
861 2960 1147 2996 &irrationalibus
1157 2959 1246 2995 nulla

375 3015 423 3050 est
441 3012 677 3054 controverfia)
696 3020 754 3055 per
785 3013 938 3046 traducem
955 3011 1128 3052 infunditur
1146 3036 1157 3052 ‚
1195 3021 1252 3044 non

376 3076 495 3100 creatur
505 3089 513 3098 .
541 3064 665 3099 Revera
683 3073 742 3097 vos
755 3062 837 3096 boni
847 3060 1065 3096 Grammatici
1077 3072 1145 3095 non
1157 3060 1231 3096 estis
1241 3074 1252 3095 .-

377 3115 524 3150 Nescitis
533 3115 623 3148 enim
634 3112 907 3158 significationem
919 3122 1039 3145 vocum
1051 3136 1059 3144 .
1086 3109 1189 3159 Qod
1201 3109 1256 3145 hic

376 3165 590 3200 corollarium
602 3164 746 3204 vocatis,
774 3172 890 3196 vocare
902 3161 1087 3196 debueratis
1108 3161 1257 3205 Imperti-

379 3226 477 3249 nens.
505 3215 595 3249 Nam
612 3213 822 3248 corollarium
833 3213 879 3246 est
897 3213 1040 3246 omnino
1058 3212 1145 3246 idem
1166 3211 1257 3255 quod

380 3266 582 3307 consequens
592 3263 765 3298 deductum
776 3274 818 3297 ex
840 3263 937 3296 dictis
957 3262 1224 3298 antecedentibus
1250 3273 1259 3294 ι

380 3314 487 3356 Atqui
514 3313 580 3349 hoe
607 3313 744 3348 vestrum
767 3312 954 3346 haereticum
988 3312 1113 3347 didium
1140 3322 1259 3356 nequa-

379 3372 481 3405 quam
492 3364 537 3397 est
548 3365 751 3406 consequens
760 3362 934 3397 deductum
954 3373 995 3396 ex
1018 3356 1112 3397 diffl's
1133 3372 1261 3397 antece·

580 3413 764 3461 Qiomodo
775 3424 854 3458 ergo
864 3412 909 3447 est
923 3412 1133 3448 corollarium
1146 3413 1163 3446 ?
1183 3411 1262 3447 Pro-

382 3411 534 3445 dentibus
546 3425 553 3443 :

1571 127 1674 174 xv.

1298 209 1363 244 stro
1373 219 1485 246 contra
1498 222 1603 247 meam
1616 211 1819 258 apologiam
1832 215 1952 258 scripto
1974 216 2076 253 locuti
2098 217 2174 252 estis

1297 260 1339 298 de
1349 263 1457 296 anima
1468 264 1523 297 ovi
1534 289 1545 305 ,
1570 263 1612 297 de
1622 265 1887 299 conformatione
1893 266 1951 299 ovi
1961 290 1974 306 ,
1997 269 2038 302 de
2045 268 2176 303 confor-

1299 311 1451 346 mationis
1463 314 1568 347 cauffa
1579 339 1590 354 ,
1614 315 1676 348 &c-
1697 314 1751 348 De
1766 317 1876 350 anima
1899 325 2008 350 autem
2022 318 2175 353 rationali

1311 138 1436 169 U'r

1299 372 1341 395 ne
1363 372 1467 396 unum
1477 365 1611 404 quidem
1633 364 1790 399 verbum.-
1829 365 2014 413 Quomodo
2034 378 2113 412 ergo
2132 379 2176 404 ex

1298 410 1393 447 dictis
1404 413 1468 446 illis
1478 414 1589 447 vestris
1600 413 1717 449 deduci
1738 415 1834 459 poffit
1847 441 1858 456 ‚
1884 416 1974 461 quod
1995 417 2106 453 anima
2129 430 2178 455 ra-

1299 462 1435 497 tionalis
1444 462 1541 497 nobis
1552 463 1742 499 infundatur
1753 478 1808 510 per
1831 466 2021 501 traducem?
2048 466 2175 504 Revera

1301 525 1369 547 non
1383 514 1485 556 potest
1495 538 1503 545 .
1529 514 1664 547 Diuum
1678 526 1758 560 ergo
1775 517 1914 551 vestrum
1928 529 1996 551 non
2009 518 2054 551 est
2076 518 2181 552 corol-

1300 563 1416 598 larium
1430 587 1441 607 ‚
1468 562 1523 601 sed
1535 565 1580 597 est
1594 564 1803 610 impertinens
1814 590 1826 607 ,
1851 569 1928 613 quia
1941 567 1981 601 ad
1992 567 2076 602 dieta
2093 579 2182 603 ante-

1300 614 1449 648 cedentia
1463 614 1589 648 nonest
1612 615 1797 658 pertinens.
1823 615 2007 652 Videamus
2030 628 2141 653 tamen
2170 643 2183 659 ,

1300 661 1378 708 quid
1389 663 1570 698 contineat.

1349 726 1382 752 2.
1409 714 1522 749 Primo
1542 713 1621 760 ergo
1643 714 1772 756 dicitis,
1808 717 1950 752 animam
1988 719 2182 753 rationalem

1302 776 1370 798 non
1383 766 1502 799 creari.
1531 765 1611 800 Hoc
1632 765 1803 800 manifeste
1826 766 2011 803 haereticum
2032 770 2096 802 est.
2123 769 2183 803 Di-

1298 816 1345 849 cit
1367 815 1456 849 enim
1471 817 1595 850 sanstus
1611 814 1763 849 Thomas
1788 826 1859 859 1.p.
1873 829 1900 860 q.
1918 816 1993 854 118.
2018 828 2078 852 arr.
2102 828 2131 852 2.
2150 824 2183 851 in

1299 871 1332 899 r'n
1343 874 1418 911 corp.
1432 869 1477 901 Et
1488 867 1554 900 ideo
1564 865 1736 899 haereticum
1746 866 1784 906 est
1797 868 1891 900 dicere
1899 892 1910 908 ,
1930 871 2010 911 quod
2020 875 2122 902 anima
2134 874 2184 901 in-

1299 916 1450 950 relleffiva
1460 917 1635 950 traducatur
1645 915 1848 960 eumsemine.
1874 917 1978 966 Qiod
2001 929 2039 953 ut
2062 919 2181 953 melius

1299 966 1516 1011 percipiatur,
1544 967 1649 1011 placet
1663 968 1843 1011 praecipuos
1863 968 1903 1002 de
1926 969 2036 1004 anima
2055 969 2182 1003 intelle-

1298 1016 1400 1057 ctiva,
1426 1016 1558 1062 ejusque
1569 1017 1760 1058 creatione,
1786 1016 2013 1060 iactatione,
2038 1031 2076 1053 ae
2097 1019 2185 1052 infu-

1298 1067 1388 1101 sione
1409 1066 1531 1101 errores
1553 1065 1692 1102 breviter
1712 1066 1871 1102 adducere
1894 1082 1905 1102 .·
1942 1068 1987 1102 Et
2008 1069 2179 1103 ostendere

1298 1128 1396 1161 quam
1410 1116 1572 1158 hereum,
1598 1117 1632 1151 ὅ(
1644 1121 1745 1161 quem
1754 1123 1894 1152 errorem
1918 1117 2014 1153 nobis
2027 1118 2081 1153 hic
2102 1119 2189 1153 resu-

1299 1168 1410 1201 scitare
1419 1177 1579 1202 conentur
1592 1162 1927 1212 Marpurgenses.”Si
1950 1179 2058 1204 tamen
2081 1166 2148 1203 haee
2162 1174 2186 1211 ¹⁴,

1299 1218 1348 1252 uti
1361 1217 1445 1252 bene
1457 1217 1595 1252 intendo
1607 1241 1619 1259 ,
1645 1215 1727 1252 bene
1738 1228 1806 1252 non
1819 1218 1956 1253 effecero
1966 1230 1982 1260 ‚-
2010 1219 2104 1254 venia
2116 1228 2188 1252 orn-

1301 1268 1382 1302 nino
1392 1268 1512 1313 dignus
1531 1278 1608 1303 ero:
1639 1267 1727 1302 Nam
1742 1293 1753 1309 ‚
1779 1267 1925 1313 ingenue
1945 1270 2072 1310 fateor,
2097 1279 2188 1303 men-

1300 1319 1514 1354 temvestram
1527 1328 1732 1363 nequaquam
1746 1318 1915 1363 intelligo.
1941 1317 2114 1354 Videmini
2139 1319 2189 1353 sa·

1300 1368 1342 1403 ne
1354 1367 1437 1403 mihi
1451 1369 1492 1403 de
1504 1369 1609 1404 verbis
1622 1368 1753 1413 potius,
1784 1379 1882 1412 quam
1905 1366 1946 1404 de
1963 1369 2058 1404 rebus
2082 1369 2190 1403 facere

1300 1419 1556 1454 controverliam
1568 1444 1580 1460 ,
1606 1420 1640 1453 δι
1653 1419 1688 1452 in
1699 1418 1762 1452 isto
1775 1419 1881 1453 vestro
1892 1418 1980 1454 dicto
2003 1431 2072 1454 non
2098 1418 2191 1453 novi-

1300 1479 1367 1504 tate
1375 1480 1480 1504 rerum
1492 1493 1504 1510 ,
1532 1469 1586 1505 sed
1598 1469 1666 1504 sola
1677 1467 1828 1503 delectari
1840 1470 1990 1504 novitate
2002 1469 2186 1505 verborum.

1303 1519 1438 1553 Etenim
1453 1519 1563 1551 dicitis
1575 1520 1723 1552 animam
1734 1532 1803 1554 non
1815 1521 1916 1553 creari
1928 1544 1940 1560 ,
1966 1520 2002 1554 δε
2014 1529 2123 1554 tamen
2132 1519 2189 1552 in·-

1301 1568 1396 1603 fltndi
1410 1581 1422 1600 .-
1448 1567 1492 1600 Et
1503 1565 1637 1609 quidem
1649 1565 1777 1609 hocper
1801 1569 1988 1602 traducem.
2011 1568 2094 1604 Haec
2118 1567 2190 1603 dno

1301 1628 1367 1664 ego
1380 1614 1558 1649 conciliare
1570 1625 1640 1648 non
1652 1613 1748 1649 valeo
1758 1638 1772 1656 ‚
1796 1616 1873 1659 quia
1885 1627 2028 1652 mentem
2051 1617 2189 1653 vestram

1302 1676 1371 1699 non
1386 1664 1462 1699 satis
1471 1664 1556 1698 clare
1567 1663 1602 1698 &
1612 1662 1729 1698 diffuse
1749 1666 1948 1709 explicatam
1961 1678 2028 1702 non
2043 1665 2129 1703 bene
2141 1667 2191 1702 in·

1303 1716 1438 1760 telligo.
1469 1714 1578 1749 Poffet
1602 1714 1738 1758 quidem
1754 1713 1887 1750 infundi
1909 1718 2032 1752 &non
2054 1715 2154 1753 creari
2180 1729 2191 1751 ι

1304 1765 1340 1800 ld
1352 1765 1441 1800 enim
1453 1764 1523 1799 fieri
1534 1764 1709 1799 confitetur
1721 1765 1830 1801 saneta
1852 1767 1886 1800 ἀ
1910 1767 2108 1811 Apostolica
2126 1767 2193 1802 Ca-

1303 1815 1426 1850 tholica
1439 1814 1593 1849 Romana
1606 1813 1749 1849 Ecclesia
1763 1816 1797 1848 in
1818 1815 1985 1851 habitibus
2006 1818 2191 1862 supernatu-

1304 1864 1424 1900 ralibus
1436 1888 1447 1905 ,
1464 1866 1545 1899 &in
1557 1864 1682 1898 unione
1696 1863 1917 1908 Hypostatica
1931 1865 2035 1900 Verbi
2046 1877 2123 1901 cum
2131 1864 2191 1901 ho·

1303 1915 1393 1949 mine
1404 1916 1565 1958 assumpto
1577 1925 1584 1945 :
1612 1914 1748 1949 Formas
1760 1913 1817 1948 has
1827 1939 1838 1956 ‚
1847 1925 1984 1958 quarum
1996 1924 2060 1950 una
2069 1938 2080 1955 ,
2105 1915 2189 1950 unit>

1304 1965 1423 2000 scilicet
1433 1961 1641 2008 hypostatica
1655 1987 1668 2005 ,
1691 1963 1736 1997 est
1748 1964 1820 1998 vere
1830 1965 2045 1999 substantialis
2054 1990 2066 2007 ,
2092 1976 2189 1999 vera-

1302 2026 1367 2059 que
1387 2041 1400 2057 ,
1426 2015 1503 2049 licet
1535 2020 1648 2049 tamen
1670 2013 1812 2048 modalis
1851 2014 2031 2050 substantia
2043 2039 2055 2056 ,
2089 2015 2192 2050 credi·

1303 2066 1401 2100 musa
1412 2066 1489 2100 Deo
1500 2064 1630 2099 infundi
1645 2085 1658 2106 ‚
1682 2063 1718 2097 δι
1728 2074 1837 2099 tamen
1851 2075 1921 2099 non
1932 2065 2032 2100 creari
2047 2090 2059 2107 ,
2081 2065 2135 2100 sed
2147 2075 2190 2099 ex

1301 2115 1414 2157 aliquo
1427 2114 1615 2157 praejacente
1625 2112 1769 2155 subjecto
1781 2126 1835 2157 per
1857 2126 1965 2149 veram
1989 2115 2194 2150 materialem

1309 2163 1539 2197 cauffalitatem
1551 2162 1646 2196 educi
1659 2185 1666 2193 .
1694 2163 1742 2195 At
1753 2162 1830 2196 vero
1840 2163 1973 2197 infundi
1984 2165 2017 2197 ὄι
2029 2165 2156 2199 traduci
2176 2189 2190 2206 ‚

1313 2213 1375 2245 five
1386 2211 1518 2244 infundi
1530 2222 1586 2253 per
1596 2210 1762 2244 traducem
1774 2234 1786 2251 ,
1811 2211 1920 2245 nescio
1929 2214 2101 2255 quomodo
2121 2211 2190 2248 haec

1312 2259 1516 2294 cohaereant.
1543 2258 1779 2293 Naminfundi
1790 2260 1836 2294 est
1857 2260 1875 2293 ὲ
1896 2262 1970 2296 solo
1989 2262 2066 2297 Deo
2082 2262 2153 2297 dari
2180 2275 2189 2296 t

1312 2309 1475 2353 Adeoque
1485 2307 1540 2343 illa
1552 2309 1647 2344 nobis
1657 2308 1896 2350 infunduntur,
1906 2322 1974 2355 quae
1985 2312 2003 2346 a
2027 2312 2098 2348 solo
2111 2312 2191 2348 Deo

1313 2362 1347 2395 in
1362 2360 1458 2394 nobis
1468 2359 1714 2404 producuntur.
1740 2359 1788 2394 At
1800 2359 1875 2394 vero
1886 2360 2011 2396 traduci
2025 2385 2036 2401 ‚
2060 2364 2113 2397 seu
2134 2374 2192 2408 per

1313 2409 1479 2445 traducem
1487 2409 1557 2444 dari
1567 2410 1612 2444 est
1623 2410 1641 2444 a
1652 2410 1840 2454 parentibus
1851 2421 1916 2445 una
1924 2422 1999 2446 cum
2013 2413 2136 2447 semine
2145 2414 2191 2448 ef-

1313 2460 1364 2494 fici
1376 2485 1388 2501 ‚
1413 2460 1447 2493 in
1459 2470 1520 2494 rios
1529 2459 1663 2495 devolvi
1683 2471 1722 2495 ac
1741 2459 1902 2504 derivari;
1927 2461 2076 2507 adeoque
2095 2474 2134 2497 ea
2154 2464 2192 2498 in

1315 2522 1375 2545 nos
1385 2508 1621 2551 traducuntur,
1646 2511 1713 2544 five
1731 2509 1826 2544 nobis
1849 2521 1904 2554 per
1927 2512 2093 2547 traducem
2112 2513 2193 2547 dan·

1315 2572 1366 2595 tur
1377 2586 1388 2601 ,
1414 2572 1484 2605 quae
1497 2560 1516 2594 a
1527 2560 1712 2604 parentibus
1721 2560 1754 2593 in
1766 2559 1889 2593 semine
1898 2559 1916 2593 ὲ
1925 2561 1957 2595 se
1967 2561 2136 2597 elaborato
2147 2563 2195 2596 ef·

1314 2610 1468 2646 ficiuntur
1477 2611 1781 2654 acimprimuntur,
1806 2620 1938 2654 unaque
1956 2621 2032 2645 cum
2053 2612 2193 2653 semine,

1314 2662 1368 2697 cui
1379 2660 1525 2703 impressa
1535 2670 1573 2693 ac
1586 2659 1736 2694 involuta
1747 2660 1821 2693 lunt
1830 2683 1842 2703 ,
1852 2657 1870 2693 a
1881 2659 2069 2703 parentibus
2082 2661 2116 2696 in
2130 2672 2193 2696 nos

1313 2709 1586 2746 transfunduntur
1594 2720 1633 2743 ae
1645 2709 1952 2744 communicantur.
1980 2711 2014 2746 Si
2028 2722 2085 2746 vos
2097 2712 2190 2746 aliter

1315 2761 1412 2796 verba
1423 2760 1488 2794 haec
1497 2760 1622 2801 infundi
1631 2759 1665 2794 ἀ
1676 2760 1792 2792 traduci
1810 2759 1978 2804 accipiatis
1993 2770 2049 2795 aut
2071 2761 2193 2796 intelli-

1314 2812 1417 2859 gatis,
1444 2810 1580 2844 studetis
1601 2821 1785 2844 nonrerum
1804 2809 1974 2851 examini,
2000 2811 2053 2845 sed
2078 2810 2195 2846 verbo-

1315 2873 1386 2896 rum
1396 2859 1588 2897 certamini.
1615 2859 1722 2904 Atqui
1734 2859 1879 2902 implicat
1898 2860 2022 2903 aliquid
2037 2861 2070 2895 in
2094 2860 2192 2895 nobis

1313 2913 1332 2947 ὸ,
1345 2911 1415 2947 solo
1435 2912 1512 2946 Deo
1533 2907 1642 2950 effici,
1665 2911 1699 2944 &
1716 2909 1808 2943 simul
1830 2910 1945 2945 efficia
1967 2910 2153 2954 parentibus
2178 2923 2192 2945 .·

1316 2962 1451 2997 Etenim
1462 2963 1484 2995 fi
1496 2960 1653 2995 efficiatur
1667 2959 1686 2992 ὲ
1696 2960 1766 2993 solo
1787 2960 1864 2994 Deo
1877 2984 1889 3001 ,
1913 2960 2086 3004 quomodo
2095 2960 2115 2994 ὲ
2137 2971 2191 3004 pa-

1315 3011 1483 3048 rentibus?
1512 3011 1545 3045 Si
1557 3008 1632 3043 vero
1642 3009 1661 3043 a
1672 3009 1857 3053 parentibus
1867 3035 1878 3051 ,
1906 3009 2077 3054 quomodo
2087 3010 2106 3044 a
2117 3009 2191 3045 solo

1315 3062 1420 3097 Deo?
1446 3061 1664 3104 Nequaquam
1682 3059 1786 3094 certe.
1813 3058 1905 3104 Ergo
1926 3059 2072 3103 implicat
2094 3059 2192 3095 nobis

1315 3112 1440 3154 aliquid
1455 3110 1613 3150 infundi,
1633 3110 1668 3143 &
1691 3109 1784 3144 fimul
1807 3109 1929 3144 traduci
1950 3111 2004 3144 seu
2024 3108 2193 3145 traducem

1314 3163 1404 3198 dari.
1863 3186 1865 3188 -

1366 3224 1398 3261 3.
1426 3213 1578 3247 Mentem
1589 3221 1669 3256 ergo
1678 3210 1813 3245 vestram
1830 3219 1899 3243 non
1913 3208 1996 3244 bene
2017 3209 2168 3255 intelligo
2182 3222 2192 3243 τ

1317 3262 1395 3298 Ideo
1418 3264 1511 3297 illam
1532 3262 1686 3306 praesumo
1709 3261 1744 3295 δε
1758 3259 1965 3302 conjecturo.
2004 3260 2059 3295 Ut
2082 3270 2193 3295 autem

1315 3313 1430 3349 omnia
1451 3312 1554 3347 vestra
1575 3311 1661 3346 dista
1681 3310 1874 3345 cohaetentia
1895 3310 1956 3343 {int
1977 3333 1990 3350 ,
2030 3309 2193 3344 videmini

1319 3362 1403 3399 mihi
1414 3362 1518 3398 dicere
1531 3360 1599 3397 haec
1608 3362 1669 3396 tria
1680 3383 1695 3393 .-
1713 3358 1824 3394 Primo
1835 3384 1846 3401 ‚
1868 3358 1958 3403 quod
1968 3359 2077 3394 anima
2087 3359 2105 3392 a
2115 3359 2194 3394 Deo

1321 3425 1389 3449 non
1401 3423 1545 3449 creetur.
1574 3407 1747 3449 Secunde,
1773 3410 1864 3458 quod
1890 3419 2000 3444 tamen
2019 3408 2039 3443 a
2055 3408 2132 3442 Deo
2146 3408 2196 3442 in-

380 3459 469 3508 ξεᾶὁ
479 3471 701 3506 nequaquam.
727 3466 821 3499 Paret
833 3468 951 3500 minor.-
980 3463 1071 3511 Qia
1084 3463 1281 3510 intotove-'2
1302 3509 1304 3512 y
1322 3464 1499 3500 fundatur.
1524 3461 1670 3502 Tertio,
1695 3460 1786 3505 quod
1805 3460 1997 3496 infundatur
2018 3468 2074 3504 per
2090 3457 2197 3508 tradug

2052 3518 2124 3543 cem
2132 3532 2147 3551 ‚
