2384 3770
333 158 422 211 90⁹7
866 158 1108 203 Drspo-r.

299 233 379 270 dum
409 247 418 267 :

297 282 412 320 debere
455 285 641 331 distingui
635 288 669 323 ὲ
701 289 760 322 suo
791 289 976 334 significato
1006 314 1016 330 ‚
1056 290 1184 323 intelli-

298 346 381 380 gunt
401 335 443 369 de
465 336 647 382 significato
667 337 821 381 primario
846 364 857 380 ‚
895 351 963 373 non
988 339 1065 373 vero
1089 340 1130 374 de
1142 342 1183 373 se-

298 388 459 423 cundario
482 412 493 429 ,
528 388 618 432 quod
644 399 719 422 curn
742 390 836 434 figno
859 390 1100 424 identificatam
1123 390 1187 424 effe

299 439 402 484 potest
415 465 422 474 .
449 440 507 474 §ed
530 440 593 473 bac
619 437 760 483 rrsponfio
786 439 861 472 mihi
887 440 1056 473 nullatenus
1075 440 1185 482 placet,

297 491 332 525 ob
356 490 434 525 banc
452 495 596 526 rationem
616 501 623 522 z
652 489 727 534 quia
753 490 881 534 signum
905 489 1001 524 debet
1020 491 1086 531 esse
1096 490 1185 525 reali-

297 551 346 576 ter
371 540 558 577 diffinitum
586 550 652 575 tam
674 540 760 574 asuo
773 539 987 581 secundario,
1014 551 1114 585 quarn
1125 541 1185 584 pri-

297 591 401 627 mario
419 591 625 637 significato,
649 601 728 634 ergo
741 601 829 630 vox,
856 601 981 631 nomen,
1010 590 1185 634 nequidem

296 642 399 687 potest
420 642 601 687 significare
622 641 758 684 seipsam
784 639 976 674 secundario
1000 664 1007 670 .
1036 639 1186 674 Probatur

295 700 388 726 antec.
414 693 491 735 quia
527 692 655 736 signum
683 689 779 724 debet
812 690 938 724 realiter
959 689 1117 734 distingui
1144 689 1186 724 ab

296 743 391 777 omni
412 743 471 776 suo
493 741 677 786 fignificato
703 751 782 774 vero
803 763 814 779 ,
851 741 941 782 atqui
969 740 1184 783 fignificatum

296 792 381 839 signi
403 791 628 827 secundarium
650 789 736 826 esti
717 789 934 835 significatum
960 801 1069 824 verum
1087 814 1098 831 ,
1120 801 1187 825 ne-

296 854 362 886 que
386 843 476 877 enim
503 842 558 876 illa
586 841 768 885 particula,
790 838 1019 883 secundarium,
1043 851 1184 881 vocem,

291 890 488 937 fignificatum
508 917 519 933 ,
545 891 666 927 alienat
678 901 735 925 aut
757 890 943 929 diminuit,
967 901 1046 935 ergo
1059 891 1185 934 signum

296 942 392 977 debet
415 942 577 987 ‘distingui
605 941 732 975 realiter
756 941 856 975 etiam
878 952 896 974 a
918 941 977 974 suo
1001 941 1186 984 significato

297 992 489 1027 secundario
511 1005 521 1036 ;
545 992 581 1025 ἐν
605 990 795 1032 confirmatur
822 1002 830 1022 :
867 990 943 1033 quia
969 990 1185 1035 significatum

296 1043 484 1086 primarium
505 1067 516 1082 ,
542 1041 577 1076 &
601 1038 825 1076 secundarium
845 1042 1051 1075 conveniunt
1073 1043 1189 1076 univo·

295 1091 332 1125 ce
354 1092 387 1125 in
408 1092 534 1127 ratione
564 1091 742 1137 significati
763 1114 774 1130 ,
803 1100 840 1124 ut
869 1091 965 1125 facile
987 1090 1125 1126 deduces
1146 1104 1186 1126 ex

294 1141 484 1186 principiis,
511 1152 582 1187 quae
604 1141 687 1175 insta
710 1141 837 1175 tradam
860 1141 901 1175 de
922 1151 1003 1175 voce
1025 1143 1186 1182 univoca,

294 1203 351 1227 cur
371 1192 454 1238 ergo
480 1191 705 1226 secundarium
726 1189 834 1225 minus
856 1191 874 1225 a
896 1191 989 1236 siguo
999 1190 1187 1236 distinguis,

295 1253 394 1293 quam
406 1242 597 1285 primarium
611 1244 624 1276 ἔ·

348 1290 377 1329 8.
405 1292 496 1336 Resp.
523 1295 588 1336 erg&
614 1293 747 1336 negando
773 1301 869 1326 amec.
891 1289 932 1327 ad
954 1291 1185 1334 probationem

295 1342 374 1377 dico
398 1355 510 1378 verum
532 1345 620 1384 effe,
647 1343 736 1387 quod
760 1354 848 1383 vost,
873 1353 996 1384 nomen,
1025 1342 1185 1387 significet

296 1393 451 1437 primario
473 1396 623 1428 naturam
650 1392 796 1427 nominis
822 1393 858 1426 in
869 1393 1061 1433 communi,
1085 1393 1119 1427 δε
1140 1394 1184 1427 se·

297 1441 458 1478 enudatio
483 1444 597 1478 omnia
623 1443 761 1477 nomina
773 1444 808 1476 in
820 1442 1027 1487 particulari,
1055 1444 1182 1477 adeum

297 1494 434 1528 modum
459 1518 469 1534 ‚
495 1505 564 1538 quo
590 1505 683 1534 vox,
709 1492 815 1535 bomo,
841 1493 1000 1538 fignificat
1029 1494 1183 1536 primarie

297 1554 446 1578 naturam
469 1542 615 1578 hominis
645 1544 680 1577 in
701 1545 872 1578 communi
894 1568 905 1584 ‚
931 1542 965 1576 &
992 1543 1182 1578 secundario

297 1605 411 1629 omnes
438 1592 590 1628 homines
616 1593 650 1627 in
664 1593 867 1637 particulari.
894 1590 996 1627 Addo
1008 1603 1115 1627 tamen
1131 1605 1183 1627 vo-

295 1655 389 1685 cem,
417 1656 544 1685 nomen,
569 1643 750 1688 significare
769 1643 882 1678 omnia
906 1643 1044 1677 nomina
1056 1643 1089 1676 in
1116 1655 1182 1687 par-

295 1694 426 1728 ticulari
446 1705 555 1737 praeter
575 1696 626 1735 se,
657 1694 733 1737 quia
752 1704 828 1728 cum
850 1693 948 1736 seipsa
964 1717 976 1734 ,
1003 1693 1055 1727 vel
1074 1695 1182 1737 potius

294 1745 313 1782 a
335 1744 432 1787 seipsa
454 1755 523 1778 non
547 1742 646 1779 habet
671 1744 914 1778 distinctionem
938 1743 1056 1779 realem
1076 1767 1087 1784 ,
1114 1756 1183 1787 quae

294 1792 513 1829 estconditio
534 1795 569 1828 ἀ
593 1795 764 1838 proportio
790 1793 999 1828 essentialiter
1031 1794 1182 1835 requisita

295 1845 379 1878 inter
398 1844 524 1888 signum
544 1843 580 1877 &
600 1845 819 1888 fignificatum
843 1857 852 1888 3
879 1843 1025 1886 adeoque
1046 1843 1124 1878 dico
1148 1844 1181 1878 il-

296 1895 359 1928 lam
382 1906 497 1928 vocem
521 1917 531 1932 ,
558 1904 660 1927 nomen
684 1918 694 1934 ‚
720 1904 827 1936 neque
850 1892 1006 1937 primarie>
1026 1917 1037 1933 ‚
1077 1904 1183 1938 neque

296 1943 684 1988 fecundariosignificare
711 1944 846 1986 seipsam
868 1967 876 1974 .
903 1947 1008 1984 Neque
1032 1942 1083 1974 hoc
1109 1944 1187 1985 quid

295 2001 444 2028 mirtaaut
471 2001 541 2028 novt·
567 1994 623 2033 est:
651 2004 748 2033 nam,
777 1992 826 2026 uti
839 1991 1027 2027 fatebuntur
1045 2002 1182 2032 omnes,

295 2055 474 2088 conceptus
494 2056 562 2089 quo
582 2044 743 2101 concipio
765 2051 963 2085 conceptum
986 2042 1021 2075 in
1033 2053 1182 2076 commu·

297 2097 330 2128 ni
349 2121 360 2136 ‚
399 2094 562 2140 fignificat
593 2091 747 2136 primario
774 2101 925 2125 naturam
946 2101 1120 2134 conceptus
1146 2092 1181 2124 in

297 2143 470 2179 communi
490 2170 501 2186 ,
528 2156 566 2179 ac
590 2139 782 2176 secundario
798 2151 918 2175 omnes
945 2150 1124 2183 conceptus
1146 2139 1180 2173 in

299 2195 507 2238 particulari,
532 2203 670 2235 excepto
688 2201 798 2226 tamen
821 2191 946 2232 seipso,
972 2186 1051 2234 ergo
1071 2189 1184 2223 fimili-
1212 2200 1223 2206 ·

299 2255 346 2279 ter
369 2244 424 2278 illa
444 2254 534 2284 νοκ,
561 2254 663 2276 nomen
684 2266 695 2282 ,
720 2239 915 2285 significabit
937 2241 1051 2275 omnia
1075 2239 1180 2273 nomi·

299 2307 341 2329 na
366 2296 399 2328 in
425 2293 629 2336 particulari,
649 2302 785 2334 excepta
808 2299 917 2325 tamen
930 2290 1043 2334 seipsa.
1074 2289 1181 2323 Proba-

300 2355 349 2378 tur
375 2352 467 2378 antec.
493 2342 569 2386 quia
596 2352 776 2385 conceptus
801 2340 914 2375 omnia
934 2341 968 2375 &
990 2340 1056 2373 sola
1079 2339 1135 2374 illa
1148 2339 1182 2373 si-

300 2395 456 2439 gnificat,
486 2404 556 2436 quae
578 2392 726 2435 concipit
740 2416 751 2432 ‚
772 2392 862 2434 atqui
883 2400 1091 2434 conceptus‘,
1116 2400 1183 2431 quo

300 2445 455 2487 concipio
472 2454 670 2487 conceptum
691 2441 726 2475 in
747 2444 921 2477 communi
945 2464 955 2480 ,
983 2451 1049 2474 non
1069 2439 1185 2474 concl-

299 2496 349 2538 pit
373 2495 533 2537 seipsum,
559 2494 604 2527 est
628 2492 796 2537 quippein
819 2490 928 2529 schola
942 2489 1096 2524 moderna
1107 2501 1185 2534 qua-

300 2546 321 2578 fi
343 2545 572 2578 canonizatum
594 2567 605 2583 ,
632 2542 760 2576 nullum
787 2541 857 2576 dari
881 2541 969 2585 posse
990 2551 1185 2584 conceptum

300 2605 445 2629 creatum
471 2594 675 2632 naturalem,
702 2591 759 2635 qui
782 2592 819 2626 fit
829 2601 1006 2634 conceptus
1018 2590 1063 2625 sui
1079 2590 1184 2633 ipsius,

301 2643 381 2689 ergo
403 2655 507 2687 neque
525 2654 703 2691 conceptus
730 2641 786 2675 ille
810 2640 1005 2686 significabit
1028 2642 1188 2684 seipsum:

300 2695 334 2729 ὃ(
355 2694 398 2727 fic
421 2705 527 2737 neque
550 2705 617 2727 vox
643 2717 654 2733 ,
682 2704 787 2725 nomen
809 2717 819 2732 ,
847 2693 977 2735 seipsam
1005 2691 1186 2735 significare

302 2745 440 2789 poterit.
466 2748 542 2777 Dixi
562 2748 728 2785 conceptum
750 2744 918 2776 naturalem
934 2751 1083 2778 creatum:
1110 2741 1186 2785 quia

301 2795 342 2829 de
362 2793 572 2838 conceptibus
593 2792 911 2836 supernaturalibus,
939 2802 1058 2836 vengr.
1079 2790 1121 2826 de
1145 2791 1185 2823 vi·

301 2846 388 2878 sione
411 2844 560 2879 beatifica
579 2843 683 2887 aliqui
706 2841 980 2885 philosophantur-
1001 2842 1116 2881 aliter,
1142 2839 1187 2873 di·

302 2905 445 2938 cuntque
466 2894 555 2930 illam
566 2895 663 2929 etiam
673 2894 736 2927 esse
760 2892 914 2927 visionem
936 2892 1111 2935 suiipsius,
1135 2890 1186 2924 sed

302 2943 380 2984 huic
396 2946 532 2989 negotio
551 2956 616 2990 ego
641 2955 693 2978 me
710 2942 765 2977 hic
779 2954 846 2977 non
860 2943 1027 2978 immisceo
1039 2966 1047 2974 .

353 3005 383 3041 9.
412 2994 537 3033 Instabis
559 3007 566 3027 :
597 2993 664 3029 haec
687 3005 750 3028 vox
772 3016 782 3033 ,
808 3004 913 3026 nomen
930 3017 941 3033 ‚
971 2994 1006 3026 in
1034 2990 1185 3036 singulari

303 3056 372 3079 non
403 3044 618 3089 distinguitur
651 3045 776 3078 realiter
801 3043 819 3077 a
842 3054 955 3078 natura
980 3042 1128 3076 nominis
1152 3041 1185 3074 in

302 3095 496 3134 communi,
525 3095 613 3137 atqui
638 3093 812 3128 secundum
835 3104 916 3134 nos,
944 3103 1030 3132 vox,
1057 3102 1163 3124 nomen
1179 3115 1189 3131 ,

303 3145 336 3177 in
358 3144 511 3190 singulari
534 3145 579 3179 est
604 3145 755 3188 signum,
781 3154 894 3178 natura
906 3143 982 3177 vero
995 3140 1184 3176 nominisin

303 3194 473 3228 communi
499 3195 546 3228 est
571 3195 639 3238 ejus
662 3195 849 3237 primarium
872 3193 1112 3238 significatum,
1140 3201 1186 3225 er-

303 3242 350 3286 go
370 3244 495 3287 signum
519 3255 586 3278 non
608 3244 705 3278 debet
726 3245 887 3288 distingui
910 3244 928 3277 a
949 3245 1007 3277 suo
1027 3243 1183 3287 fignifica-

303 3302 364 3330 to,
390 3295 561 3335 nequidem
586 3294 759 3339 primario.
786 3295 934 3327 Probatur
945 3295 1017 3334 maj.
1030 3293 1105 3336 quia
1118 3302 1182 3329 vox

304 3341 372 3375 haec
385 3366 395 3382 ,
420 3354 520 3376 nomen
534 3369 544 3383 ,
562 3345 603 3379 ,in
628 3345 782 3389 singulari
806 3343 901 3379 habet
919 3346 950 3378 se
972 3344 1013 3378 ad
1033 3354 1181 3377 naturam

305 3390 451 3425 nominis
478 3394 510 3426 in
532 3397 723 3436 communi,
749 3396 831 3429 ficut
848 3394 1181 3438 quodcunquesmgu-

305 3440 370 3475 lare
391 3438 487 3474 habet
512 3443 542 3475 se
562 3442 598 3476 ad
613 3456 759 3478 naturam
772 3447 860 3479 suam
874 3444 1109 3482 universalem,
1138 3454 1182 3477 at-

304 3492 363 3543 qui
387 3501 499 3533 natura
520 3491 703 3530 universalis
728 3506 796 3530 non
819 3494 1034 3539 distinguitur
1054 3494 1182 3529 realiter

1184 157 1252 202 114

456 234 533 281 quia
579 245 654 274 cum
687 235 803 271 dicunt
837 236 1021 283 philosophi
1054 239 1183 284 fignum
1244 237 1262 271 ὲ
1284 237 1349 272 suis
1369 238 1548 273 individuis
1569 262 1579 278 ‚
1605 247 1642 272 ut
1663 237 1746 282 apud
1766 240 2132 286 omnesmetaphfiycoh

1304 157 1373 204 D
1385 173 1411 202 υ
1426 174 1463 204 Β.
1527 156 1603 205 11.

1245 299 1370 323 certum
1392 290 1464 330 est,
1489 299 1568 333 ergo
1589 288 1657 323 haec
1677 300 1743 323 vox
1763 300 1901 331 nomen,
1910 292 1948 325 in
1976 293 2132 338 singulari

1246 348 1314 374 non
1338 338 1448 374 differt
1466 340 1595 373 realiter
1616 339 1634 373 a
1657 349 1774 374 natura
1785 349 1930 374 nominis
1941 352 1974 375 m
1987 353 2133 379 commu-

1246 388 1281 421 ni
1295 412 1302 420 .
1331 386 1419 431 Resp.
1432 400 1506 434 teg.
1535 392 1607 430 maj,
1631 391 1666 424 <9
1685 389 1747 429 dist.
1760 395 1833 423 min.
1843 390 2030 432 probationis
2044 414 2064 426 .-
2079 394 2133 428 Se·

1245 437 1393 472 cundum
1411 438 1649 483 metaphyficos
1676 450 1791 474 natura
1817 441 2005 475 universalis
2025 442 2132 480 &sak

1246 486 1429 522 individuis
1455 499 1524 522 non
1548 489 1763 535 distinguitur
1785 491 1913 525 realiter
1934 490 2099 535 adaequate
2118 517 2133 534 ,

1245 536 1278 576 sic
1300 539 1438 571 concedo.
1470 538 1551 573 Nou
1573 538 1786 584 distinguitur
1803 542 1930 575 realiter
1954 542 2134 586 inadaequa-

1245 587 1302 627 te,
1326 587 1408 622 ficut
1426 597 1534 623 toturn
1556 590 1574 623 a
1595 591 1650 623 sua
1661 599 1768 632 parte,
1787 590 1827 632 fic
1837 602 1923 635 nego.
1958 590 2135 627 Universa-

1246 637 1276 671 le
1304 637 1395 671 enirn
1426 639 1567 680 respectu
1593 640 1722 673 suorum
1747 641 1942 675 inferiorum
1964 641 2134 685 quoddam

1246 696 1355 721 totum
1375 686 1440 728 est,
1467 688 1502 722 &
1525 690 1679 722 inferiora
1705 690 1776 725 sunt
1802 690 1869 733 ejus
1893 702 2018 734 partes:
2045 692 2135 726 'unde

1248 739 1330 771 inter
1363 738 1544 772 universale
1563 739 1597 772 ὅ(
1620 739 1775 774 inferiora
1806 739 1874 782 eius
1896 742 1941 775 est
1964 742 2134 777 distinctio

1248 788 1320 822 talis
1339 812 1350 828 ‚
1377 788 1482 831 qualis
1506 788 1550 821 est
1571 790 1657 823 inter
1678 799 1787 823 totum
1810 791 1976 834 &partese
2007 792 2133 826 seilicet

1247 838 1339 872 realis
1362 837 1588 882 inadaequata;
1615 851 1687 883 quae
1708 839 1870 875 sufficiens
1881 836 1927 876 est
1938 842 1978 877 ad
1991 842 2135 876 fundan-

1245 888 1320 922 dam
1344 889 1592 931 proportionem
1610 889 1692 935 signi
1715 890 1749 923 δε
1772 890 1962 934 fignificati',
1989 890 2133 948 quando·

1247 939 1379 982 quidem
1403 939 1566 973 sufficiens
1586 939 1627 973 sie
1653 940 1694 974 ad
1718 940 1922 976 fundandam
1945 943 2133 1009 proportio-

1249 999 1322 1023 nem
1345 989 1443 1025 causae
1462 990 1496 1023 &
1517 990 1671 1025 cauffati.

1300 1048 1352 1075 10.
1380 1038 1445 1074 Pro
1466 1050 1533 1081 quo
1552 1051 1594 1073 ex
1620 1039 1845 1085 Metaphysica
1858 1041 1909 1076 vel
1922 1040 2048 1088 Logica
2060 1045 2131 1086 sup-

1248 1088 1439 1132 ponendum
1461 1090 1526 1124 est:
1554 1101 1703 1127 naturam
1728 1092 1942 1126 universalem
1961 1093 2046 1127 nihil
2067 1095 2132 1128 effe

1246 1137 1360 1179 aliud,
1385 1149 1485 1183 quam
1503 1149 1719 1184 aggregatum
1730 1151 1890 1184 Somnium
1909 1142 2134 1177 suoruminfe-

1247 1188 1371 1222 riorum
1392 1212 1403 1227 ,
1431 1198 1590 1232 quatenns
1619 1200 1687 1224 uno
1709 1200 1873 1233 conceptu
1893 1191 2032 1226 confuso
2054 1215 2066 1233 ,
2094 1193 2134 1227 ¹&

1247 1237 1454 1281 inadaequato
1467 1261 1480 1278 ,
1505 1250 1544 1273 ac
1566 1239 1614 1272 uti
1640 1246 1784 1280 vocant,
1811 1239 2003 1276 abstractive
2021 1243 2135 1277 conci-

1248 1288 1399 1331 piuntur.
1427 1299 1492 1323 ver.
1516 1299 1563 1333 gr.
1589 1288 1714 1323 animal
1730 1290 1766 1323 in
1787 1291 1959 1326 communi
1977 1291 2062 1326 nihil
2084 1291 2132 1331 est

1246 1338 1335 1372 aliud
1349 1362 1360 1378 ,
1385 1348 1483 1381 quam
1503 1339 1616 1374 omnia
1630 1339 1781 1373 animalia
1792 1341 1887 1374 simul
1900 1342 2024 1384 sumpta
2035 1352 2134 1385 ,qua-

1246 1398 1340 1422 tenus
1364 1388 1566 1432 inadaequate
1583 1389 1817 1432 concipiuntur
1847 1390 1914 1424 [ine
1939 1391 2132 1426 differentiis

1250 1439 1313 1473 suis
1341 1438 1618 1481 specificantibus,
1645 1439 1998 1481 acindividuanribus,
2023 1441 2135 1475 secun-

1245 1487 1329 1523 dum
1343 1488 1431 1531 quod
1455 1489 1706 1523 conveniuntiu
1725 1490 1853 1525 ratione
1873 1491 2020 1525 sensandi
2034 1514 2046 1531 ,
2073 1490 2137 1526 lxo-¹

1248 1550 1303 1572 mo
1325 1538 1359 1572 in
1379 1540 1551 1573 communi
1578 1538 1662 1573 nihil
1684 1538 1730 1573 est
1750 1539 1860 1581 aliud,
1889 1552 1988 1585 quam
2013 1547 2133 1586 aggre-

1246 1600 1359 1645 gatum
1382 1588 1493 1628 Petri,
1520 1588 1634 1628 Pauli,
1660 1589 1819 1632 Ioannis,
1845 1590 2049 1632 aliorumque
2061 1601 2134 1625 om-

1248 1640 1339 1672 nium
1355 1639 1602 1673 individuorum
1615 1638 1835 1675 humanorum
1847 1664 1859 1680 ,
1885 1650 2044 1684 quatenus
2054 1651 2133 1675 con·

1245 1688 1411 1732 cipiuntur
1436 1688 1503 1722 fine
1531 1689 1593 1724 suis
1616 1689 1808 1725 differentiis
1828 1688 2132 1731 individuantibua,

1247 1738 1425 1773 secundum
1448 1739 1537 1782 quod
1558 1741 1764 1775 conveniunt
1793 1742 1828 1774 in
1856 1741 1985 1775 ratione
2008 1742 2134 1775 seusan-

1245 1788 1280 1822 di
1301 1789 1393 1822 simul
1416 1789 1450 1824 <Sc
1475 1789 1697 1824 ratiocinandi
1719 1803 1726 1824 ε
1755 1789 1890 1828 inferius
1915 1788 1991 1824 vero
2001 1800 2132 1824 tantum

1245 1839 1290 1872 est
1310 1839 1408 1873 unica
1427 1839 1519 1874 istius
1540 1838 1707 1884 aggregati
1725 1840 1939 1883 parndiffere
1947 1841 2027 1885 ergo
2039 1845 2133 1879 natu·

1245 1900 1281 1924 ra
1303 1891 1490 1924 communis
1508 1901 1527 1924 a
1550 1891 1613 1923 suis
1633 1889 1843 1925 inferioribus
1855 1891 1934 1927 ficut
1959 1889 2132 1926 differren-

1248 1938 1356 1972 mulus
1377 1937 1520 1981 lapidum
1544 1938 1562 1970 ὲ
1584 1939 1719 1983 singulis
1738 1941 1863 1975 cumuli
1885 1939 2070 1983 lapidibus,
2095 1936 2132 1975 Sc

1246 1980 1403 2022 differunt
1423 1986 1547 2030 singula
1569 1987 1724 2022 inferiora
1748 1999 1767 2021 a
1790 1997 1902 2023 natura
1914 1988 2133 2024 communi&

1247 2036 1445 2076 universali,
1471 2037 1551 2072 sicut
1573 2037 1691 2082 singuli
1712 2037 1835 2081 lapides
1853 2037 2008 2072 differunt
2028 2044 2044 2071 a
2057 2047 2132 2074 toto

1245 2087 1403 2127 cumulo‚·
1426 2086 1548 2119 scilicet
1568 2088 1697 2120 realiter
1718 2087 1937 2129 inadaequate;
1950 2088 2003 2122 sed
2026 2089 2068 2122 de
2079 2085 2134 2134 his

1247 2135 1338 2179 plura
1367 2134 1475 2168 dicam
1500 2134 1534 2167 in
1560 2145 1638 2169 meo
1660 2135 1968 2178 Anti-Porphyrio.

1301 2195 1354 2220 11·
1381 2182 1447 2218 Pro
1471 2183 1566 2227 plene
1589 2195 1627 2218 ac
1646 2183 1757 2218 exacte
1776 2186 1990 2230 intelligenda
2006 2185 2130 2228 defini?

1247 2234 1340 2268 tione
1362 2234 1445 2279 signi
1467 2232 1576 2272 adhuc
1589 2232 1653 2269 hoc
1663 2234 1812 2277 adverte,
1840 2236 1967 2280 signum
1978 2237 2041 2270 effe
2052 2248 2131 2270 con-

1246 2294 1370 2318 cretum
1393 2283 1559 2327 quoddam
1578 2282 1798 2325 accidentale,
1824 2286 1914 2319 sicuti
1934 2286 2007 2320 sunt
2019 2285 2132 2326 album,
2176 2323 2186 2325 ,

1246 2335 1349 2374 dulce,
1374 2333 1515 2374 dmum,
1542 2333 1604 2366 ἃς.
1631 2332 1725 2376 cujus
1746 2334 1962 2378 significatum
1975 2336 2131 2375 materiai·-

1247 2383 1278 2418 le
1297 2382 1363 2418 five
1382 2383 1503 2418 renum
1526 2383 1572 2417 est
1595 2394 1644 2418 res
1668 2383 1756 2423 illa,
1781 2395 1849 2429 quae
1874 2384 2063 2431 significat·
2055 2411 2065 2428 ‚
2093 2384 2132 2418 si-

1246 2434 1441 2479 gnificatum
1463 2429 1539 2469 ver&
1561 2432 1732 2478 obliquum
1755 2446 1793 2469 ac
1811 2436 1962 2469 formale
1968 2436 2012 2469 est
2034 2434 2131 2479 signi-

1248 2486 1362 2527 ficatio
1387 2483 1631 2531 aptitudinalis‚
1657 2485 1722 2518 sive
1744 2485 1888 2528 potentia
1909 2484 2127 2534 significandi,

1249 2545 1284 2569 ut
1304 2546 1346 2569 ex
1370 2535 1502 2570 decursu
1524 2533 1617 2577 hujus
1636 2534 1865 2578 disputationis
1887 2535 1969 2568 infra
1982 2533 2124 2578 patebit‘
2116 2559 2127 2576 ‚

1248 2594 1377 2629 oportet
1402 2585 1482 2630 ergo
1504 2584 1725 2628 philosophari
1744 2584 1783 2618 de
1804 2584 2000 2619 definitione
2022 2583 2101 2628 signi
2115 2607 2127 2624 ‚

1248 2636 1327 2670 ficut
1347 2634 1618 2678 philosophamur
1643 2635 1685 2669 de
1709 2633 1906 2669 definitione
1927 2633 2015 2674 albi,
2039 2634 2129 2668 firni-

1249 2686 1395 2728 liumque
1416 2695 1642 2719 concretorum
1661 2684 1912 2720 accidentalium
1927 2708 1934 2716 .
1960 2684 2075 2718 Primo
2084 2691 2130 2720 et-

1250 2735 1316 2780 go‘,
1341 2734 1422 2769 ficut
1447 2736 1481 2768 in
1502 2734 1700 2769 definitione
1725 2733 1806 2772 Albi
1834 2745 1901 2769 non
1924 2733 1969 2768 est
1991 2745 2130 2776 quaerere

1250 2796 1361 2819 verum
1380 2796 1484 2830 genus
1506 2786 1540 2819 &
1559 2784 1796 2824 differentiam,
1823 2784 1877 2819 sed
1904 2784 2008 2820 solum
2032 2783 2134 2819 subie-

1247 2836 1333 2869 aum
1360 2836 1473 2870 formae
1496 2834 1716 2878 principaliter
1733 2833 1874 2869 definitae
1891 2834 2031 2878 positum
2051 2835 2130 2869 loco

1249 2887 1378 2930 generis
1394 2909 1404 2925 ,
1431 2886 1509 2920 tales
1534 2885 1621 2925 enirn
1640 2884 1850 2919 definitiones
1877 2884 2130 2919 suntdefinitio·

1251 2947 1308 2970 nes
1332 2947 1385 2978 per
1405 2935 1688 2975 additamentum,
1715 2934 1759 2969 ita
1783 2945 1889 2978 neque
1912 2936 1946 2968 in
1965 2934 2132 2971 definitio-

1251 2997 1293 3020 ne
1316 2985 1408 3031 figni.
1433 2983 1584 3022 Secund&
1596 2984 1722 3019 ficutin
1734 2984 1930 3020 definitione
1942 2984 2041 3024 Albi,
2058 2996 2130 3025 quae

1248 3036 1293 3070 est
1317 3035 1385 3070 haec
1406 3048 1413 3068 ε
1441 3035 1541 3070 album
1567 3034 1604 3075 est
1629 3042 1732 3076 corpus
1760 3033 1996 3079 disgregativum
2024 3032 2128 3075 visus,

1249 3086 1466 3127 CORPOS,
1488 3086 1577 3130 quod
1600 3084 1645 3118 est
1669 3083 1844 3126 subjeetum
1873 3084 2033 3117 albedinis
2046 3084 2130 3126 prin-

1247 3137 1394 3179 cipaliter
1419 3137 1560 3171 definitae
1583 3159 1593 3174 ‚
1622 3134 1755 3177 ponitur
1781 3135 1858 3167 loco
1885 3135 2012 3177 generis
2037 3145 2047 3175 3
2084 3134 2127 3169 ita

1247 3187 1348 3221 etiam
1375 3188 1407 3220 in
1430 3186 1491 3221 hac
1513 3184 1710 3220 definitione
1731 3184 1811 3228 figni
1826 3198 1836 3217 .·
1855 3182 1971 3226 fignum
1987 3182 2034 3224 ⁸est
2058 3185 2094 3219 id
2119 3206 2129 3221 ,

1240 3237 1304 3279 five
1332 3237 1370 3277 est
1392 3249 1437 3269 res
1454 3238 1529 3275 illa,
1550 3247 1618 3278 quae
1627 3233 1988 3279 potentlae·cagnosc·itivae
2013 3234 2130 3275 aliquid

1245 3300 1266 3320 a
1287 3286 1321 3330 se
1346 3286 1515 3326 distinc‘lum
1534 3284 1729 3327 repraesentat
1749 3310 1760 3325 ,
1789 3295 1837 3318 res
1863 3284 1918 3328 illa
1928 3308 1951 3325 ,
1987 3294 2059 3326 quae
2084 3282 2129 3315 est

1245 3337 1428 3382 subjeetum
1446 3334 1694 3381 significationis
1721 3320 1959 3386 aptitudinalis
1971 3333 2131 3389 principa-

1242 3389 1318 3422 liter
1340 3366 1499 3426 definitaeo,
1526 3386 1656 3428 ponitur
1681 3385 1714 3418 in
1740 3378 1869 3419 locum
1875 3383 2020 3428 generis.
2047 3383 2130 3417 Ter·

1244 3439 1322 3472 ties
1303 3438 1399 3472 ficut
1392 3450 1425 3474 in
1435 3431 1628 3476 definitione
1640 3434 1704 3471 albi
1717 3433 2130 3478 distinguimusdefinitum

1239 3490 1369 3530 totale,
1382 3488 1412 3522 r&
1424 3487 1597 3528 definitum
1611 3485 1752 3529 partiale,
1764 3497 1800 3520 ac
1814 3483 1987 3519 definitum
2001 3482 2132 3571 pgrk'iale

2037 3544 2053 3565 u
2081 3548 2097 3555 -
