2384 3770
648 73 984 118 Sancrr

1069 68 1610 113 ΑυσυετιΝῐ.

2006 78 2063 123 17

257 167 382 209 Quippe
408 160 461 203 qui
486 159 523 191 de
550 154 647 190 tribus
675 163 870 197 autquatuor
896 149 1078 186 civitatibus
1113 157 1154 183 in·
1199 151 1409 198 (inducitur,
1436 152 1468 184 &
1491 152 1610 194 priori,
1633 160 1728 193 quam
1740 148 1897 193 expellit,
1918 149 2031 181 formae
2045 148 2094 180 es-

260 226 310 248 ινα
335 214 469 253 aliquam
491 211 684 250 provinciam
712 206 820 245 majori
846 203 880 235 Θ
902 206 996 234 matri
1024 201 1152 233 aliarum

259 268 420 297 civitatum
440 257 640 301 praefidebam
653 280 661 287 .
689 254 739 294 lsti
754 252 916 293 aliquando
933 251 1156 291 Metropolitani

263 314 383 347 tantiam
395 314 586 343 nominantur
611 331 622 347 ‚
634 303 794 345 aliquando
806 303 876 334 vero
901 299 1154 342 Archi-Epifiopi‚

252 362 284 406 fi
307 368 347 394 in
380 359 446 403 ipsa
467 361 625 401 provincia
648 356 774 394 majores
807 363 864 384 non
894 351 1014 392 fuerint
1045 351 1155 393 aliqui.

269 411 326 445 Ubi
353 420 452 444 autem
475 413 599 442 minores
626 409 767 436 civitates
793 401 959 434 habuerunt
981 399 1158 443 solummodo

265 463 427 495 Flamines
455 458 507 492 vel
531 453 660 488 Comites
682 477 692 493 ,
735 450 877 494 Episcopi
896 450 970 495 sunt
1006 449 1156 490 instincti.

263 513 357 545 Porro
398 508 525 542 Tribuni
560 503 659 547 plebis
701 513 759 535 non
791 500 921 544 absurde*
948 502 1156 543 intelliguntur

262 561 430 599 Presbyteri
457 581 467 596 ,
488 554 549 597 five
576 555 681 596 reliqui
707 551 862 593 inferiores
891 552 1007 583 ordinis
1036 552 1157 584 clerici.

261 617 323 647 His
349 607 482 641 omnibus
511 607 618 638 divino
644 605 678 637 cb·
705 601 833 634 humano
856 601 1019 644 privilegio
1042 601 1157 642 praela·

260 671 312 694 tur
339 658 377 698 est
405 655 555 697 Pontifex
583 659 761 687 Romanus.
789 652 851 684 sed
877 652 914 683 de
944 650 1056 692 Africae
1086 653 1158 685 Pri-

263 709 396 742 mutibus
422 708 511 740 aliter
538 704 767 746 intelligendum
794 700 852 742 est,
879 707 948 743 quia
975 706 1007 733 in
1029 699 1156 744 fingulis

262 762 331 801 ejus
353 762 522 800 provinciIs
541 759 716 796 antiquitus
734 755 886 784 Primates
914 750 1158 789 instituebantur,

267 821 328 843 non
355 806 524 850 secundam
548 810 717 846 potentiam
743 802 871 842 alicujus
898 804 1034 835 civitatis
1054 822 1064 839 ,
1102 797 1159 842 sed

260 858 428 903 secundam
454 864 571 897 tempus
595 852 658 897 suae
685 853 907 891 ordinationis,
935 850 1040 892 quibus
1056 859 1157 882 tamen

265 907 406 942 omnibus
431 915 568 948 praeerat
594 915 671 937 unus
685 927 695 942 ‚
719 900 827 945 scilicet
842 898 1087 943 Cartbaginenfis
1103 903 1154 930 Ar-

265 956 492 1000 chi-Episcopus
518 979 528 995 ,
558 959 609 996 qui
630 957 722 987 etiam
751 963 808 984 non
835 952 992 993 incongrue*
1021 950 1084 981 dici
1107 957 1155 989 po-

266 1008 321 1048 vest
349 1006 593 1048 Metropolitanus
610 1029 620 1045 ,
646 1010 775 1045 propter
800 1000 1022 1044 Carthaginem
1050 1002 1157 1031 Metro·

260 1060 359 1100 polim
386 1063 474 1090 totius
504 1054 631 1097 Afrlcae.
660 1056 710 1085 Ita
736 1053 841 1095 legitur
868 1057 900 1084 in
927 1049 1058 1083 Concilio
1084 1052 1158 1081 Car-

265 1106 439 1153 :baginenfi
450 1132 457 1139 .
487 1109 603 1139 Primae
632 1105 719 1137 Sedis
748 1101 915 1145 Episcopus
942 1111 999 1133 non
1027 1099 1159 1141 appelle-

269 1168 319 1192 tur
341 1164 482 1199 princeps
511 1156 723 1191 sacerdotum,
752 1161 805 1184 aut
828 1150 962 1194 summus
992 1151 1131 1183 Sacerdos
1152 1173 1162 1188 ,

270 1217 327 1240 aue
352 1207 470 1248 aliquid
495 1203 678 1246 hujusmodi,
703 1200 759 1244 sed
789 1202 910 1234 tantam
933 1207 1047 1242 primae
1073 1200 1160 1232 sedis

270 1254 439 1299 Episcopus
458 1278 466 1285 .
493 1253 599 1287 Sansti
625 1253 735 1294 itaque
762 1252 976 1285 Ecclefiarum
1004 1250 1113 1283 Patres
1124 1261 1160 1282 ac

266 1305 480 1340 fundatores
505 1301 656 1345 Apostoli
682 1296 896 1333 Ecclesiarum
923 1311 960 1333 ac
989 1300 1162 1343 Episcopa-

262 1355 354 1389 'lium
385 1351 626 1389 cathedrarum
640 1350 839 1393 dignitatem
851 1359 948 1394 atque
973 1349 1161 1391 amplitudi-

267 1406 385 1439 ninem
406 1402 495 1448 quali
509 1402 549 1436 ad
574 1401 723 1436 amuffim
745 1399 1160 1443 proportionaruntdigni·

270 1456 336 1490 tati
363 1466 400 1487 ac
423 1452 590 1497 splendori
615 1452 675 1484 suae
700 1450 869 1484 civitatis.
900 1449 994 1482 Hinc
1010 1450 1110 1491 prima
1124 1460 1161 1481 ac

271 1504 426 1539 omnium
450 1503 597 1546 princeps
615 1499 714 1535 Sedes
735 1501 839 1533 ere-sta
863 1500 907 1532 est
934 1500 1051 1533 Romae
1072 1524 1083 1539 ‚
1120 1500 1164 1532 se—

272 1554 383 1589 cunda
411 1552 648 1594 Alexandriae,
684 1552 778 1584 tertia
814 1549 1032 1584 Antiochiae:
1071 1548 1162 1597 Qia

271 1614 396 1647 nempe
421 1603 531 1636 Roma
550 1612 617 1635 erat
644 1612 741 1645 caput
775 1600 891 1633 mundi
914 1625 925 1640 ‚
963 1599 1162 1633 Alexandria

276 1664 348 1688 erat
383 1653 569 1687 Praefectura
591 1650 786 1696 Augustalis
816 1660 873 1683 aut
919 1651 1032 1693 potius
1075 1648 1164 1682 istius

272 1703 472 1739 Praefeaurae
493 1711 592 1746 caput
611 1726 622 1742 ,
663 1700 848 1735 Antiochia
870 1710 968 1742 caput
998 1698 1163 1733 Praefestu-

273 1765 315 1787 rae
337 1753 485 1787 secundae
509 1777 516 1784 .
555 1752 650 1786 Hinc
674 1750 851 1784 Paiaestinae
869 1749 1162 1794 Archi-Episcopa-

271 1815 346 1837 rum
368 1828 378 1844 ‚
415 1815 482 1836 non
502 1802 743 1845 Hierosolyma
763 1824 773 1840 ,
810 1800 867 1834 sed
906 1799 1072 1834 maritima
1097 1800 1163 1833 Cae·

271 1856 357 1887 sarea
381 1853 527 1896 accepit:
554 1852 645 1902 Qia
669 1851 786 1895 nempe
806 1861 844 1883 ea
871 1861 940 1884 erat
966 1850 1063 1883 Sedes
1084 1849 1162 1883 Prae-

273 1902 350 1937 fidis
374 1903 542 1937 Rotnani.
571 1903 665 1935 Hinc
687 1912 770 1935 natae
793 1901 868 1933 sunt
894 1911 1011 1934 omnes
1040 1900 1104 1932 istae
1116 1901 1151 1933 so

273 1954 399 1985 lemnes
417 1963 454 1986 ac
477 1951 744 1985 ambitiosiffimae
766 1950 839 1982 lites
861 1961 921 1992 pro
949 1949 1093 1981 secundo
1118 1949 1165 1981 lo-

275 2011 320 2033 co
332 2000 484 2042 Episcopi
498 1997 867 2040 Constantinopolitani
882 1998 977 2029 .l-1ae
991 2020 1002 2035 ,
1016 1997 1164 2039 inquam,

274 2050 318 2082 de
341 2049 467 2087 caussa,
495 2046 552 2079 ubi
579 2047 783 2087 Byzantium
821 2047 854 2077 in
881 2045 1164 2086 Constantinopo-

273 2097 336 2130 lim
357 2107 395 2130 ac
419 2106 539 2129 novam
554 2095 700 2128 Romam
719 2091 901 2126 exaltatum
919 2091 963 2125 est
977 2115 987 2130 ,
1010 2093 1164 2125 adversus

271 2147 418 2180 :santium
440 2144 640 2178 Pontificem
668 2142 849 2176 Damasum
874 2141 1088 2175 recalcitravit
1102 2143 1161 2184 Sy·

271 2196 381 2231 nodus
417 2194 577 2241 generalis
609 2192 716 2236 prima
752 2191 1161 2234 Constantinopolitana;

271 2246 424 2280 adversus
450 2246 595 2279 sanetum
621 2243 768 2277 Leonem
794 2253 862 2275 non
889 2242 975 2275 solus
1000 2241 1162 2275 Constan-

266 2295 430 2338 tinopolis
452 2294 633 2338 Episcopus
658 2291 862 2326 Anatholius
889 2301 944 2325 aut
972 2291 1162 2325 Marcianus

271 2345 446 2388 Augustus
467 2366 478 2382 ‚
508 2342 562 2377 sed
590 2342 689 2376 etiarn
717 2343 827 2375 omnis
852 2341 1006 2383 synodus
1028 2342 1161 2376 Chalce-

269 2393 445 2434 donenfis;
475 2392 624 2426 adversus
649 2392 773 2425 faustos
796 2390 979 2424 Pontifices
990 2390 1158 2435 Hilarum;

267 2442 480 2486 Simplicium
502 2452 540 2475 ac
560 2440 702 2475 Felicem
728 2441 799 2475 Leo
824 2440 994 2485 Augustus
1020 2453 1056 2475 ac
1073 2443 1160 2486 Epis-

267 2504 378 2537 copus
401 2492 567 2531 Acacius,
594 2490 679 2525 adeo
704 2501 741 2523 ut
765 2490 819 2524 hic
846 2501 913 2524 non
937 2490 1160 2527 erubueritlo·

267 2554 350 2577 curn
372 2543 467 2576 istum
490 2541 678 2575 mendicare
708 2541 749 2574 ab
772 2540 962 2584 impiissimo
992 2540 1158 2585 Tyranno

269 2593 427 2628 Basilisco
449 2617 456 2624 .
496 2592 633 2626 Etenim
654 2590 730 2635 quia
758 2590 821 2634 jam
844 2591 1158 2636 Constantinopolis

267 2643 445 2677 obtinebat
472 2640 648 2676 secundum
674 2640 788 2674 locum
814 2641 847 2674 in
872 2640 1015 2684 Imperio
1038 2642 1158 2677 Roma—

273 2704 349 2732 no,
375 2691 549 2726 credebant
574 2691 625 2725 issi
647 2690 823 2725 secundum
842 2691 877 2724 in
902 2690 1042 2726 Ecclesia
1063 2692 1155 2727 Chri·

269 2742 380 2776 stiana
401 2742 511 2774 locum
537 2740 647 2774 deberi
662 2741 825 2784 Episcopo
848 2741 1158 2787 Constantinopoli-

273 2802 375 2827 tano.
404 2791 710 2835 anue'sanciorum
724 2789 960 2834 Apostolorum
987 2794 1158 2836 providen-

273 2843 326 2878 tia
351 2843 413 2876 fuit
434 2841 613 2875 admodum
633 2851 779 2884 congrua
806 2865 817 2879 ,
852 2850 949 2884 atque
977 2843 1041 2877 illis
1069 2843 1155 2878 haud

281 2891 383 2926 dubie
403 2890 563 2924 divinitus
577 2890 748 2934 inspirata.
778 2891 908 2923 Etenim
920 2891 1041 2926 Divina
1055 2895 1157 2937 provi·

276 2943 391 2976 dentia
413 2942 614 2975 sacrosancto
636 2940 746 2973 dilecti
769 2941 848 2973 Filii
871 2939 922 2974 sui
954 2942 1096 2977 Domini
1119 2957 1156 2978 ac

275 2992 346 3026 Dei
366 2990 467 3024 nostri
506 2991 576 3034 Jesu
609 2988 733 3024 Christi
758 2990 941 3034 Evangelio
963 2992 1155 3029 Romanum

272 3042 453 3085 imperium
479 3051 646 3082 tamquam
671 3050 779 3084 aptam
802 3042 972 3075 materiam
1006 3055 1156 3087 praepara.

270 3101 345 3132 rat,
373 3091 407 3125 in
433 3102 526 3132 quo,
552 3090 692 3134 expulfis
720 3091 815 3124 idolis
849 3102 1027 3135 eorumque
1062 3097 1154 3129 sacri-

275 3142 362 3187 legis
385 3141 616 3175 Sacerdotibus
638 3140 671 3173 &
691 3142 786 3174 sacris
809 3165 820 3181 ,
846 3142 944 3182 usque
965 3141 1004 3176 ad
1028 3146 1154 3180 noviffi.

270 3203 367 3227 mum
396 3191 539 3233 eiusdem
563 3191 703 3223 Domini
731 3190 801 3233 Jesu
832 3189 1006 3226 adventum
1027 3219 1038 3234 ‚
1073 3205 1152 3228 tam-

272 3252 373 3285 quam
394 3251 468 3284 apta
490 3242 650 3274 Romana:
665 3240 866 3283 Reipublicae
886 3242 989 3276 forma
1003 3244 1151 3290 (etenim

271 3293 341 3325 {ine
359 3302 429 3324 vera
454 3292 488 3324 in
510 3292 617 3334 Jesum
639 3290 812 3324 Christum
837 3291 900 3324 fide
922 3292 1010 3327 nulla
1026 3295 1072 3328 est
1097 3307 1152 3330 aut

273 3343 337 3375 esse
361 3341 463 3384 potest
487 3352 559 3374 vera
582 3341 761 3384 respublica
785 3341 797 3382 )
826 3342 1036 3383 perseveraret
1058 3368 1068 3377 .
1105 3347 1152 3379 At

272 3391 353 3426 vero
378 3402 462 3424 nova
488 3390 592 3424 forma
615 3391 708 3424 deber
730 3390 764 3424 &
788 3391 928 3426 materiae
947 3416 959 3434 ,
995 3394 1029 3428 in
1054 3407 1150 3440 quam

351 3443 378 3473 C
382 3440 459 3481 brist.
474 3445 554 3484 Lupi
565 3446 661 3483 Opera
674 3444 753 3475 Tom.
765 3443 799 3474 X
803 3445 843 3477 11.

1221 200 1249 233 se
1269 202 1516 244 proportionata
1540 225 1546 231 .
1588 200 1680 233 Hinc
1701 212 1778 244 ergo
1804 198 1898 241 plene
1919 198 2100 231 convenie-

1222 251 1274 283 bat
1290 274 1299 290 ‚
1326 262 1362 284 ut
1385 252 1418 283 in
1437 249 1639 292 majoribus,
1663 248 1720 281 ubi
1747 248 1899 282 hadienus
1919 247 2040 290 majora
2054 248 2101 279 sa-

1221 300 1353 345 crilegia
1371 300 1500 334 fuerant
1515 325 1525 340 ,
1554 299 1744 332 civitatibus
1756 299 1891 339 majores
1912 302 2044 341 quoque
2058 295 2096 328 E·

1223 351 1349 393 piscopi
1371 363 1408 384 ac
1434 350 1652 395 splendidiora
1678 348 1794 381 divina:
1813 347 1893 390 legis
1917 350 1999 381 sacra
2021 357 2101 380 eon-

1222 400 1430 434 ssiruerentur
1451 426 1459 434 .
1500 398 1731 433 Nihilominus
1751 396 1815 429 haec
1839 398 1962 438 optima
1989 396 2101 440 regula

1223 459 1346 493 recepta
1378 462 1445 484 non
1472 451 1533 484 suit
1557 449 1596 482 ab
1619 448 1706 480 Afris
1733 471 1738 478 .
1780 446 1878 488 Apud
1900 446 1985 488 ipsos
2010 446 2102 479 enirn

1226 501 1326 542 prima
1349 500 1504 543 cujusque
1518 500 1714 543 provinciae,
1738 495 2032 538 Carthaginensem
2044 506 2102 528 ex·

1223 551 1314 593 cipe,
1345 551 1549 593 Episcopalis
1573 550 1669 583 Sedes
1693 571 1702 587 ,
1731 557 1798 579 non
1822 545 1855 577 in
1883 543 2026 586 digniori
2055 543 2104 577 ci-

1226 601 1324 634 vitate
1351 611 1419 634 erat
1447 600 1512 633 fixa
1540 598 1780 636 immobiliter,
1807 595 1859 627 sed
1884 593 2101 627 mobiliterde

1223 651 1358 684 civitate
1380 651 1420 683 ad
1442 647 1794 685 civitatemtransibat,
1822 644 1973 676 videlicet
1996 642 2037 675 ad
2061 645 2104 676 se·

1226 702 1349 735 niorem
1372 700 1593 743 Episcopum,
1615 700 1689 732 licet
1714 696 1893 740 Episcopus
1914 695 1990 727 esset
2004 692 2103 734 abjec-

1225 751 1348 784 tiffimae
1369 750 1541 784 Civitatis.
1570 751 1664 783 Patet
1687 748 1720 781 id
1745 757 1784 779 ex
1799 746 1894 779 variis
1917 743 1999 777 locis
2021 743 2105 775 San-
2125 755 2228 798 Epist·

1224 803 1261 833 c‘ii
1288 801 1488 845 Augustini.
1519 801 1651 834 Etenim
1673 807 1821 840 tempore
1844 792 2105 828 ventilataeinter
2127 811 2202 843 162-

1224 851 1440 884 Caecilianum
1462 862 1499 884 ac
1511 850 1715 893 Majorinum
1731 857 1854 891 magnae
1877 844 1987 882 istius,
2015 842 2106 885 &qm

1224 912 1324 934 omne
1348 901 1511 935 Africanae
1546 900 1696 934 Ecclefiae
1722 899 1846 931 malum
1877 895 1976 928 traxit
2008 892 2109 936 origi-

1226 962 1324 988 nem,
1351 951 1540 991 quaestionis
1563 975 1574 991 ‚
1613 947 1778 983 Numidiae
1804 946 1932 980 Primas
1959 954 2028 978 erat
2055 947 2108 976 Se-

1223 999 1348 1033 cundus
1371 1001 1551 1043 Episcopus
1572 1001 1810 1044 Tiligitanus3
1849 1007 1883 1029 at
1917 994 1994 1027 vero
2027 993 2107 1026 dum

1226 1050 1432 1094 Augustinus
1453 1051 1485 1081 in
1513 1050 1713 1092 Episcopum
1732 1049 1960 1084 ordinaretur,
1988 1043 2108 1076 Numi·
2181 1080 2189 1087 ·

1224 1102 1283 1133 diae
1308 1100 1433 1133 Primas
1457 1110 1525 1132 erat
1549 1100 1716 1143 Megalius
1741 1099 1923 1140 Episcopus
1936 1095 2109 1127 Calamen·
2125 1079 2230 1123 EP¹st‘

1224 1151 1283 1190 fis,
1311 1161 1350 1183 ex
1375 1150 1547 1184 intervallo
1571 1161 1678 1183 autem
1699 1147 1761 1182 fuit
1786 1147 1949 1189 sylvanus
1975 1143 2107 1186 Episco-
2127 1141 2179 1178 92·
2207 1140 2262 1177 93·

1225 1192 1282 1244 pus
1294 1200 1512 1239 Perdicenfis,
1534 1198 1609 1233 dein
1631 1199 1818 1241 Xantippus
1842 1196 2027 1239 Episcopus
2039 1192 2109 1225 Ta·
2130 1188 2207 1222 152.

1225 1250 1377 1294 gastenfis
1396 1275 1407 1291 ‚
1435 1262 1473 1284 ac
1498 1260 1576 1283 ante
1599 1247 1688 1283 hunc
1710 1250 1822 1281 nescio
1843 1248 1935 1288 cujus
1956 1244 2108 1277 Eccleiiae
2127 1226 2205 1274 235·

1228 1301 1410 1343 Episcopus
1441 1302 1545 1335 Senex
1578 1299 1781 1334 Valentinus
1800 1323 1811 1338 ‚
1850 1297 1942 1339 cujus
1978 1295 2106 1328 exstant
2126 1289 2208 1325 2¹7·

1229 1350 1339 1383 littera:
1362 1352 1401 1384 ad
1427 1351 1552 1384 sanstos
1572 1350 1677 1394 Papas
1701 1347 1912 1382 Bonifacium
1936 1358 1973 1380 ac
1998 1343 2108 1378 Caeles·

1228 1401 1357 1439 tinum,
1383 1411 1565 1443 eorumque
1587 1402 1628 1434 ad
1652 1400 1756 1443 ipsum
1783 1423 1790 1430 .
1818 1399 1886 1432 Hic
1908 1395 2110 1439 compilator

1228 1452 1415 1484 sermonum
1437 1451 1477 1485 ad
1500 1451 1626 1487 Fratres
1648 1452 1681 1484 in
1708 1449 1827 1482 Eremo
1853 1448 1998 1481 nimium
2021 1444 2109 1478 stoli-

1227 1497 1266 1535 ’ἀὲ
1278 1502 1365 1534 suam
1379 1502 1487 1544 prodit
1500 1500 1696 1544 imperitiam
1707 1510 1745 1533 ac
1758 1499 1970 1542 imposturam
1983 1522 1990 1529 .
2004 1497 2110 1529 Hune
2129 1491 2184 1530 35·

1229 1562 1373 1594 namque
1390 1551 1629 1591 Valentinum,
1659 1561 1756 1595 quem
1778 1560 1820 1583 eo
1844 1559 2012 1592 tempore,
2044 1557 2110 1589 quo

1228 1601 1383 1635 Aurelius
1408 1600 1539 1635 sedebat
1564 1600 1870 1643 Archi-Episcopus
1889 1597 2112 1641 Carthagine,
2184 1637 2190 1642 .

1226 1650 1311 1685 clare
1333 1652 1463 1686 constat
1479 1651 1572 1686 fuiffe
1596 1652 1766 1685 Numidiae
1789 1649 1966 1684 Primatem
1986 1671 1997 1687 ‚
2034 1644 2111 1682 facit
2131 1635 2230 1676 Eplst·

1228 1699 1545 1745 Archi-Episcopum
1573 1701 1870 1746 Carthaginensem
1897 1723 1904 1731 .
1934 1701 2042 1743 Atque
2066 1696 2113 1731 ibi
2131 1695 2208 1737 2¹7·

1226 1752 1270 1785 est
1295 1750 1394 1786 cardo
1418 1753 1574 1786 solemnis
1595 1753 1684 1786 istius
1707 1753 1793 1786 inter
1818 1752 2028 1785 Vistorinum
2059 1760 2113 1781 ne-

1227 1802 1293 1835 scio
1315 1803 1408 1846 cujus
1430 1804 1522 1837 Sedis
1547 1803 1746 1846 Episcopum
1772 1814 1809 1836 ac
1834 1801 2042 1843 Xantippum
2070 1800 2111 1832 E-

1228 1852 1399 1895 piscopum
1424 1852 1660 1897 Tagastensem
1675 1852 1899 1887 controverfiae
1913 1861 1971 1894 pro
1990 1851 2111 1884 Numi-

1226 1902 1286 1934 diae
1312 1902 1480 1943 Primatu·,
1503 1914 1639 1945 uterque
1660 1904 1748 1935 enim
1770 1899 1924 1934 asserebat
1947 1902 1977 1934 se
2000 1902 2033 1934 in
2071 1901 2110 1934 E·
2129 1893 2167 1927 C·
2184 1902 2235 1940 13·

1229 1947 1383 1991 piTcopali
1409 1952 1572 1993 dignitate
1602 1952 1665 1984 esse
1696 1951 1854 1984 seniorem
1876 1977 1883 1984 .
1926 1951 2037 1995 anue
2065 1953 2110 1985 est

1227 2000 1329 2032 caussa
1345 2023 1354 2037 ,
1382 2011 1438 2031 cur
1460 2001 1491 2031 in
1517 2000 1720 2034 Milevitano
1739 2001 1915 2043 Concilio,
1939 2002 2111 2036 adinstan-

1227 2048 1303 2078 tiam
1327 2046 1492 2080 palentini
1519 2048 1668 2091 Episcopi
1694 2052 1779 2084 inter
1811 2052 1845 2085 se
1875 2056 1999 2087 servent
2023 2054 2110 2087 ordi·

1227 2106 1300 2127 nem
1323 2098 1424 2128 aetatis
1447 2096 1673 2139 Episcopalis,
1701 2109 1808 2142 neque
1832 2104 1903 2143 quis
1925 2103 2037 2146 junior
2058 2115 2111 2137 au.

1226 2146 1301 2178 deat
1330 2145 1360 2178 se
1382 2145 1535 2189 cuiquam
1563 2148 1683 2180 seniori
1707 2160 1892 2192 praeponere
1912 2164 1966 2186 aut
1983 2156 2103 2186 anteil-
2130 2157 2231 2203 Epist·

1226 2194 1293 2228 lum
1321 2194 1447 2228 sedere.
1476 2195 1619 2240 Hucque
1644 2199 1781 2241 respexit
1805 2200 1939 2235 Sanstus
1954 2203 2110 2248 Augusti·
2128 2185 2231 2257 217:

1228 2257 1310 2283 ους,
1336 2246 1415 2279 dum
1439 2247 1473 2280 in
1501 2247 1618 2281 litteris
1637 2248 1676 2282 ad
1702 2249 1875 2291 Synodum
1903 2254 2057 2286 traetorijs
2079 2255 2110 2288 se

1224 2294 1241 2327 ὲ
1269 2295 1443 2329 νίξῖοτίηο
1458 2296 1622 2340 Episcopo
1645 2299 1756 2342 legens
1778 2303 1978 2344 praepositum
1996 2304 2109 2337 multis

1227 2345 1394 2388 Episcopis
1413 2347 1442 2378 fi:
1461 2347 1662 2389 senioribus,
1690 2351 1734 2382 est
1754 2361 1820 2383 tam
1846 2353 1929 2386 serio
1955 2355 2109 2397 indigna-

1225 2406 1303 2428 tus.
1342 2395 1417 2429 Hac
1450 2397 1591 2441 denique
1618 2399 1659 2432 de
1680 2401 1785 2433 caussa
1809 2402 1842 2433 in
1869 2405 2106 2438 communibus

1225 2445 1340 2479 litteris
1363 2446 1485 2489 semper
1511 2451 1709 2490 praeponitur
1731 2449 1924 2495 Augustino
1948 2454 2103 2497 Alipius:

1224 2495 1313 2543 Qia
1334 2507 1450 2540 nempe
1479 2498 1609 2541 Alipius
1637 2511 1704 2533 erat
1728 2501 1845 2534 Senior
1868 2506 1902 2536 in
1929 2504 2106 2547 Episcopa-

1223 2556 1280 2578 tu.
1310 2547 1351 2579 Et
1376 2547 1434 2580 iste
1452 2549 1569 2581 Senior
1592 2550 1773 2593 Episcopus
1799 2552 1893 2586 variis
1918 2554 2104 2588 intitulaba-

1224 2607 1275 2628 tur
1294 2597 1500 2631 nominibus.
1531 2599 1668 2640 Primo,
1687 2602 1869 2636 vocabatur
1891 2606 1986 2637 senex
2012 2630 2019 2636 .
2049 2605 2102 2638 Sic

1222 2647 1310 2679 enim
1333 2648 1496 2690 Sylvanus
1521 2660 1616 2683 vocat
1642 2651 1781 2694 seipsum
1806 2677 1816 2692 ,
1847 2665 1943 2697 atque
1968 2656 2011 2689 ita
2048 2666 2102 2688 vo.
2122 2640 2226 2683 Epist·-

1222 2707 1315 2729 catur
1339 2697 1356 2729 ὲ
1377 2699 1484 2732 sancto
1498 2698 1696 2734 Innocentio
1720 2702 1806 2745 Papa
1830 2703 1941 2738 Primo
1956 2728 1967 2744 ‚
1992 2705 2100 2738 istum·
2121 2700 2174 2734 92-
2197 2702 2253 2739 93·

2127 1427 2227 1468 Ser'm.
2273 1462 2276 1467 .

1211 2758 1285 2789 que
1304 2745 1509 2791 Xantippum
1523 2774 1532 2789 ‚
1557 2751 1768 2793 quiadversus
1782 2752 1989 2789 Vistorinurn
2011 2757 2098 2788 caus·
2123 2749 2205 2785 ¹5²·

1222 2798 1285 2829 sam
1311 2799 1400 2831 sua'm
1427 2799 1604 2834 obtinuisse
1628 2801 1775 2842 videtur,
1796 2804 1836 2837 fic
1858 2806 2000 2847 appellat
2025 2807 2100 2838 San·
2123 2790 2205 2837 236-

1221 2848 1289 2880 Cius
1307 2847 1513 2892 'Augustinus
1535 2876 1541 2883 .
1567 2852 1700 2886 Deinde
1723 2878 1733 2893 ‚
1759 2855 1934 2887 vocabatur
1960 2857 2099 2887 Primas.
2173 2891 2179 2897 ,

1221 2897 1273 2931 Sic
1293 2909 1369 2931 eum
1397 2910 1491 2933 vocat
1516 2901 1722 2945 Augustinus
1743 2904 1776 2937 in
1800 2905 1945 2947 Epistola
1971 2906 2011 2938 ad
2032 2906 2098 2939 san·
2120 2890 2222 2933 EP¹st·

1220 2948 1305 2980 {lum
1334 2949 1535 2992 Episcopum
1562 2952 1777 2987 Profuturum
1804 2978 1814 2993 ,
1837 2955 1870 2987 in
1898 2955 2040 2997 Epistola
2060 2950 2129 2988 ad¹
2169 2952 2200 2986 7·

1222 2998 1419 3040 Episcopum
1446 3000 1653 3034 Vistorinum
1669 3027 1678 3042 ‚
1699 3015 1738 3036 ac
1761 3005 1795 3037 in
1819 3005 1963 3047 Epistola
1976 3007 2014 3038 ad
2032 3006 2101 3038 san'-
2117 3000 2198 3037 217·

1218 3049 1305 3081 Cium
1330 3047 1528 3083 Pontificem
1551 3052 1783 3087 Caelessinum.
1808 3055 1919 3098 Atque
1943 3057 1985 3088 ita
1999 3055 2097 3089 etiam
2114 3040 2195 3075 ²61·

1218 3098 1328 3139 passim
1353 3110 1489 3133 vocatur
1509 3102 1540 3133 in
1574 3101 1738 3136 Conciliis
1761 3104 2096 3149 Carthaginensibus.

1219 3147 1341 3181 Tertio
1368 3150 1548 3183 vocabatur
1573 3154 1684 3186 Primae
1707 3155 1791 3187 Sedis
1816 3154 1979 3197 Episcopus
1999 3179 2006 3187 .
2046 3154 2096 3189 Ita

1214 3197 1278 3239 jam
1301 3198 1487 3232 audivimus
1511 3211 1529 3232 a
1550 3201 1657 3235 sansto
1682 3203 1795 3237 Leone
1815 3204 1900 3246 Papa
1923 3216 2014 3239 nono
2029 3206 2095 3244 ‚ci-

1214 3258 1303 3281 tante
1323 3259 1485 3283 canonem
1511 3250 1659 3285 Concilii
1683 3253 1951 3297 Carthaginenfis
1972 3267 1978 3286 :
2015 3255 2094 3289 Uti-

1214 3308 1277 3339 que
1299 3299 1532 3333 conciliitertii
1555 3311 1718 3336 canonem
1745 3303 1934 3347 vigesimum
1955 3306 2091 3339 sextum.
2111 3314 2212 3358 Epist

1213 3347 1343 3392 Qarto
1365 3348 1544 3383 vocabatur
1569 3354 1673 3383 Prior:
1696 3351 1749 3386 Sic
1774 3364 1867 3388 vocat
1883 3353 2091 3399 Augustinus
2111 3373 2190 3412 2¹7·

1213 3397 1246 3431 in
1275 3396 1420 3441 Epistola
1438 3400 1479 3434 ad
1505 3399 1706 3444 Episcopum
1720 3402 1949 3440 Victorinum.
1973 3405 2092 3450 ‘Qun-

1575 3449 1677 3499 ΒΞ
2012 3454 2050 3487 to
