2384 3770
323 181 490 251 Qun
527 181 628 227 Sir
662 180 815 227 Sicu.
851 179 1050 227 Apus.
1084 177 1354 235 &Quoia
1397 177 1560 223 Disr.
1596 177 1623 226 ὲ,
1657 146 1874 229 SioNo.
1948 196 2016 244 97

255 263 458 299 cesfdefestu
480 245 710 309 intelligentiae
735 262 951 301 inhomine,
976 261 1031 296 cui
1055 272 1124 305 pro-

254 314 404 348 feruntur
415 338 427 355 ‚
454 327 522 350 non
545 314 694 349 desinunt
706 312 771 347 dici
783 312 1001 356 significativa
1012 334 1023 350 ,
1049 323 1079 345 v.
1093 323 1126 356 g.

253 363 389 398 candela
401 388 412 404 ,
437 364 478 399 eo
494 363 590 406 quod
601 364 779 406 applicetur
792 362 903 405 parieti
916 373 1023 405 opaco
1033 386 1044 402 ,
1069 373 1125 395 ant

254 422 322 446 vox
345 414 467 454 latina,
492 414 534 452 eo
552 414 641 458 quod
662 410 992 455 proferatur,homini
1005 411 1124 446 rustico

254 462 290 495 ἀ
313 461 447 498 barbaro
458 487 470 504 ‚
487 468 563 498 *non
582 461 734 496 desinunt
745 460 810 495 dici
826 461 1042 496 illuminativa
1054 485 1065 501 ,
1092 462 1124 497 &

254 513 624 556 fignificativa3-neque
647 511 772 550 horno,
798 511 843 544 ob
865 513 988 545 velatos
998 512 1126 545 -extrin—

254 563 344 597 secus
365 561 598 606 appofito‘velo
621 562 752 601 oculos,
784 562 897 596 definit
909 561 973 596 dici
988 561 1120 595 vifivus.

304 611 357 659 36.
385 612 605 646 Conditiones
630 612 813 647 intrinsecae
830 613 905 646 sunt
928 612 992 645 illae
1015 637 1025 652 ,
1053 622 1123 653 quae

254 661 521 704 praerequiruntur
545 673 586 695 ex
603 672 692 704 parte
714 662 844 706 agentis
861 684 871 700 ,
900 661 1048 704 illudque
1067 672 1121 694 aut

251 713 320 754 ejus
340 712 522 754 potentiam
544 710 719 746 intrinsece
741 711 890 748 afficiunt
907 736 917 751 ‚
947 711 1026 745 tales
1049 712 1121 744 sunt

249 761 438 806 quantitas(
459 761 480 794 si
505 761 597 794 illam
620 760 825 796 insubstantia
838 761 997 797 materiali
1009 761 1120 795 distin-

252 811 355 856 guas)
366 811 400 844 ἀ
427 812 576 845 extensio
586 811 732 846 ‹firuaiiu
762 812 839 845 item
853 811 938 845 bona
951 811 1131 863 dispositiol

249 860 368 905 organi
378 880 390 900 ,
419 871 474 904 pei·
484 861 573 904 quod
585 862 731 904 potentia
739 862 868 903 operari
880 859 976 894 debet
989 884 1001 899 ,
1020 856 1131 894 &tha-⁷

249 920 320 943 rum
333 910 563 945 conditionum
589 911 732 947 carentia
745 910 903 953 impedit,
930 910 1117 951 quominus

250 961 377 1004 agens&
393 961 446 994 sua
459 960 553 1004 possit
567 957 772 995 denominari
785 961 949 1003 potentia:
963 960 1007 992 ita
1021 956 1114 992 Chri-

249 1009 314 1044 stus
325 1009 492 1048 Dominus
504 1009 646 1046 existens
660 1010 929 1044 sacramentaliter
942 1009 975 1042 in
990 1006 1115 1042 Eucha-

249 1059 338 1093 ristia
361 1059 482 1094 dicitur
503 1058 676 1093 invisibilis·
697 1061 766 1099 .‹&
786 1059 985 1094 non-visivus
1009 1070 1019 1101 ;
1046 1070 1113 1092 non

248 1108 338 1152 quod
350 1110 746 1152 careat-potentiaastiva,
763 1118 818 1147 aut
830 1109 946 1153 paffiva
961 1108 1092 1144 videndi
1104 1119 1114 1150 ;

247 1159 301 1192 sed
312 1159 390 1201 qpia
417 1171 503 1194 caret
523 1158 720 1195 conditione
733 1159 904 1193 intrinseca
915 1158 1115 1192 extensionis

246 1208 368 1243 fituaiis
395 1208 444 1243 ad.
458 1208 636 1243 videndum
650 1208 824 1243 necessarie>
835 1209 1010 1252 requifiraez
1037 1208 1114 1245 item

244 1255 349 1293 horno
376 1257 496 1292 habens
533 1258 761 1300 indispositum
788 1271 826 1293 ac
851 1258 1114 1302 distemperatum

245 1317 409 1351 organum
437 1307 546 1348 visus,
587 1309 639 1340 vel.
663 1306 792 1342 auditus
814 1333 825 1350 ,
860 1308 979 1342 dicitur
1005 1308 1116 1342 surdus

246 1356 280 1391 dt
295 1367 431 1398 .caecus;
458 1367 526 1390 non
554 1355 599 1390 ob
612 1359 789 1391 carentiam
803 1358 976 1401 potentiae,
1004 1357 1056 1391 sed
1071 1356 1117 1390 ob

245 1406 424 1441 carentiam
448 1406 627 1442 intrinseca:
637 1407 870 1450 expeditionis,
901 1408 932 1440 ἀ
954 1406 1113 1441 conditio·

245 1455 318 1498 nis3
344 1454 486 1489 similiter
505 1466 585 1499 ergo
612 1467 706 1490 voces
732 1457 1114 1500 impositionecarentes,

245 1505 394 1549 quamvis
421 1504 565 1541 habeant
592 1507 773 1549 potentiam
797 1505 999 1551 significandi
1022 1528 1033 1549 ,
1070 1506 1115 1539 di-

246 1553 452 1589 cuntur-esse
474 1555 776 1602 non-fignificativae
800 1575 815 1596 ,=
848 1557 924 1599 quia
948 1555 1115 1599 impositio

244 1602 386 1647 respestu
409 1605 499 1640 vocis
521 1606 564 1640 est
588 1605 629 1640 de
653 1616 790 1643 nurnero
808 1605 1113 1643 conditionumin·

243 1654 454 1689 trinsecarum
466 1680 474 1688 .
681 1691 687 1697 ¹
1048 1664 1051 1665 ’
1080 1675 1092 1690 2

295 1713 348 1750 37.
377 1705 502 1746 objicies
526 1708 612 1740 tertii
636 1719 644 1738 :
670 1707 866 1752 significatio
889 1707 1113 1752 aptitudinalis

243 1751 343 1788 habet
355 1754 386 1789 se
396 1755 438 1789 ad.
451 1766 563 1789 vocem
581 1779 593 1796 ‚
618 1756 698 1791 ficut
712 1759 802 1793 valor
815 1759 1032 1794 admonetam
1042 1764 1112 1798 ,at-

242 1803 302 1846 qui
322 1803 414 1838 valor
434 1814 572 1841 monetae
601 1816 669 1840 non
681 1808 726 1842 est
741 1808 859 1843 entitas
872 1819 1009 1843 monetae
1022 1834 1031 1849 ,
1058 1806 1110 1842 sed

241 1853 288 1887 est
311 1854 478 1889 institutio
500 1856 555 1890 seu
580 1856 908 1902 voluntas.principis
919 1858 1060 1893 volentis
1075 1858 1111 1891 il·

241 1902 309 1937 lam
319 1903 404 1938 tanti
416 1904 541 1945 valere,
567 1906 716 1940 veltanti
729 1920 743 1948 ;
765 1919 845 1952 ergo
857 1908 1005 1942 similiter
1016 1908 1109 1951 signi-

242 1951 355 1985 ficatio
373 1954 600 1993 aptitudiualis
621 1966 689 1988 non
714 1956 760 1989 est
776 1956 895 1990 entitas
911 1958 1035 1996 (vocis,-
1056 1956 1108 1989 sed

242 1999 410 2034 institutio
430 2001 483 2035 seu
505 2002 658 2036 voluntas
669 2002 842 2042 hominum
856 2006 1036 2039 volentium
1048 2003 1108 2039 hac

242 2049 506 2094 vocefignificari
523 2062 590 2085 rem
601 2049 686 2086 hanc
698 2077 708 2093 ,
734 2055 785 2088 vel
804 2055 910 2093 istam.
941 2054 1030 2096 Resp.;
1042 2063 1107 2097 neg,

241 2104 316 2132 min.
338 2099 374 2132 ἀ
393 2097 469 2133 dico
492 2100 634 2133 valorem
656 2112 796 2137 monetae
806 2103 869 2135 effe
882 2103 981 2144 ipsam
994 2105 1106 2137 entita—

239 2157 309 2190 tem*
330 2157 501 2188 monetae,.
516 2159 585 2191 quae
596 2157 704 2183 tamen
728 2152 810 2184 utin
821 2152 924 2184 astum
935 2162 1050 2191 exeat,
1075 2151 1107 2185 &

239 2198 313 2232 astu
337 2198 440 2235 valeat
461 2221 472 2238 ,
511 2198 642 2242 requirit
666 2199 912 2242 deputationem
934 2201 1107 2244 principis,

239 2257 406 2286 tamquam
418 2247 647 2283 conditionem
658 2249 831 2285 innius-ce
842 2251 1039 2293 requisitam,
1056 2251 1105 2284 uti

240 2296 306 2338 jam
319 2296 389 2328 dixi
408 2296 449 2330 de
470 2295 678 2338 impositione
690 2300 828 2341 respessu
843 2301 933 2332 vocis
946 2313 957 2333 .-
982 2302 1016 2334 θ
1029 2305 1108 2332 rari·

240 2344 278 2384 est
304 2356 312 2376 ε
351 2344 428 2388 quia
461 2346 552 2379 valor
586 2356 724 2380 monetae
755 2348 799 2382 est
825 2348 903 2382 illud
931 2369 942 2385 ‚
978 2360 1108 2391 propter

243 2394 331 2445 quod
346 2395 418 2434 ,ὃς
440 2406 497 2437 pro
518 2406 584 2438 quo
612 2396 760 2430 venditor
786 2409 905 2432 merces
929 2398 1106 2432 suastradir

239 2444 403 2487 emptori,
428 2445 520 2485 atqui
540 2443 620 2480 illud
636 2457 764 2489 propter
775 2449 862 2489 quod
882 2471 893 2488 ,
922 2449 954 2482 ἀ
969 2459 1026 2491 pro
1040 2459 1106 2489 quo

238 2492 389 2527 venditor
410 2494 549 2536 emptori
563 2505 680 2529 merces
691 2497 761 2529 suas
773 2496 868 2531 tradit
882 2522 892 2537 ,
920 2509 986 2532 non
1000 2497 1045 2531 est
1057 2499 1110 2532 de·

238 2544 365 2586 putatio
379 2544 535 2586 principis
547 2568 557 2583 ‚
584 2545 636 2579 sed
655 2545 699 2579 est
724 2546 787 2589 ipsa
801 2558 932 2581 monera
946 2572 957 2588 ,
984 2548 1045 2581 sive
1058 2559 1107 2591 pe·

238 2595 336 2627 cunia
350 2616 361 2632 ,
388 2604 486 2636 quam
503 2593 543 2628 ab
563 2605 709 2637 emptore
735 2597 846 2640 recipit
868 2610 877 2640 3
916 2608 994 2641 ergo
1016 2599 1107 2632 valor

238 2642 434 2684 monetaeest
445 2642 511 2686 ipsa
522 2645 642 2679 entitas
652 2656 809 2689 monet23
837 2646 1029 2682 &voluntas
1053 2647 1104 2682 seu

237 2691 409 2735 deputatio
447 2692 601 2735 principis
637 2694 683 2728 est
718 2696 926 2733 solummodo
955 2697 1106 2732 conditio

239 2742 383 2784 quadam
398 2741 437 2775 ad
448 2741 622 2776 valendum
636 2745 846 2788 praerequisita
859 2760 867 2780 ι
891 2756 967 2782 nam
979 2747 1001 2782 fi
1016 2749 1106 2782 valor

236 2803 379 2826 monetae
401 2793 484 2826 foret
505 2792 572 2826 sola
594 2792 765 2837 deputatio
789 2795 942 2840 principis
963 2820 974 2837 ‚
1001 2799 1103 2839 posset

234 2842 385 2885 princeps
408 2853 466 2884 pro
490 2841 561 2877 solo
575 2844 632 2877 suo
645 2843 873 2887 beneplacito,
900 2856 1103 2883 monetaeva·

234 2893 338 2925 lorem
358 2891 456 2935 usque
478 2891 512 2924 in
525 2891 694 2928 infinitum
710 2906 828 2939 augere
841 2895 888 2929 vel
901 2896 1080 2934 diminuere
1093 2922 1103 2937 ,

234 2941 324 2975 nulla
349 2940 459 2975 habita
483 2942 609 2977 ratione
630 2946 772 2979 materiae
794 2957 805 2987 ·‚
831 2946 1032 2988 consequeris
1050 2947 1101 2981 ab·

234 2992 369 3025 surdum
390 2994 460 3030 est,
484 3003 522 3026 ac
545 2993 879 3037 manifestejnjustum
898 3007 906 3036 ;
934 3006 1013 3038 ergo
1027 2997 1102 3033 &id

235 3041 322 3076 unde
335 3041 475 3084 sequitur
488 3053 498 3084 ·,
523 3043 578 3078 sed
593 3044 634 3080 de
648 3044 712 3079 hoc
724 3045 876 3088 loquatur
886 3046 1102 3089 luris-peritus

235 3091 286 3125 vel
298 3090 472 3135 theologus
484 3116 492 3125 .

431 3166 766 3225 DUBIUM
813 3169 899 3204 iv.

233 3243 385 3285 ‚Quomodo
407 3242 589 3286 significatio
620 3244 838 3287 aptitudinalis
862 3245 978 3287 paffiva
1002 3244 1101 3286 distin-

525 3304 638 3338 guatur
663 3298 682 3327 ἃ
702 3295 803 3340 ligno?

236 3339 288 3389 38.
303 3342 555 3427 Slgnificatio
578 3345 803 3387 aptitudinalis
825 3345 940 3389 passiva
955 3344 1022 3381 alio
1043 3358 1101 3380 no-

387 3395 477 3428 mine
489 3395 597 3428 vocari
611 3396 712 3437 potest
724 3395 977 3441 significabilitas
989 3408 1003 3438 ,·
1021 3396 1100 3430 limi-

235 3441 279 3475 lia
297 3443 386 3475 enirn
400 3444 534 3476 nomina
548 3456 614 3478 tam
625 3456 776 3480 concreta
786 3469 797 3485 ‚
820 3457 918 3489 quam
931 3445 1096 3485 abstracta,

234 3492 403 3526 terminata
418 3494 450 3525 in
466 3493 534 3526 bilis
545 3495 576 3529 &
591 3495 692 3528 bilitas
706 3519 716 3534 ,
741 3496 906 3533 ordinarie
929 3506 987 3541 pro
999 3497 1057 3532 suo
1068 3497 1102 3530 fi-

330 3541 437 3583 christ.
451 3546 530 3586 Lupi
542 3547 640 3587 opera
651 3547 729 3579 Tom.
743 3549 814 3579 xii.

1185 260 1344 304 gnificato
1375 260 1544 304 principali
1573 259 1749 302 important
1771 264 1916 308 aliquam
1939 271 2053 305 poten-

1186 312 1263 345 tiam
1286 310 1437 353 paffivam
1461 310 1583 353 aliquid
1605 310 1748 351 patiendi
1769 333 1782 350 ,
1817 313 1865 346 vel
1887 311 1975 356 quafi
1997 321 2051 354 pa-

1186 359 1286 394 tiendi
1303 373 1314 393 .·
1342 361 1419 395 talia
1432 361 1504 394 sunt
1510 357 1707 403 fignificabilis
1718 382 1728 398 ,
1748 361 1953 400 calefafflbilis
1965 386 1975 401 ,
2001 365 2048 393 vt-

1182 408 1299 451 fibilis,
1326 410 1468 443 amabilis
1491 434 1502 450 ,
1527 408 1724 450 corruptibilis
1747 432 1757 448 ,
1784 411 1841 442 &a
1858 409 2052 453 fig'nificabill-

1185 469 1238 492 tas
1249 484 1259 498 ‚
1290 459 1554 508 calgfablibilleaes*‚
1575 457 1733 499 vifibi'litas
1747 481 1757 498 ,
1783 460 1840 493 &a
1861 461 1934 492 dico
1947 466 2054 501 impor-

1188 518 1256 542 tant
1269 510 1420 544 ordinarii
1437 514 1604 552 potentiam
1612 509 1757 550 passivam
1767 521 1777 540 .·
1804 507 1880 550 quia
1891 509 1961 542 sunt
1971 520 2052 552 quae·

1184 557 1257 593 dam
1282 560 1399 593 fimilia
1419 561 1555 594 nomina
1569 583 1578 598 ‚
1605 570 1674 601 quae
1684 556 1724 593 de
1736 557 1906 600 principali
1919 567 1986 590 non
1996 568 2050 599 po·

1184 610 1320 643 tentiam
1335 610 1486 654 paffivam
1498 634 1510 649 ‚
1531 606 1582 642 sed
1596 609 1770 651 important
1786 605 1966 649 potentiam
1979 608 2052 640 asti·
2078 613 2080 615 ’

1184 670 1254 692 vam
1269 673 1279 693 :
1307 659 1382 693 talia
1408 661 1481 693 sunt
1501 657 1606 700 risibile
1629 681 1640 697 ‚
1665 656 1816 699 rifibilitas
1827 681 1837 696 ,
1859 654 1976 697 flebile,
1999 655 2052 695 fle-

1183 708 1285 742 bilitas
1310 733 1321 749 ,
1345 709 1469 752 rugibile
1487 733 1498 749 ,
1527 708 1668 741 latrabile
1698 732 1708 748 ,
1732 706 1896 745 hinnibile,
1921 706 2062 748 aliaque-

1181 758 1317 799 fimilia,
1345 759 1465 802 quibus
1483 755 1667 801 philosophi
1690 757 1883 792 animalium
1894 756 2052 790 constitu-

1182 809 1263 842 tivas
1278 809 1476 843 differentias
1491 832 1501 848 ,
1528 807 1578 841 vel
1593 805 1987 850 proprietateaexprimere
2000 806 2050 839 so-

1179 857 1270 892 lent:
1297 858 1361 893 haec
1372 883 1382 898 ,
1409 859 1543 901 inquam
1554 883 1564 898 ‚
1577 859 1608 891 ὅ(
1621 857 1738 891 fimilia
1752 854 1897 898 quaedam
1911 854 2048 890 nomina

1179 907 1219 941 de
1243 909 1412 951 principali
1435 908 1617 953 significant
1645 907 1827 951 potentiam
1849 907 1986 947 aestivam
2009 903 2048 937 ri-

1178 957 1275 991 dendi
1297 982 1308 998 ‚
1335 957 1434 991 flendi
1456 982 1466 997 ‚
1495 957 1645 1002 rugiendi
1669 982 1679 996 ‚
1706 954 1879 993 hinniendi
1891 981 1901 996 ,
1927 956 1988 989 &c-
2002 952 2047 987 id-

1178 1019 1241 1050 que
1254 1017 1321 1040 nou
1338 1008 1444 1041 solum
1457 1008 1540 1050 apud
1554 1006 1769 1050 philosophos
1782 1031 1792 1047 ‚
1819 1007 1873 1049 qui
1884 1003 2046 1043 cathecrer

1179 1058 1227 1090 ses
1240 1057 1362 1097 facere,
1390 1059 1422 1090 ὅ(
1437 1067 1532 1091 voces
1558 1057 1576 1094 a
1600 1057 1652 1090 sua
1665 1057 1905 1100 significatione
1916 1055 2044 1099 propria

1178 1106 1217 1140 ad
1229 1108 1373 1150 aliquam
1397 1106 1492 1151 plane
1507 1106 1645 1139 alienam
1656 1130 1667 1147 ‚
1693 1107 1724 1142 δε
1736 1105 1913 1148 oppositam
1927 1129 1937 1145 ,
1965 1115 2046 1138 con·

1177 1156 1324 1199 ceptibus
1334 1167 1372 1189 ac
1384 1155 1662 1200 speculationibus
1689 1155 1751 1189 suis
1762 1154 1981 1198 exprimendis
1994 1164 2045 1187 ac-

1177 1206 1386 1241 commodam
1406 1229 1417 1245 ,
1441 1206 1607 1243 traducere
1632 1216 1670 1238 ac
1692 1205 1906 1248 transportare
1925 1227 1937 1244 ,
1963 1202 2041 1246 sapa

1179 1268 1247 1291 non
1258 1257 1383 1291 ducunt
1392 1256 1597 1292 conscientiae
1611 1266 1618 1286 ι
1646 1254 1700 1288 sed
1720 1254 1819 1288 etiam
1831 1252 1916 1297 apud
1931 1251 2043 1297 proba·

1179 1317 1230 1340 tos
1252 1307 1505 1351 grammaticos,
1533 1318 1571 1342 ac
1594 1306 1713 1349 linguae
1734 1304 1840 1339 latinae
1850 1305 1978 1344 fontes;
2004 1302 2043 1336 in-

1179 1355 1239 1390 hac
1251 1365 1391 1400 namque
1402 1354 1639 1401 fignificatione
1650 1355 1751 1389 utitur
1763 1353 1952 1399 ingeniosus
1963 1353 2018 1386 ille
2029 1376 2040 1392 ,

1179 1405 1264 1453 lib.3.
1276 1416 1450 1446 amorum,
1474 1402 1599 1450 Eleg.8.
1997 1433 2001 1437 .

1276 1455 1402 1491 Flebilis
1415 1457 1554 1499 indignos
1568 1459 1596 1487 E
1600 1456 1692 1498 legeja
1699 1452 1786 1497 fhlve
1794 1455 1917 1497 capillos
1928 1478 1940 1495 ,

1326 1505 1374 1540 Ab
1384 1512 1474 1539 nimis
1487 1517 1524 1539 ex
1537 1516 1609 1540 vero
1619 1514 1696 1539 nunc
1703 1504 1759 1537 tibi
1770 1516 1870 1538 nomen
1879 1510 1936 1538 erit
1946 1527 1955 1536 .

1177 1555 1257 1590 dicit
1278 1558 1370 1600 elegia
1389 1555 1518 1598 flebilis,
1546 1566 1613 1588 non
1640 1555 1717 1595 quia
1742 1555 1844 1599 digna
1867 1553 1958 1595 fleri;
1986 1552 2040 1589 sed

1178 1606 1252 1649 quia
1274 1605 1392 1649 apta&
1405 1615 1519 1650 potens
1531 1603 1606 1642 flere
1618 1628 1628 1644 ,
1655 1613 1690 1637 ut
1701 1603 1781 1639 dicit
1803 1604 1889 1647 apud
1899 1603 2040 1637 eundem

1177 1655 1296 1698 Sappho
1317 1656 1356 1690 ad
1369 1656 1519 1690 Phaonem

1278 1707 1412 1741 Flendus
1428 1719 1508 1740 amor
1521 1719 1601 1741 meus
1611 1706 1788 1750 est3Elegeja
1795 1703 1892 1747 flebile
1900 1714 2017 1737 carmen
2026 1726 2038 1743 ‚

1325 1761 1399 1791 Non
1404 1757 1487 1800 facit
1497 1758 1538 1789 ad
1547 1760 1688 1796 lacrymas
1702 1757 1832 1789 barbitos
1842 1756 1903 1788 ulla
1914 1765 1997 1787 meas
2005 1776 2013 1784 .

1228 1818 1280 1854 39.
1291 1809 1456 1855 Qiaeritur
1467 1819 1545 1853 ergo
1559 1807 1630 1847 hic,
1643 1807 1722 1850 quid
1734 1806 1847 1839 fimiiia
1861 1807 1993 1837 nomina
2005 1801 2042 1834 in

1175 1856 1277 1891 bilitas
1301 1859 1416 1901 paffive
1437 1859 1649 1902 significantia
1670 1858 1711 1889 de
1739 1854 1906 1897 principali
1920 1858 2040 1895 impor-

1174 1917 1242 1940 tent
1254 1931 1264 1945 ,
1292 1918 1332 1939 an
1345 1907 1467 1947 aliquid
1480 1908 1689 1940 intrinsecum
1701 1928 1712 1943 ,
1732 1916 1772 1937 an
1785 1903 1908 1945 aliquid
1921 1902 2042 1937 extrin-

1176 1957 1305 1996 secum,
1331 1966 1370 1988 an
1395 1956 1502 1998 potius
1523 1954 1644 1996 aliquid
1670 1954 1785 1997 partim
1808 1953 2041 1992 intrinsecum,

1174 2006 1289 2046 partim
1316 2006 1556 2039 extrinsecum?
1578 2016 1606 2036 v.
1619 2016 1641 2048 g
1665 2002 1903 2046 quaeriturquid
1916 2000 2042 2045 praecise

1173 2053 1441 2097 firfigmficabilitas
1456 2055 1474 2085 ἓ
1486 2055 1518 2087 &
1535 2054 1706 2095 quomodo
1719 2054 1782 2086 sese
1793 2053 1908 2087 habeat
1920 2053 1960 2086 ad
1972 2063 2041 2086 rem

1171 2103 1418 2145 fignificabilem
1433 2102 1449 2132 ?
1459 2103 1489 2135 ἀ
1503 2104 1578 2144 quia
1590 2101 1633 2134 est
1645 2102 1758 2134 eadem
1772 2103 1855 2136 ratio
1868 2103 1909 2136 de
1921 2101 2042 2143 vifibili-

1171 2161 1255 2190 tate,
1281 2151 1538 2192 calefac‘libilitate
1549 2176 1559 2191 ,
1586 2151 1775 2184 amabilitate
1789 2174 1798 2190 ,
1827 2152 1888 2185 &c.
1914 2163 1982 2193 quae
1993 2151 2040 2185 est

1171 2202 1209 2234 de
1215 2200 1459 2246 fignificabilitate
1475 2214 1483 2233 :
1505 2201 1643 2235 breviter
1654 2198 1720 2234 haec
1733 2201 1845 2236 omnia
1861 2212 1930 2234 uno
1941 2199 2040 2234 verbo

1172 2254 1388 2292 resolvemus,
1413 2252 1446 2285 &
1468 2251 1631 2295 graviores
1653 2249 1858 2285 difficultates
1880 2249 2044 2284 hicinter-

1172 2311 1334 2334 currentes
1345 2302 1378 2334 in
1394 2301 1502 2334 locum
1516 2300 1659 2342 aliquem
1671 2300 1931 2336 commodiorem
1945 2301 2042 2335 reser-

1175 2349 1343 2392 vabimus;
1371 2361 1447 2383 ante
1466 2350 1578 2383 omnia
1592 2360 1697 2383 tamen
1713 2350 1873 2393 praemitto
1884 2348 2041 2394 fignifica-

1175 2400 1331 2434 bilitatem
1357 2411 1425 2434 non
1447 2400 1509 2434 effe
1529 2399 1623 2443 plane
1637 2399 1741 2439 idem,
1770 2399 1858 2443 quod
1870 2399 2040 2443 cognosci-

1174 2450 1354 2483 bilitatem:
1380 2450 1534 2484 differunt
1555 2450 1643 2485 enim
1664 2448 1729 2483 haec
1744 2450 1828 2490 duo,
1855 2460 1896 2483 eo
1910 2449 2012 2482 modo
2025 2472 2038 2489 ,

1172 2511 1239 2543 quo
1260 2501 1351 2542 supra
1368 2498 1472 2533 dubio
1490 2500 1632 2535 seeundo
1655 2498 1725 2533 dixi
1737 2499 1865 2533 differre
1877 2499 2039 2543 significa·

1171 2550 1295 2583 tionem
1308 2551 1341 2583 ἀ
1353 2550 1579 2594 cognitionem
1595 2574 1606 2590 ,
1632 2549 1752 2583 scilicet
1773 2550 1849 2583 licut
1865 2548 2035 2583 includens

1170 2600 1204 2633 δε
1227 2599 1411 2641 inclusum3
1439 2599 1659 2633 inclusumrest
1673 2599 1962 2644 cognoscibilitas,
1990 2600 2037 2632 in-

1171 2649 1306 2683 cludens
1328 2650 1408 2683 vero
1421 2650 1466 2684 est
1478 2648 1751 2694 fignificabilitas:
1779 2661 1855 2683 nam
1866 2648 2037 2692 cognosci,-

1171 2699 1277 2733 bilitas
1289 2699 1333 2732 est
1347 2699 1413 2732 sola
1425 2699 1576 2741 aptitudo
1588 2701 1632 2733 rei
1647 2710 1683 2733 ut
1693 2700 1908 2743 cognoscatur
1919 2698 2037 2741 simpli·

1170 2751 1269 2791 citer,
1294 2760 1326 2782 at
1343 2761 1418 2783 vero
1429 2749 1685 2793 fignificabilitas
1696 2749 1741 2783 est
1753 2746 1902 2791 aptitudo
1915 2748 1958 2781 rei
1973 2771 1984 2787 ,
1997 2757 2035 2780 ut

1169 2800 1383 2843 cognoscatur
1394 2798 1557 2834 mediante
1568 2800 1680 2844 signo:
1701 2798 1842 2833 includit
1853 2807 1932 2841 ergo
1939 2797 2036 2841 figni-

1169 2847 1338 2883 ficabilitas
1359 2849 1703 2894 cognoscibilitatem,
1727 2850 1761 2883 δὲ
1787 2847 1969 2890 superaddit
1984 2847 2035 2880 illi

1168 2899 1299 2942 aliquod
1323 2899 1473 2934 accidens
1494 2924 1504 2939 ,
1540 2900 1603 2933 five
1632 2899 1846 2932 extrinsecum
1867 2907 2033 2931 connota-

1167 2960 1262 2990 turn‚·
1289 2949 1378 2992 quod
1399 2950 1599 2993 explicamus
1623 2947 1673 2982 his
1688 2949 1855 2988 terminis,
1881 2949 2033 2981 mediante

1162 2996 1262 3041 fign0;
1291 2999 1354 3032 hoe
1372 3001 1529 3041 praemisio
1542 3023 1550 3031 .

1216 3058 1272 3093 40.
1287 3047 1373 3092 Resp.
1385 3051 1419 3083 Θ
1429 3052 1490 3083 dico
1497 3051 1596 3090 primii
1607 3047 1849 3092 :fignificabilltas
1861 3072 1873 3088 ‚
1894 3046 2032 3091 cognosti-

1166 3098 1270 3131 bilitas
1284 3123 1293 3138 ‚
1304 3098 1544 3140 calefitfflbtlitas
1557 3124 1567 3139 ‚
1591 3101 1718 3142 aliaque
1728 3098 1840 3133 similia
1852 3099 2032 3140 important

1165 3147 1197 3180 in
1212 3150 1298 3182 resto
1310 3149 1432 3190 aliquid
1455 3149 1663 3182 intrinsecum
1675 3150 1718 3182 rei
1731 3147 1931 3193 significabili
1943 3169 1954 3185 ,
1978 3156 2031 3180 co·

1163 3198 1335 3242 gnoscibili
1349 3223 1359 3238 ,
1386 3198 1594 3232 calefaaibili
1605 3223 1615 3237 ,
1648 3198 1759 3240 vifibili
1779 3224 1790 3240 ‚
1820 3200 1880 3232 &c-
1905 3197 2032 3240 signifi-'¹

1163 3258 1241 3280 cant
1263 3249 1350 3281 enim
1375 3248 1475 3289 ipsam
1497 3249 1667 3282 entitatem
1690 3249 1763 3282 talis
1775 3249 1841 3281 rei.
1862 3246 2029 3280 Probatur:

1163 3299 1240 3339 quia
1261 3296 1516 3331 calefaffibilitas
1535 3298 1580 3331 est
1604 3299 1751 3340 potentia
1763 3299 1801 3331 ad
1815 3297 2031 3331 calci-‘rendum

1163 3349 1175 3388 (
1192 3348 1286 3379 liceat
1299 3347 1339 3379 sic
1352 3347 1566 3388 barbarizare)
1578 3348 1743 3381 visibilitas
1756 3347 1898 3389 potentia
1912 3344 2031 3389 passiva

1165 3397 1203 3429 ad
1218 3396 1393 3430 videndum
1406 3420 1417 3436 ,
1430 3396 1684 3441 fignificabilitas
1698 3399 1844 3440 potentia
1858 3397 1975 3440 paffiva
1989 3395 2031 3429 ad

1165 3446 1414 3490 fignificandum
1429 3471 1439 3486 ‚
1465 3447 1531 3480 διο.
1553 3448 1642 3490 atqui
1656 3447 1734 3481 tales
1745 3446 1868 3489 passiva:
1878 3447 2031 3489 potentiae

1168 3497 1202 3531 iu
1234 3498 1319 3532 resto
1353 3495 1439 3532 nihil
1471 3496 1542 3532 sunt
1564 3497 1653 3580 alitid
1676 3522 1686 3536 ,
1722 3496 1958 3577 quamentitals
1987 3493 2032 3528 rei

1679 3555 1702 3591 3
1904 3556 1939 3578 ca
1955 3554 1985 3588 ες
