2384 3770
141 1851 147 1859 ,
169 1804 278 1856 'Epist

169 1868 253 1924 ¹9⁹·

170 2516 275 2561 Epist.

174 2564 227 2607 ὴ.

409 99 451 133 2
862 84 945 131 Dc
992 85 1274 132 Ouinius.
1323 84 1730 133 Eaemmauu

370 173 471 207 {itiam
483 170 686 212 Christianam
696 170 984 216 militaiibueservis
998 177 1056 207 Dei
1071 184 1261 216 quacumque

375 223 415 256 ab
433 228 558 257 inimicis
581 226 717 255 convicia
728 222 887 266 criminosa
907 225 1052 258 dicuntur
1063 247 1074 263 ,
1095 235 1163 266 quae
1175 225 1260 265 apud

372 274 530 308 malevolos
553 272 591 305 U
620 279 730 306 temere
750 273 886 307 credulos
904 274 1030 316 famam
1049 275 1161 306 malam
1176 274 1257 316 faci·

371 334 446 362 ant,
465 332 551 355 arma
560 319 680 363 finistra
699 320 772 365 fient
796 348 803 356 .
842 326 952 356 Etiam
968 323 1112 356 diabolus
1137 323 1184 356 bis
1204 335 1256 358 ex·

366 380 519 415 pugnatur
541 396 548 403 .
581 373 659 404 Cum
682 379 762 406 enim
778 380 835 414 per
859 374 967 407 bonam
990 372 1113 414 famam
1144 373 1271 415 proba-a

367 433 436 456 mur
453 444 463 461 ,
485 422 584 455 utrum
602 431 655 455 nos
679 427 710 455 in
728 421 904 469 superbiam
917 425 1096 456 extollamus
1107 447 1117 464 ,
1148 426 1182 457 (τ
1195 434 1252 466 per
1266 455 1269 482 3

366 474 479 506 malam
496 471 623 515 famam
641 472 820 515 probamur,
844 484 945 507 utrum
969 479 1122 514 inimicos,
1144 485 1190 507 eos
1202 480 1250 517 ip-

359 520 411 565 Jbs
433 525 454 555 a*
474 521 581 565 quibus
604 523 687 556 nobis
698 523 895 569 confingitur,
917 523 1102 568 diligamus,
1121 532 1186 565 per·
1199 537 1250 556 ar-

1502 220 1876 259 CAPUT
2000 225 2025 260 1.

1321 322 1498 367 Augustinus
1524 324 1545 356 ἃ
1568 327 1669 366 prImo
1688 322 1756 366 suae
1780 312 1975 365 converfionh
2003 327 2124 360 exordio
2139 328 2210 371 fule

1367 372 1490 418 semper
1509 373 1608 412 statui
1634 373 1788 415 monastico
1814 371 1940 420 mirifici
1958 375 2100 419 affidus,
2125 390 2161 413 ac

1453 422 1550 467 ipsum
1574 429 1665 456 etiam
1679 434 1802 517 ,sgzut
1827 434 1898 459 tunc
1919 432 2062 467 poterat,

1698 486 1713 508 e
1777 487 1832 508 us.

350 569 415 605 ,ηιὰ
433 573 558 614 ,iustitia
578 574 599 604 ἃ
620 575 755 613 dextra,
780 575 814 606 <⁴5
835 575 855 607 ἃ
869 572 990 614 sinistra
1015 574 1165 607 diabolum
1177 579 1244 607 vin·

361 629 477 659 timus„
503 625 580 666 ,Quae
590 633 654 656 cum
679 623 824 665 Apostolus
846 625 1098 666 commemorasset,
1129 620 1253 665 dicem,'.

357 682 418 717 per
437 684 522 706 arma
536 674 663 714 justitiae
684 675 704 706 a
723 675 831 707 dextra
844 676 876 707 (9·
898 675 918 705 ἃ
936 672 1051 714 finistra
1072 685 1081 715 3
1105 678 1242 708 continua

361 732 519 764 tamquam
539 731 690 766 exponens
703 747 713 763 ‚
731 724 809 766 quid
817 725 929 757 dixerit
938 749 948 764 ,
967 731 1025 765 per
1037 725 1164 767 gloriam
1175 749 1187 765 ,
1198 730 1239 758 in-

360 780 428 814 quit
451 798 461 813 ,
483 775 517 810 <5
539 774 755 817 ignobilitatem
781 798 791 813 ‚
817 782 873 814 per
894 773 1058 815 infamiam
1077 775 1111 808 ό*
1133 775 1240 808 bonam

354 822 475 867 famam
483 848 494 865 ,
515 825 661 859 &caetera
673 826 750 857 talia
763 835 770 855 :
795 825 926 857 Gloriam
931 823 1043 867 fiilicet
1056 847 1068 863 ,
1088 826 1122 858 Φ·
1132 824 1239 858 bonam

351 873 480 915 famam
504 885 663 911 numerans
695 879 728 908 in
750 879 846 906 armis
878 876 999 907 dextris
1019 897 1031 914 ,
1051 879 1085 906 in
1112 873 1238 917 finistris·

356 932 458 957 autem
476 924 689 967 ignobilitatem
711 926 745 958 Θ
768 923 948 964 infamiam.
971 925 1003 956 Si
1025 934 1093 968 ergo
1098 923 1166 967 sum
1179 927 1238 958 Dei

352 972 463 1018 servus
486 977 520 1008 ei·
542 976 626 1008 miles
652 986 711 1007 non
729 973 867 1014 reprobus
889 997 900 1013 ,
919 973 1085 1016 quamlibet
1106 972 1235 1016 disertus

356 1028 535 1058 conviciator
555 1030 588 1057 in
609 1034 655 1057 me
680 1024 849 1057 Petilianus
870 1024 999 1064 exiliat,
1021 1026 1167 1066 numquid
1177 1037 1234 1058 mo-

354 1072 420 1114 leste*
434 1073 519 1115 ferre
543 1073 630 1108 debeo
648 1098 659 1113 ,
688 1074 767 1116 quod
789 1072 862 1105 mibi
885 1085 1033 1107 armorum
1057 1072 1236 1116 finistrorum

336 1140 340 1143 ·
350 1123 445 1169 faber
462 1119 659 1167 solertiffimus
671 1132 802 1165 paratus
814 1122 850 1163 est
863 1123 880 1154 ἓ
900 1129 982 1166 Opus
1000 1123 1059 1165 est,
1081 1133 1116 1158 ut
1134 1124 1184 1157 his
1200 1134 1234 1158 in

328 1172 511 1217 ‘adjutorio
533 1175 652 1207 Domini
673 1179 730 1207 mei
753 1175 924 1215 apertiffimt?
945 1176 1079 1214 dimicem
1098 1199 1110 1215 ,
1136 1176 1171 1209 (τ
1191 1182 1232 1208 eis

349 1223 437 1259 ilium
454 1223 592 1266 feriam,
614 1233 715 1257 contra
736 1235 822 1267 quem
836 1223 1025 1265 invisibiliter
1045 1233 1144 1269 pugno
1159 1233 1232 1267 ‚qui

346 1273 559 1318 perverfifflma
582 1275 617 1310 &
639 1275 834 1318 antiquffrna
854 1274 962 1314 astutia
973 1275 1080 1308 callide
1099 1276 1230 1308 intendit

348 1325 384 1358 Θ
406 1329 471 1368 agit
486 1349 496 1365 ,
519 1333 553 1357 ut
572 1332 697 1366 propter
720 1324 783 1358 baec
795 1326 976 1359 Petilianum
994 1327 1106 1358 oderim
1118 1349 1129 1364 ,
1151 1336 1186 1358 ac
1191 1324 1230 1366 fic

344 1380 528 1416 praceptum
551 1373 662 1414 christi
674 1397 683 1413 ‚
704 1376 783 1416 quod
802 1381 845 1406 att
857 1399 867 1413 ‚
891 1377 1014 1421 Diligite
1034 1380 1169 1408 immicos
1182 1387 1228 1409 ve-

342 1423 419 1463 stros
434 1448 444 1464 ‚
464 1426 584 1465 implere
608 1436 666 1458 non
682 1426 781 1466 pofflm
794 1437 801 1458 ι
816 1427 907 1468 ,Quod
927 1428 946 1458 ἃ
967 1437 1013 1461 me
1024 1435 1147 1458 avertat
1164 1428 1228 1466 ejus

345 1472 547 1516 misericordia
559 1498 570 1515 ,
591 1479 641 1518 qui
664 1486 710 1507 me
729 1476 1021 1509 dilexit&tradidit
1036 1474 1228 1518 semetipsum

341 1531 399 1565 pro
420 1535 488 1564 me,
511 1534 545 1556 ut
551 1525 684 1565 pendens
695 1531 728 1558 in
750 1536 832 1558 cruce
853 1526 986 1559 diceret:
1009 1528 1103 1559 Pater
1117 1523 1228 1569 ignosce

335 1574 406 1607 -iliis
434 1597 445 1614 ,
468 1580 540 1615 qula
563 1573 694 1616 nesciunt
717 1576 791 1616 quid
807 1573 931 1617 faciunt
951 1588 961 1617 ς
992 1586 1094 1617 meque
1115 1577 1152 1608 de
1174 1578 1226 1608 Pe-

346 1624 454 1657 tiliano
475 1625 509 1660 c&
532 1624 643 1657 talibus
666 1630 792 1658 inimicis
815 1631 887 1658 meis
898 1627 992 1659 dicere
1014 1627 1151 1664 doceret,
1167 1628 1224 1659 Pa-

344 1681 391 1721 ter
414 1672 525 1717 ignosce
546 1676 609 1708 illis
632 1699 642 1714 ,
675 1682 745 1716 quia
779 1673 909 1718 nesciunt
946 1677 1025 1719 quid
1052 1676 1221 1718 loquuntur.

347 1723 472 1757 Verum
495 1725 654 1768 quidnam
681 1724 765 1759 illud
789 1725 967 1770 Augustini
992 1725 1076 1759 inter
1109 1724 1224 1760 mundi

345 1773 493 1808 scandala
517 1787 555 1811 ac
575 1785 729 1809 moerores
750 1776 912 1820 refugium
939 1799 949 1816 ‚
979 1786 1127 1817 quaenam
1161 1775 1225 1810 istae

345 1823 439 1865 ipfius
460 1825 729 1866 consolationes?
748 1825 818 1868 lpse
836 1836 891 1860 eas
912 1824 1007 1865 refert
1027 1826 1070 1860 fic
1082 1824 1224 1860 scribens

344 1874 386 1907 ad
406 1874 473 1906 suas
485 1872 652 1907 Monhles
663 1898 671 1907 .
695 1877 774 1908 Soleo
780 1877 914 1919 gaudere
924 1877 962 1909 de
975 1876 1082 1916 vobis,
1100 1877 1134 1909 (w
1145 1881 1224 1910 inter

345 1932 435 1956 tanta
451 1921 596 1965 scandala
609 1946 618 1961 ,
638 1923 743 1963 quibus
755 1924 862 1965 ubique
870 1925 1006 1957 abundat
1014 1925 1064 1957 bic
1081 1927 1223 1965 mundus,

336 1974 514 2015 aliquando
536 1970 698 2015 consolari,
721 1978 855 2019 cogitans
867 1971 1008 2014 copiosam
1030 1980 1223 2020 congregata·

344 2033 412 2055 nem
424 2025 458 2056 <5-
469 2020 575 2061 castam
599 2022 803 2058 drumonem,
825 2022 858 2052 ὑ
873 2021 1016 2061 santiam
1033 2020 1222 2063 conversatio-

342 2084 412 2106 nem
423 2071 553 2111 vestram
565 2094 575 2110 ,
599 2072 633 2103 Θ
653 2071 807 2112 largiorem
816 2072 950 2111 gratiam
967 2071 1038 2108 Dei,
1059 2079 1128 2109 quae
1149 2072 1225 2102 data

341 2123 382 2164 est
406 2122 508 2161 vobis,
536 2131 593 2153 rton
612 2117 703 2161 solum
724 2125 758 2152 ut
776 2119 910 2151 carnales
923 2124 1047 2159 nuptias
1063 2126 1224 2151 contemne·

341 2178 419 2205 retis
445 2192 455 2211 ,
490 2171 595 2205 verum
613 2175 704 2202 eriam
726 2170 871 2211 eligeretis
895 2173 928 2200 in
945 2168 1033 2203 ,domo
1052 2165 1224 2209 fhcietatem

339 2225 499 2254 >unanimes
523 2218 687 2252 babitandi
709 2241 719 2258 ‚
750 2228 784 2250 ut
802 2217 841 2260 fit
864 2216 1074 2251 vobisanima
1107 2227 1169 2249 una
1189 2220 1222 2250 (15

342 2282 390 2304 cor
410 2281 500 2303 unum
525 2275 558 2302 in
581 2272 694 2301 Deum:
717 2275 799 2305 Haec·
814 2273 845 2300 in
864 2261 957 2302 vobis¹>
974 2267 1070 2308 bona,
1089 2265 1153 2299 baec
1166 2270 1223 2300 Dei

343 2323 422 2354 dona
441 2318 628 2361 confiderans
639 2342 651 2358 ‚
672 2323 750 2352 inter
758 2319 865 2351 multas
883 2316 1068 2359 tempestates
1080 2340 1092 2356 ,
1114 2317 1222 2358 quibus

342 2383 382 2405 ex
402 2372 474 2404 aliis
503 2370 590 2402 malis
612 2373 748 2410 quatitur
767 2379 814 2401 cor
837 2379 955 2408 meum,
970 2365 1042 2409 solet
1064 2376 1221 2409 utcumque

341 2418 517 2463 requiescere
529 2443 536 2451 .
554 2420 596 2452 Et
608 2417 748 2452 scribens
761 2417 885 2453 Abbati
900 2418 1067 2459 Eudoxio,
1087 2417 1221 2463 aliisque

342 2470 402 2505 sub
429 2470 500 2513 ipso
522 2467 688 2502 Fratribus
719 2467 872 2502 Eri-,mitis
899 2466 1011 2503 insulae
1041 2468 1218 2510 Capraria«.

343 2522 478 2565 ‚Quando
498 2525 625 2561 quietem
645 2517 773 2558 vestram
791 2524 970 2562 cogitamus,
990 2529 1079 2559 quam
1102 2516 1217 2550 bahem

341 2577 376 2605 in
387 2573 414 2603 C
416 2568 503 2608 bristo
514 2593 525 2609 ‚
542 2573 634 2601 etiam
647 2578 700 2600 nos
710 2591 721 2608 ‚
746 2574 889 2610 quamvls
901 2573 934 2600 in
945 2567 1094 2601 laboribus
1106 2570 1221 2608 vav-jis,

341 2618 510 2664 asperisque
519 2616 682 2661 versemur,
694 2624 727 2651 in
739 2617 835 2657 vestra
846 2617 993 2653 charitate
1000 2615 1219 2660 requiescimus.

343 2674 442 2704 vnum
465 2675 543 2702 enim
567 2677 669 2709 corpus
692 2667 746 2711 steb
769 2680 827 2701 uno
851 2673 949 2709 capite
963 2666 1066 2711 sumus
1087 2691 1098 2707 ‚
1132 2677 1166 2700 ut
1186 2670 1220 2701 (τ’

342 2732 397 2754 *vos
422 2725 454 2752 in
472 2719 555 2753 nobis
577 2717 729 2764 negotiosi,
753 2720 786 2752 (v
804 2729 856 2751 nos
877 2723 910 2750 in
921 2718 1004 2751 vobis
1025 2717 1104 2758 ociofi
1118 2717 1216 2758 fimus.

219 2792 225 2800 .
260 2768 263 2770 ’
293 2762 315 2783 “·
333 2768 698 2817 ¹Qupropterquisquits
718 2767 908 2813 Augustino
919 2768 988 2810 ejus
1000 2766 1195 2801 monasteria
1209 2790 1219 2806 ‚

337 2821 469 2864 ejusque
480 2830 548 2852 non
571 2819 606 2852 in
627 2818 782 2852 domibus
795 2817 1043 2860 Episcopalibus
1056 2817 1216 2858 Clericus,

339 2870 395 2905 sed
417 2871 452 2903 in
466 2869 552 2914 agris
570 2878 609 2903 ac
628 2868 760 2902 desertis
778 2868 892 2904 insulis
915 2866 1098 2902 monachos
1107 2867 1217 2910 eripit,

339 2932 409 2955 non
417 2917 627 2953 solummodo
637 2919 861 2953 calumniosus
871 2917 915 2951 est
926 2940 937 2957 ,
948 2917 1215 2960 finistrorumque

337 2970 426 3005 faber
448 2979 634 3009 armorum,
659 2969 713 3003 sed
736 2968 866 3012 insuper
884 2978 960 3002 eum
984 2969 1078 3003 omni
1099 2967 1233 3005 solatio,

335 3019 486 3055 orbatum
511 3019 580 3052 vult
599 3028 747 3063 torquere
775 3029 813 3052 ac
845 3019 1036 3053 consumere
1067 3027 1214 3051 rnaerore.

338 3071 418 3106 Hoc
433 3068 535 3101 scelus
546 3067 660 3103 volunt
667 3068 734 3111 ejus
745 3067 805 3103 filii
818 3080 825 3100 :
848 3068 910 3102 filii
918 3068 1016 3102 alieni
1030 3067 1214 3112 nugacibus

335 3118 528 3154 ratiunculis
547 3128 703 3161 tanquam
728 3118 970 3162 parricidalibus
1004 3119 1213 3162 pugiunculis

337 3170 371 3203 in
393 3170 481 3212 pium
494 3167 624 3202 Patrem
633 3170 748 3203 armati
761 3195 768 3202 .
799 3167 923 3203 Verum
937 3167 977 3202 ad
992 3180 1056 3202 rem
1068 3193 1075 3200 .
1092 3168 1213 3202 Osten-

335 3219 450 3255 damus
463 3218 622 3252 Eremitas
645 3218 687 3252 ab
699 3217 887 3263 Augustino
904 3218 1074 3258 institutos
1094 3230 1131 3252 ac
1141 3220 1213 3252 fun·

332 3268 428 3302 datos
440 3289 450 3305 ,
472 3267 505 3301 &
521 3267 653 3310 quidem
665 3277 831 3311 tamquam
845 3269 1077 3313 primogenitos
1090 3280 1127 3302 ac
1144 3269 1212 3301 lon-

330 3317 374 3368 gc
398 3315 575 3354 cariffimos
599 3318 710 3360 filios,
731 3319 830 3369 idfgue
854 3328 892 3352 ex
918 3319 989 3368 ipso
1009 3318 1214 3366 Augustino.

1421 573 1636 618 Eperpetuo
1673 574 1735 608 suo
1772 574 1807 609 in
1836 574 1954 610 statum
1982 574 2199 620 monasticum

1399 625 1551 660 Ὗαὶῖεὲἲιι
1580 625 1624 658 fic
1650 623 1765 659 scribit
1795 624 2008 668 Augustinus
2034 626 2074 660 ad
2102 625 2204 672 Hila-

1308 672 1392 706 rium
1420 672 1659 717 Syracusanum
1678 699 1685 706 .
1711 677 1802 717 Ego,
1828 681 1883 716 qui
1910 674 1975 708 haec
1995 673 2107 717 scribo,
2128 685 2200 718 per·
2220 667 2324 712 Epist-

1300 722 1491 765 fellionem,
1516 725 1554 757 de
1580 735 1642 766 qua
1667 723 1781 758 locutus
1803 725 1844 764 est
1872 727 2018 758 Dominus
2035 750 2046 765 ,
2075 729 2197 768 quando
2220 715 2313 766 89-‘1-
2329 729 2364 767 4·

1305 779 1351 805 ait
1378 774 1473 806 diviti
1499 772 1705 816 adolescenti,
1729 775 1834 815 vade,
1860 776 1958 808 vende
1982 780 2101 815 omnia,
2128 789 2197 818 quae

1303 822 1419 861 habes,
1447 825 1482 858 (¹5
1508 825 1549 857 da
1571 824 1782 866 pauperibus,
1810 826 1844 859 Θ
1870 824 1993 858 babebis
2019 824 2194 870 thesaurum

1301 877 1333 904 in
1352 874 1423 907 caelo
1443 898 1455 915 ,
1491 875 1525 908 Θ·
1551 880 1622 907 veni
1646 873 1764 917 sequere
1789 886 1836 908 me
1863 899 1875 914 ,
1901 875 2092 920 vehementer
2116 879 2196 910 ada-

1381 929 1411 962 '‚
1441 925 1475 958 &
1502 935 1559 957 non
1580 931 1653 957 meis
1679 924 1821 966 viribus,
1843 924 2009 970 sed-gratia
2039 927 2194 967 adiuvan-

1301 982 1329 1006 te
1337 972 1377 1013 fic
1379 973 1444 1015 feci
1455 996 1462 1005 .
1490 977 1600 1016 Neque
1610 979 1688 1008 enim
1700 981 1773 1017 quia
1784 976 1871 1008 dives
1883 987 1940 1008 non
1943 975 2011 1017 fui,
2021 977 2087 1011 idei)
2095 978 2193 1010 minue

1300 1035 1329 1055 m
1342 1023 1373 1056 bi
1400 1024 1613 1065 imputabitur.
1656 1029 1744 1058 Nam
1770 1036 1863 1068 neque
1887 1023 1943 1067 ipſs
1965 1025 2109 1068 Apostoli,
2137 1031 2190 1068 qui

1294 1079 1416 1114 priores
1443 1073 1495 1106 hoc
1511 1073 1671 1115 fecerunt,
1698 1076 1814 1109 divites
1831 1073 1959 1116 fuerunt
1980 1100 1987 1108 .
2015 1077 2076 1109 sed
2097 1084 2191 1110 totum

1298 1125 1445 1156 mundum
1466 1124 1594 1157 dimittit
1617 1148 1628 1164 ,
1653 1130 1703 1167 qui
1730 1126 1776 1170 (β’ν
1790 1126 1869 1158 illud
1891 1126 1970 1168 quod
1993 1125 2086 1160 babet
2104 1149 2116 1167 ,
2155 1129 2191 1161 ὁ*

1294 1174 1375 1214 quod
1397 1181 1483 1214 optat
1510 1172 1619 1207 babere
1631 1197 1642 1214 ‚
1669 1176 1800 1206 dimittit
1813 1198 1820 1205 .
1848 1177 2010 1217 ‚Quantum
2028 1184 2127 1209 autem
2150 1183 2186 1214 in

1295 1220 1354 1256 bac
1377 1220 1574 1265 perfeHionis
1605 1230 1659 1256 via
1681 1222 1857 1264 profecerim
1879 1246 1892 1263 ,
1930 1214 2027 1269 ma'gls
2061 1225 2186 1267 quidem

1294 1276 1367 1305 novi
1393 1284 1442 1317 ego
1469 1284 1561 1314 quam
1589 1270 1748 1315 quisquam
1772 1261 1851 1311 tilius
1878 1272 1984 1324 homos,
2004 1272 2066 1317 sed
2088 1281 2185 1318 magis

1294 1324 1373 1355 Deus
1400 1333 1491 1364 quam
1518 1334 1569 1366 ego
1596 1346 1604 1355 .
1638 1323 1690 1355 Ex
1717 1321 1783 1362 hoc
1820 1333 1934 1357 amore
1960 1324 2081 1358 fastum
2117 1326 2186 1366 est,
2207 1321 2362 1361 Ianne-

1291 1381 1326 1405 ut
1352 1383 1419 1406 cum
1439 1374 1510 1413 jam
1539 1372 1714 1414 baptizatus
1728 1374 1831 1408 Romae
1854 1373 1920 1416 effer
1934 1397 1944 1413 ,
1971 1385 2025 1407 nec
2042 1373 2129 1415 ferre
2138 1384 2184 1408 ta-
2205 1374 2295 1408 trab!-
2305 1386 2332 1409 c.

1291 1427 1368 1455 citus
1391 1423 1486 1465 poffet
1514 1422 1747 1456 Manicbaeorum
1766 1423 1957 1463 JaHantiam
1983 1425 2021 1458 de
2039 1422 2132 1466 falsa
2150 1426 2185 1460 &⁸

1284 1471 1396 1517 fallaci
1419 1477 1606 1506 continentia
1632 1474 1684 1505 vel
1696 1472 1899 1513 abstinentia,
1923 1484 1985 1514 qua
2014 1469 2050 1515 se
2075 1475 2183 1507 adim-

1285 1530 1399 1563 peritos
1411 1523 1598 1564 decipiendos
1613 1547 1623 1562 ‚
1651 1529 1734 1556 veris
1749 1521 1930 1563 christianis
1943 1546 1954 1563 ,
1980 1521 2088 1566 quibus
2101 1534 2184 1557 cona-

1283 1573 1432 1614 paranda
1458 1584 1517 1615 non
1538 1571 1636 1616 sunt,
1663 1569 1782 1616 insuper
1789 1571 1988 1615 praeferunt‚
2017 1574 2178 1617 scripserit

1288 1622 1410 1658 librum
1446 1623 1486 1656 de
1514 1622 1661 1657 moribus
1690 1618 1867 1665 Ecclefiae,
1902 1633 2045 1667 eumque
2071 1634 2181 1659 totum

1287 1672 1462 1715 repleverit
1488 1673 1566 1707 solis
1590 1673 1692 1709 fermc
1717 1672 1871 1708 laudibus
1896 1666 2180 1709 niouasteriorum.

1290 1723 1393 1756 Hunc
1421 1733 1568 1757 amorem
1593 1723 1622 1757 ei
1650 1720 1759 1757 adhuc
1773 1723 1908 1758 novello
1933 1718 2179 1760 catechumeno

1287 1772 1494 1816 implacitavit
1522 1772 1659 1808 Nobilis
1674 1773 1722 1807 vir
1747 1773 1961 1815 Potitianus,
1987 1772 2106 1822 dequo
2132 1774 2180 1808 it'a

1287 1822 1376 1865 ipse.
1404 1826 1496 1855 Ortus
1523 1822 1560 1863 est
1582 1821 1681 1866 sermo
1707 1821 1767 1866 ipso
1792 1833 1938 1857 narrante
1975 1824 2013 1857 de
2050 1825 2177 1858 Antonio
2198 1811 2360 1851 1¹·8·⁶⁰¹²·

1288 1874 1433 1916 AEgyptio
1457 1872 1620 1914 monacho,
1645 1875 1729 1913 cujus
1756 1885 1859 1907 nomen
1886 1874 2064 1908 excellenter
2085 1874 2178 1908 clare·
2198 1865 2263 1901 fers.
2275 1866 2343 1902 0-6·

1287 1922 1339 1954 bat
1366 1923 1454 1964 apud
1474 1921 1579 1965 servos
1606 1932 1694 1964 tuos,
1720 1935 1772 1956 nos
1786 1933 1887 1957 autem
1913 1922 2004 1967 usqae
2029 1929 2063 1958 in
2087 1924 2175 1958 illam

1285 1970 1388 2003 boram
1413 1974 1528 2005 latebat
1541 1996 1550 2004 .
1578 1975 1672 2016 ,Quod
1694 1973 1745 2007 ille
1771 1974 1822 2007 ubi
1846 1979 2010 2016 comperit,
2036 1980 2176 2008 immor»

1284 2027 1337 2050 tus
1366 2017 1404 2058 est
1430 2025 1463 2050 in
1488 2030 1519 2052 eo
1537 2016 1704 2062 sermone,
1742 2021 1897 2060 infinuans
1933 2029 2051 2054 tantum
2075 2027 2179 2064 virum

1286 2068 1497 2106 ignorantibus
1512 2090 1523 2104 ,
1551 2071 1585 2100 Φ·
1611 2064 1773 2101 admirans
1799 2072 1930 2102 eandem
1954 2071 2083 2109 nostram
2094 2076 2176 2116 ›igno-

1287 2118 1420 2157 rantiam
1432 2135 1440 2145 .
1476 2114 1674 2156 stupebamus
1692 2125 1796 2151 autem
1813 2118 1972 2151 audientes
1993 2127 2057 2150 tam
2077 2129 2174 2154 recen·

1262 2174 1263 2184 ³
1284 2168 1310 2195 ts'
1334 2168 1480 2196 memoria
1493 2187 1504 2203 ,
1529 2164 1562 2196 (5
1581 2165 1676 2209 prope
1702 2160 1803 2209 ¹nostris
1819 2166 2022 2207 temporibus,
2048 2167 2174 2214 testatis-

1280 2209 1352 2251 fima
1378 2212 1530 2247 mirabilia
1556 2210 1669 2258 tua'in
1678 2212 1739 2257 fide
1764 2215 1846 2254 recia
1871 2218 1906 2251 6
1932 2213 2092 2257 catholica
2115 2221 2174 2254 Ec·

1283 2261 1363 2307 cleJt'a
1378 2288 1385 2296 .
1412 2267 1522 2305 Omnes
1548 2265 1756 2305 mirabamur,
1781 2267 1901 2307 &nost
1927 2265 2091 2310 quianlrtam
2100 2281 2170 2302 ma-

1278 2323 1342 2356 gna
1367 2323 1455 2346 erant
1477 2336 1488 2353 ,
1514 2315 1548 2347 &
1574 2309 1623 2348 ille
1642 2339 1655 2355 ,
1681 2320 1753 2357 quia
1778 2318 1920 2349 inaudita
1946 2317 2031 2362 nobis
2055 2326 2143 2352 erant
2155 2342 2168 2361 ,

1285 2364 1358 2396 inde
1378 2361 1478 2405 sermo
1502 2365 1567 2404 eius
1595 2366 1751 2398 devolutus
1786 2365 1823 2405 est
1862 2367 1908 2397 ad
1931 2366 2172 2406 monasteriorum

1278 2424 1385 2458 greges
1408 2437 1419 2456 ,
1451 2415 1485 2447 (τ
1511 2424 1604 2447 mores
1626 2413 1844 2457 suaveolentiae
1880 2425 1943 2448 tuae
1967 2438 1979 2454 ,
2012 2417 2047 2450 (ι’
2071 2417 2172 2452 ubera

1281 2461 1401 2508 deserta
1425 2468 1541 2501 eremi,
1568 2475 1687 2505 quorum
1712 2475 1765 2496 nos
1791 2463 1872 2496 nibil
1889 2463 2054 2507 sciebamus
2073 2491 2081 2499 .
2122 2470 2170 2500 Et

1281 2521 1347 2545 erat
1375 2513 1583 2553 Monaflerium
1609 2514 1773 2550 Mediolani
1795 2516 1922 2556 plenum
1946 2514 2031 2548 bonis
2047 2520 2170 2550 Fratri-

1282 2564 1340 2595 bus
1353 2585 1365 2602 ,
1389 2572 1483 2596 extra
1507 2563 1588 2596 urbis
1615 2570 1727 2598 maenia
1752 2563 1806 2606 sub
1835 2563 1975 2606 Ambrofio
1998 2572 2138 2600 nutritore
2154 2592 2166 2608 ,

1280 2614 1315 2646 δ’
1337 2622 1395 2646 non
1418 2623 1614 2647 noveramus.
1637 2614 1837 2648 Pertendebat
1864 2615 1914 2648 ille
1937 2617 1970 2649 (5
1995 2616 2168 2658 loquebatur
2310 2654 2311 2657 Ἰ

1281 2661 1383 2695 adhuc
1398 2686 1408 2701 ‚
1435 2664 1469 2696 (τ
1491 2675 1543 2696 nos
1565 2665 1675 2698 intenti
1694 2663 1887 2705 tacebamus,
1911 2666 1970 2699 &a
2003 2667 2168 2700 Narrabat
2191 2665 2272 2714 Cap.
2286 2667 2318 2718 7ss

1281 2712 1343 2744 baec
1381 2715 1553 2746 Potitianus
1577 2726 1587 2747 .·
1627 2718 1672 2748 Tu
1694 2725 1796 2748 autem
1821 2718 1944 2748 Domine
1974 2721 2054 2750 inter
2071 2718 2168 2751 verba
2241 2715 2245 2720 ’
2326 2717 2330 2721 ’

1278 2764 1341 2803 ejus
1367 2764 1560 2806 retorquebas
1587 2775 1632 2798 me
1658 2766 1703 2798 ad
1725 2763 1864 2808 meipsum
1885 2788 1896 2804 ,
1924 2765 2064 2807 auferens
2087 2769 2166 2802 mea

1276 2810 1361 2856 dorso
1372 2825 1435 2846 meo
1447 2837 1458 2854 ‚
1485 2813 1536 2846 ubi
1548 2826 1593 2847 me
1609 2813 1766 2859 posueram
1779 2839 1789 2855 ,
1809 2816 1880 2848 dum
1893 2816 1998 2848 nollem
2008 2827 2056 2850 me
2066 2827 2166 2859 atten-

1277 2864 1367 2903 dere,
1392 2863 1425 2898 &
1449 2864 1641 2903 constituebas
1664 2876 1711 2898 me
1734 2875 1807 2899 ante
1822 2864 1939 2907 faciem
1961 2877 2060 2899 meam
2078 2891 2091 2907 ‚
2127 2867 2163 2900 ut

1277 2914 1410 2946 viderem
1425 2938 1435 2953 ,
1469 2925 1560 2956 quam
1580 2921 1682 2957 turpis
1704 2915 1786 2957 effem
1804 2940 1815 2955 ‚
1843 2927 1936 2957 quam
1965 2916 2105 2956 distortus
2127 2920 2162 2952 ά

1270 2961 1412 3004 sordidus
1426 2987 1438 3004 ,
1462 2962 1621 3007 maculosus
1648 2967 1682 2999 (5
1707 2964 1850 3007 ulcerosus
1862 2990 1870 2998 .
1892 2967 1974 2998 Tunc
1986 2969 2055 2999 vero*
2069 2964 2162 3009 quan-

1275 3023 1305 3045 to
1316 3014 1470 3047 ardentius
1490 3014 1628 3048 amabam
1652 3017 1718 3048 illos
1730 3040 1742 3056 ,
1769 3015 1925 3058 dequibus
1943 3014 2102 3049 audiebam
2108 3014 2160 3059 sa·

1273 3061 1373 3096 lubres
1395 3062 1520 3106 affec‘lus
1540 3088 1551 3104 ,
1576 3067 1654 3107 quod
1667 3063 1702 3108 se
1723 3074 1798 3098 totos
1817 3064 1874 3097 tibi
1891 3062 2050 3107 sanandos
2070 3067 2161 3100 dede·

1273 3121 1345 3145 rant
1356 3136 1366 3152 ,
1391 3123 1476 3147 tanto
1483 3115 1682 3149 execrabilius
1693 3126 1739 3148 me
1749 3122 1952 3156 comparatum
1960 3116 2003 3156 ijs
2022 3116 2155 3150 oderam.
2318 3145 2338 3159 .‚

1273 3162 1375 3195 Tunc
1394 3163 1480 3198 itum
1503 3163 1549 3198 est
1571 3163 1767 3199 advhortum
1786 3177 1795 3208 3
1834 3175 1914 3199 tunc
1934 3165 2046 3200 audita
2069 3177 2136 3200 vox
2149 3190 2157 3199 .
2178 3170 2208 3204 L
2234 3167 2263 3208 8,
2277 3166 2306 3207 ς’,
2325 3162 2338 3175 ”

1273 3213 1352 3246 Tolle
1373 3213 1434 3257 lege
1452 3238 1464 3255 ,
1495 3213 1562 3248 tolle
1591 3214 1652 3258 lege
1676 3228 1683 3248 :
1722 3226 1805 3249 tunc
1828 3215 1925 3249 iectus
1953 3214 2156 3260 Apostolus·,
2182 3229 2234 3256 η.
2332 3217 2334 3219 ’

1272 3267 1345 3296 Non
1363 3268 1395 3296 in
1415 3264 1663 3307 comessationibus
1678 3267 1713 3301 (9·
1723 3265 1917 3299 ebrietatibus
1928 3289 1938 3305 ,
1962 3270 2064 3297 nonin
2077 3266 2157 3300 cubi·

1270 3314 1353 3348 libus
1375 3314 1409 3346 <bt
1428 3315 1648 3356 impudicitiis,
1669 3327 1729 3348 non
1748 3320 1781 3349 in
1803 3321 1991 3349 contentione
2013 3315 2047 3350 &²
2064 3327 2157 3351 aemu-

1270 3365 1379 3397 latione
1391 3388 1402 3405 ,
1417 3363 1476 3407 sed
1487 3365 1652 3397 induimini
1670 3363 1785 3413 Jesum
1807 3364 1978 3406 Christum,
1998 3366 2032 3399 (9¹
2052 3373 2155 3401 carnis

1266 3415 1492 3459 providentiam
1514 3413 1704 3461 nescieritis
1726 3422 1759 3450 in
1779 3413 2018 3459 concupiscentiis
2041 3429 2051 3460 ;
2074 3426 2155 3454 tunc

2018 3467 2105 3513 quali
