2384 3770
367 90 434 142 46
807 82 890 129 Dia

174 697 245 732 [ὦ
267 697 306 731 de
322 716 530 760 exprobrarat
541 717 786 760 Tertullianus,
819 719 962 763 Vespillo,
990 721 1198 762 leno‚lanista

148 748 222 792 Pau·
243 759 304 797 ‘³²4'
319 776 410 802 tecum
423 767 585 808 vestiuntur
598 791 608 808 ,
635 769 724 811 pallii
740 771 833 803 usum
862 771 1027 813 resumpsit
1042 784 1079 805 ac
1096 783 1197 815 patro·

318 818 444 852 oinium
459 843 470 859 ‚
496 819 654 861 caepitque
675 819 692 852 ὲ
714 820 791 853 vero
818 822 932 854 devius
953 822 1089 864 pallium
1116 833 1198 858 tam-

317 879 414 912 quam
434 868 588 902 omnibus
602 867 647 902 ad
674 869 809 904 salutem
829 870 1033 914 acjustitiam
1061 875 1196 908 necessa-

317 920 401 952 rium
424 919 592 962 praedicare
613 943 620 951 .
660 919 759 954 Hanc
780 921 848 963 ejus
872 921 1030 955 insaniam
1060 922 1195 958 damnat

315 969 498 1003 concilium
523 993 533 1009 ,
561 968 794 1012 pallium-vero
822 969 949 1006 salvum
968 972 1053 1015 apud
1080 984 1193 1008 mona·
1218 992 1223 997 1

313 1018 394 1052 chos
416 1019 554 1059 mansit,
580 1019 750 1061 quomodo
774 1021 840 1054 vita
861 1023 1049 1056 communis
1074 1047 1085 1064 ,
1110 1023 1191 1058 nudi

312 1069 430 1112 pedes,
458 1069 585 1112 aliaque
600 1070 691 1112 plura
712 1070 890 1113 primorum
905 1071 1167 1110 Christianorum
1183 1100 1190 1108 .

313 1119 404 1151 Hinc
416 1120 505 1153 enim
519 1119 641 1152 sanstus
656 1119 884 1164 Hieronymus
896 1122 1065 1156 adversum
1077 1136 1190 1158 mona-

142 1166 427 1228 Epjst‚23‚chismi
447 1169 691 1203 obtrectatores.
720 1175 786 1204 Nos
813 1177 885 1213 quia
903 1170 1002 1214 serica
1026 1173 1105 1213 veste
1128 1186 1188 1207 non

311 1225 422 1253 utimur
433 1244 443 1261 ,
470 1219 604 1252 monachi
607 1222 792 1260 judicamur:
820 1224 904 1265 ‚Quia
916 1223 988 1255 ebrii
1001 1233 1057 1256 non
1067 1221 1168 1267 sumus
1181 1248 1190 1263 ,

311 1280 362 1303 nec
384 1270 526 1304 cachinno
547 1282 598 1303 ota
621 1270 804 1313 dzffolemus
817 1296 828 1312 ,
855 1278 1037 1306 continentes
1049 1285 1189 1307 vocamur

310 1322 346 1353 (u
371 1319 486 1361 tristes:
513 1322 546 1353 si
565 1326 665 1354 rustica
679 1332 735 1355 non
743 1321 931 1365 splenduerit
944 1347 954 1363 ,
973 1322 1076 1363 statim
1087 1325 1189 1359 illude

169 1382 293 1419 Praefat.
311 1376 423 1411 trimo,
449 1370 586 1413 Impostor
611 1373 769 1415 &graecus
784 1372 821 1412 est
833 1397 840 1404 .
868 1372 947 1407 Hoc
957 1373 1002 1407 est
1015 1398 1025 1414 ,
1053 1373 1187 1408 Graeco-

132 1434 173 1470 „d
187 1434 294 1474 mmde
310 1431 381 1459 rum
404 1432 495 1455 more
515 1445 527 1461 ,
566 1421 739 1465 hypocrita
763 1422 796 1456 &
815 1423 965 1465 palliatus
985 1449 992 1456 .
1032 1426 1187 1467 ,Quoniam

134 1484 207 1530 9211·
236 1471 261 1475 '⁴
310 1476 414 1511 onim,
441 1471 550 1515 inquit
575 1471 693 1506 Beatus
718 1471 920 1512 Rhenanus,
949 1476 1116 1508 Graecorum
1136 1486 1187 1519 ge-

203 1521 205 1525 ‘
304 1521 419 1561 flamen
431 1529 496 1554 erat
507 1522 635 1562 pallium
648 1546 659 1561 ‚
684 1532 716 1554 ut
730 1532 797 1566 toga
811 1526 1008 1556 Romanorum
1018 1542 1038 1564 ‚⁴
1054 1526 1088 1558 (νγ
1099 1525 1186 1558 Chri·

303 1570 398 1611 stiani
415 1571 612 1615 frugalitatis
628 1578 732 1615 gratia
762 1573 855 1614 pallio
878 1573 1077 1613 vestiebantur
1103 1583 1184 1607 tam-

308 1632 401 1663 quam
415 1620 664 1666 vefiefimpliciori
676 1622 919 1670 &philosophica
931 1623 1069 1665 ,saelum
1080 1625 1117 1664 est
1132 1650 1142 1665 ,
1151 1635 1183 1658 ut

247 1687 250 1690 ·
308 1673 431 1715 vulgari
451 1677 602 1712 convicio,
629 1677 681 1714 qui
703 1673 805 1713 nostrit
824 1671 922 1716 sacris
935 1679 1052 1707 initiati
1058 1675 1161 1716 forent
1174 1702 1183 1719 ‚

303 1727 398 1765 graeci
412 1731 585 1754 vocarentur
598 1747 608 1763 ,
628 1723 662 1755 o·
674 1722 712 1755 ab
722 1724 877 1764 injellione
883 1725 971 1765 pallii
983 1749 994 1765 ‚
1019 1726 1182 1767 quodtunt·

306 1782 349 1803 cae
370 1770 670 1813 superimponebant,
697 1779 787 1806 etiam
810 1779 1012 1816 imponentes,
1039 1783 1070 1808 ut
1081 1781 1126 1808 ita
1137 1777 1181 1808 di-

307 1826 405 1855 xerim
420 1845 429 1860 ,
443 1820 508 1861 'five
520 1822 711 1863 impofitores.
740 1828 827 1856 Nam
843 1824 989 1865 pallium,
1014 1834 1048 1858 ut
1069 1827 1182 1859 Tertul-

306 1872 407 1904 lianus
430 1874 545 1912 inquit,
573 1874 709 1905 interulae
727 1872 875 1915 superest,
901 1877 984 1915 cujus
995 1884 1058 1907 tota
1071 1877 1181 1908 molitio

307 1925 418 1962 operire
425 1919 546 1963 solutim
564 1944 574 1959 ,
593 1921 628 1951 id
635 1921 672 1960 est
685 1934 760 1960 ,uno
771 1923 929 1963 interJ'eHu
939 1948 946 1954 .
975 1927 1102 1966 ,Quoties
1113 1937 1180 1968 ergo

309 1969 497 2010 Christianus
506 1971 614 2013 aIIquis
620 1972 758 2014 prodtffet
771 1995 780 2010 ‚
804 1971 907 2012 statim
919 1973 993 2003 illud
1001 1974 1017 2005 ἐ
1026 1978 1119 2005 trivio
1129 1985 1181 2006 au·

308 2020 411 2054 diebat
427 2045 436 2060 ,
465 2024 587 2056 Graecus
605 2021 638 2054 ὦ·
658 2021 790 2062 impostor
802 2045 809 2052 .
839 2020 1049 2062 Idfimpliciter
1060 2028 1180 2064 accipie·

306 2071 361 2103 bat
387 2071 537 2104 indoc‘lum
561 2072 669 2113 vulgus
693 2071 726 2102 ob
756 2071 846 2110 pallii
861 2069 1178 2111 superimpofitionem‚

306 2122 446 2154 caeterum
469 2121 596 2153 litterati
612 2118 775 2161 figuratum
798 2117 922 2160 morsum
934 2120 1136 2162 intelligebant
1147 2125 1179 2152 in

298 2171 448 2203 -vocabulo
469 2169 621 2210 impostor,
647 2169 726 2209 quod
751 2167 787 2206 est
808 2169 942 2210 deceptor
966 2168 1092 2203 &homo
1102 2181 1177 2202 men·

308 2226 387 2253 tiens
398 2218 588 2262 sanc‘litatem
600 2242 607 2250 .
638 2218 724 2257 Hic,
753 2218 888 2261 inquam
900 2243 911 2259 ‚
931 2218 1087 2264 figuratus
1099 2231 1178 2253 rnor-

308 2271 361 2303 sus
374 2280 439 2303 una
456 2281 530 2303 cum
546 2269 598 2302 sua
609 2267 693 2306 veste
703 2267 767 2311 jam
783 2267 907 2311 pridem
919 2270 1003 2312 apud
1016 2270 1101 2303 solos
1113 2280 1179 2304 mo·

308 2319 432 2354 nachos
456 2321 576 2360 fuerat,
603 2330 639 2353 ac
652 2319 833 2353 etiamnum
846 2318 1046 2362 Hieronymi
1059 2328 1179 2363 tempo·

308 2382 341 2403 re
365 2370 449 2413 apud
473 2370 556 2413 ipsos
580 2369 812 2412 permanebat.
838 2369 949 2412 Hujus
966 2368 1069 2413 'porro
1090 2370 1191 2417 pallii

308 2422 449 2455 formam
471 2420 629 2464 colligere
662 2420 739 2454 licet
772 2431 814 2453 ex
834 2418 1026 2463 quibusdam
1050 2419 1179 2456 Tertul-

308 2471 389 2506 liani
412 2470 495 2506 locis
517 2470 601 2504 inter
622 2470 654 2503 se
675 2469 822 2504 collatis.
849 2470 942 2504 Dicit
952 2471 1058 2504 enim.
1087 2475 1124 2503 1n
1138 2476 1183 2502 vi-

307 2528 353 2555 ris
377 2523 462 2564 pallii
484 2518 666 2563 extrinsecus
686 2519 804 2552 habitus
818 2543 828 2559 ,
855 2521 890 2555 (9⁹
912 2518 973 2563 ipse
995 2522 1182 2564 quadrangu-

310 2575 356 2607 ius
372 2596 383 2612 ,
408 2572 447 2605 ab
460 2581 582 2614 utroque
604 2572 730 2603 laterum
743 2568 866 2613 regestus
877 2595 887 2610 ,
914 2570 1115 2604 &cervicibus
1129 2576 1183 2603 cir·

310 2622 497 2662 cumstrutius
510 2646 520 2661 ‚
547 2627 579 2653 in
595 2621 695 2661 ftbulae
717 2618 811 2662 morsu
822 2618 950 2655 humeris
963 2620 1181 2664 acquiescebat.

311 2673 359 2706 Et
381 2673 499 2706 iterum
526 2697 532 2703 .
563 2673 652 2704 Prius
674 2676 765 2704 etiam
791 2671 836 2702 ad
847 2669 1004 2712 simplicem
1018 2669 1123 2713 spee‘Za
1144 2680 1183 2703 te-

311 2724 375 2757 iam
396 2723 475 2763 eJ‘us:
510 2721 604 2755 Nullo
626 2722 716 2754 taedio
738 2719 867 2759 constat.
894 2722 971 2753 Adeo
999 2731 1051 2754 nec
1070 2720 1182 2762 artifice

310 2780 383 2815 opus
393 2772 429 2812 est
442 2796 452 2812 ,
477 2778 529 2814 qui
543 2773 645 2814 pridie*
657 2783 745 2815 rugas
757 2770 795 2802 ab
807 2771 926 2803 exordio
929 2770 1047 2812 formet
1056 2795 1067 2810 ,
1092 2771 1125 2807 (θ’
1136 2776 1181 2803 in-

311 2824 350 2856 de
360 2823 487 2855 deducat
501 2827 533 2855 in
543 2823 627 2855 eilias
635 2847 645 2863 ,
671 2830 821 2863 totumque
832 2821 976 2855 contra&
987 2821 1120 2854 umbonis
1128 2821 1181 2864 fig-

311 2881 442 2906 mentum
451 2872 611 2912 custodibus
623 2870 794 2915 forcipibus
805 2871 942 2915 affignet:
969 2870 1094 2905 Dehinc
1106 2871 1181 2904 dilu-

311 2924 374 2956 culo
394 2924 493 2956 tum'ca
512 2929 598 2965 prius
610 2923 722 2966 cingulo
734 2929 867 2963 correpta
884 2945 895 2961 ‚
922 2920 1182 2964 quampraestabat

310 2973 535 3006 moderatiorem
556 2975 674 3016 texuisse
702 2997 713 3013 ‚
739 2977 882 3015 recognito
905 2967 1019 3014 rursum
1038 2971 1180 3010 umbone,

312 3023 347 3056 ΕΤ
354 3021 383 3062 fi
399 3024 471 3064 quid
492 3024 677 3057 exorbitavit
689 3021 847 3064 reformato
857 3046 867 3061 ,
890 3029 1010 3064 partem
1018 3023 1134 3063 quidem
1144 3021 1181 3052 de

315 3074 395 3105 Iaevo
414 3078 576 3114 promittat
590 3098 599 3111 ,
625 3074 768 3105 ambitum
793 3075 865 3105 vero
877 3067 964 3113 ejas,
990 3071 1180 3114 exquofinus

311 3120 446 3164 nascitur
462 3125 533 3164 jam
554 3123 755 3165 deficientibus
779 3123 888 3156 tabulis
907 3121 1070 3159 retrabat&
1078 3121 1181 3165 scapu-

312 3172 352 3203 lis
365 3197 375 3212 ‚
401 3173 434 3206 <J
455 3172 574 3216 exclusa
597 3175 720 3206 dextera
732 3178 765 3205 in
782 3173 916 3218 laevam,
941 3171 1038 3205 adbuc
1047 3180 1181 3215 congerat

314 3231 376 3253 cum
393 3224 451 3254 alio
459 3228 529 3265 pari
538 3223 672 3256 tabulato
688 3228 719 3254 in
731 3232 810 3267 tergo
820 3224 928 3259 devoto
937 3248 948 3264 ,
974 3231 1064 3265 atque
1076 3228 1122 3255 ita
1134 3221 1180 3255 bo·

313 3276 422 3303 minem
431 3270 549 3313 sarcina
569 3273 695 3315 vestiat.
721 3271 939 3314 Conscientiam
959 3275 1085 3316 dentque
1096 3282 1181 3307 tuam

309 3321 492 3369 perrogabo,
517 3325 594 3365 quid
615 3333 644 3357 te
650 3328 739 3365 prius
751 3328 784 3354 in
796 3332 862 3365 toga
875 3322 992 3365 sentias
1004 3348 1015 3364 ‚
1041 3324 1181 3356 indutum

313 3371 393 3402 anne
415 3371 543 3410 onustum
561 3375 573 3406 ?
600 3374 717 3409 Habere
737 3371 844 3411 vestem
866 3396 877 3412 ‚
903 3384 945 3405 an
966 3373 1130 3414 bajulare?
1151 3374 1182 3406 sa·

312 3419 461 3473 negabis,
487 3421 602 3456 domum
628 3423 803 3470 consequar,
830 3423 955 3467 videbo,
987 3425 1065 3468 quid
1076 3423 1181 3466 statim

135 2493 252 2538 cam.

940 83 1218 131 Oui-ome

326 163 374 197 uti
400 173 486 208 patet
509 175 549 198 ex
571 161 634 196 hoc
657 167 1157 213 eanoneconciiiiGangrenfis.
1183 171 1215 202 st

160 238 231 274 Can
256 246 299 276 12
330 221 396 256 quis
417 221 548 248 virorum
557 221 717 253 putaverit
723 214 828 258 samJo
838 219 1000 261 proposito,
1027 219 1105 258 idest
1117 226 1215 253 conti-

234 265 241 274 '
302 267 306 274 '
330 270 442 298 nentiae
453 269 628 303 convenire,
655 275 690 297 ut
698 268 793 307 pallio
806 277 931 310 utatur,
955 277 1113 312 tamquam
1123 283 1163 305 ex
1175 282 1208 303 eo

323 314 471 354 justitiam
484 312 640 347 habiturus
654 339 665 355 ,
692 318 725 349 ὢ·
736 317 938 359 reprehendat
949 320 1024 352 alios
1040 343 1051 359 ‚
1076 327 1205 362 quicum

329 368 498 396 reverentia
516 363 604 396 birris
624 373 746 398 utuntur
765 392 775 407 ‚
801 371 835 402 (tt
856 371 918 402 alia
938 369 1015 409 veste
1036 376 1184 406 communi
1195 397 1206 412 ,

327 426 392 456 quae
423 421 455 447 in
477 412 528 456 usu
557 413 593 455 est
617 440 627 456 ,
665 417 824 451 anathema
842 418 880 460 fit
900 443 908 452 .
952 419 1115 455 Eustatius
1138 423 1208 465 qui·

325 468 400 499 dam
414 490 423 505 ,
451 467 612 500 nescimus
636 469 707 508 quis
730 479 785 502 aut
798 469 907 508 unde,
936 470 1127 514 indignatus
1142 473 1211 516 pai-

324 517 406 549 lium
421 540 433 556 ‚
457 517 609 551 amictum
634 518 747 561 utique
770 519 929 553 humilem
962 531 999 554 ac
1012 520 1201 557 Christiano

323 578 435 610 aptum
448 592 458 608 ,
479 578 542 601 una
556 578 631 601 cum
645 567 718 601 aliis
739 568 833 602 bonis
846 570 992 604 moribus
1008 571 1040 603 in
1051 571 1205 608 dissuetu-

322 617 436 651 dinem
462 617 549 651 abire
567 641 578 657 ,
615 617 756 661 ideoque
777 619 839 661 jam
866 621 978 654 multis
1004 619 1202 657 Christianis

322 667 420 710 obijci
442 668 550 710 posse,
577 668 665 711 quod
686 670 768 701 olim
794 668 884 713 pallii
899 669 1047 704 osoribus
1064 674 1201 718 paganis

1267 84 1674 134 Eneutranum

1278 170 1299 201 ἃ
1324 169 1429 201 limine
1446 177 1605 211 properes,
1631 168 1738 202 nullius
1755 170 1891 213 P'ffeffl’
1904 171 2073 206 indumenti
2085 173 2158 205 alte.

1277 223 1341 253 rius
1352 218 1489 261 estpofitio
1499 230 1590 262 quam
1601 227 1677 264 togae
1690 221 1862 265 gratulatur
1873 247 1880 254 .
1909 227 1947 255 At
1968 229 2048 256 enlm
2056 224 2149 265 pallio
2175 219 2256 264 Cap.
2261 230 2294 269 3.

1276 268 1354 301 nibil
1362 270 1556 311 expeditius,
1580 274 1672 303 etiam
1680 270 1813 311 duplex,
1841 274 1926 313 quod
1933 278 2057 307 crateris
2070 285 2149 306 more

1276 318 1423 361 nusquam
1434 319 1584 360 vestiendo
1591 326 1776 362 componitur
1788 333 1796 353 ι
1825 323 1951 364 ,Quippe
1960 333 2023 356 tota
2036 325 2147 357 molitio

1274 372 1340 409 ejus
1361 375 1474 411 operire
1483 371 1524 411 est
1530 368 1671 412 filistim,
1697 371 1735 403 id
1744 370 1784 411 est
1801 394 1812 411 ,
1838 383 1895 404 uno
1905 373 2061 415 interjectu
2076 397 2086 414 ,
2111 374 2148 406 li-

1274 429 1320 451 cet
1336 421 1469 461 equidem
1487 419 1632 464 nusquam
1648 419 1809 454 inhumano
1820 446 1830 463 ,
1854 426 1900 454 ita
1909 429 2007 456 omnia
2018 423 2146 456 bominis

1267 466 1354 509 simul
1363 476 1486 514 contegit
1496 495 1504 503 .
1531 473 1690 504 Humerum
1703 473 1811 505 velans
1823 479 1945 514 exponit
1958 474 1991 505 6·
2002 475 2142 507 includit:

1272 522 1388 552 Caetero
1409 531 1468 562 qua
1484 527 1518 555 in
1538 521 1692 555 humerum
1704 522 1840 555 adbaeret
1850 548 1861 563 ,
1890 522 1967 555 nibil
1976 524 2145 564 circumful-

1269 576 1311 601 cit
1322 593 1333 609 ,
1359 568 1437 602 nihil
1443 577 1645 616 circumcingit
1656 595 1667 611 ‚
1695 571 1775 605 nibil
1794 573 1831 605 de
1843 572 2018 606 tabularum
2027 574 2087 616 fide
2099 574 2143 607 la·

1270 618 1354 652 borat
1365 643 1377 659 ‚
1394 618 1491 660 facile?
1506 621 1569 666 sese
1594 627 1670 666 regit
1682 645 1692 661 ,
1711 622 1808 664 facili
1829 624 1938 667 reficit,
1965 629 2056 656 etlam
2076 634 2143 656 cum

1267 676 1426 711 exponitur·
1447 695 1458 711 ,
1485 673 1560 705 nulli
1579 676 1664 712 cippo
1683 676 1715 703 in
1737 670 1895 710 crastinum
1917 675 2140 706 demandatur.

1266 721 1286 751 5
1288 726 1299 750 i
1321 721 1398 761 quid
1414 723 1552 755 interulae
1568 716 1697 764 superest
1709 745 1719 761 ,
1747 732 1833 755 vocat
1848 735 1931 758 zonae
1942 733 2140 757 tormentum.
2159 723 2278 769 Caph.

1267 769 1379 804 Primo
1392 770 1501 814 itaque
1515 795 1526 811 ‚
1551 772 1687 814 pallium
1698 781 1764 805 erat
1774 783 1815 805 ex
1828 771 1965 817 simplici
1981 774 2115 808 materia
2128 799 2137 808 .

1264 819 1394 854 Deinde
1416 844 1427 860 ,
1452 832 1520 855 erat
1544 822 1773 856 vestimentum
1797 823 1890 864 leve,
1916 823 2005 868 quod
2031 823 2138 858 homi-

1261 881 1336 904 nem
1359 871 1444 905 mere
1465 871 1642 912 vestiebat,
1670 883 1876 916 nequaquam
1896 874 2065 917 quomodo
2089 885 2137 908 to·

1258 930 1299 964 ga
1321 920 1495 965 gravabat,
1524 921 1664 966 ideoque
1687 934 1748 956 nec
1771 923 1863 957 domi
1889 924 2136 968 deponebatur,

1257 971 1481 1013 deponebatur
1503 982 1615 1006 autem
1636 982 1715 1018 toga
1736 997 1744 1005 .
1775 973 1856 1022 Qo
1878 975 2049 1017 respiciens
2071 986 2134 1009 au-

1257 1021 1325 1054 stor
1345 1020 1401 1056 iste
1421 1022 1613 1067 incognitus
1639 1022 1721 1057 dicit
1742 1023 1782 1057 de
1805 1026 1916 1059 taneio
1928 1025 2130 1069 Fuigentioz·

1255 1072 1391 1115 ‚Quando
1402 1077 1558 1115 temperies
1584 1078 1662 1106 aeris
1677 1073 1831 1107 invitabat
1843 1099 1854 1114 ‚
1873 1072 1934 1117 solo
1944 1075 2038 1117 pallio
2050 1081 2136 1108 intra

1254 1121 1459 1159 monasterium
1478 1131 1627 1164 coopertus
1648 1124 1752 1162 incefflt
1764 1148 1771 1155 .
1801 1124 1880 1158 Hoc
1902 1125 1948 1159 est
1960 1150 1971 1165 ‚
1997 1125 2066 1160 fine
2084 1136 2135 1160 ca-

1255 1170 1323 1204 sula
1344 1195 1355 1210 ‚
1382 1172 1448 1205 fine
1470 1171 1532 1207 hac
1558 1173 1648 1206 enim
1673 1173 1804 1215 prodire
1827 1174 1914 1208 foras
1937 1175 2026 1208 nefas
2046 1185 2134 1209 erat.

1253 1219 1375 1254 Tertio
1393 1245 1404 1260 ,
1433 1232 1502 1255 erat
1524 1221 1618 1256 vestis
1644 1220 1868 1266 quadrangula
1889 1247 1899 1263 ,
1925 1221 1960 1257 id
1984 1223 2029 1257 est
2054 1248 2065 1264 ,
2092 1235 2135 1258 ex

1253 1281 1394 1313 quatuor
1419 1270 1564 1314 partibus
1577 1281 1715 1316 quatuor
1727 1273 1867 1316 angulos
1880 1283 1993 1307 mutua
2005 1273 2132 1316 junstu·

1251 1331 1284 1353 ra
1305 1320 1503 1354 facientibus
1524 1321 1690 1356 confecia.
1721 1321 1853 1366 Utique
1865 1333 1955 1357 more
1966 1323 2134 1369 palliiJu-
2171 1305 2307 1342 nemen

1250 1368 1335 1404 daic‘i
1367 1382 1422 1414 per
1454 1371 1638 1414 Apostolos
1668 1371 1709 1407 ad
1734 1370 1941 1407 Christianos
1972 1373 2131 1409 derivati.
2150 1366 2220 1401 αἶ’·

1250 1419 1380 1468 Qarto
1395 1446 1405 1462 ,
1430 1431 1499 1456 erat
1522 1422 1633 1456 tunica
1648 1421 1779 1463 talaris,
1802 1422 1914 1456 verum
1935 1423 2002 1457 fine
2012 1425 2131 1466 syrma-

1250 1480 1281 1504 te
1303 1482 1342 1505 ac
1364 1467 1452 1504 teriae
1471 1473 1643 1505 contactu.
1672 1472 1769 1506 Hinc
1787 1473 1877 1508 enim
1903 1472 1982 1507 nibil
1987 1474 2024 1507 de
2034 1474 2127 1507 tabu·

1247 1521 1344 1554 larum
1363 1520 1427 1563 fide
1447 1521 1589 1555 laborans
1605 1520 1872 1567 facile'seregebat
1885 1546 1896 1563 ,
1922 1522 1955 1557 id
1967 1523 2013 1558 est
2026 1548 2037 1565 ‚
2058 1535 2128 1565 non

1247 1570 1399 1606 laborans
1417 1571 1459 1605 de
1480 1572 1546 1607 fide
1563 1572 1808 1616 pavimentiaut
1822 1573 1935 1616 piateae
1948 1598 1959 1614 ‚
1989 1585 2030 1608 an
2044 1574 2128 1609 ficca

1248 1621 1378 1663 forent,
1401 1633 1482 1655 num
1507 1622 1578 1657 luto
1600 1622 1786 1657 maderent.
1811 1623 1969 1671 Qinto,
1994 1624 2127 1658 eratve‘-

1248 1670 1301 1705 stis
1325 1671 1424 1708 levis;
1454 1672 1550 1710 Pallio
1573 1670 1681 1715 quippe
1695 1671 1779 1707 nibil
1790 1675 1963 1716 expeditius
1979 1698 1990 1714 ‚
2015 1671 2133 1715 etiamfi

1245 1722 1360 1763 duplex
1382 1722 1455 1762 quis
1481 1722 1671 1758 indueretur
1693 1748 1701 1756 .
1727 1723 1827 1757 Sexto
1846 1748 1858 1764 ,
1885 1733 1954 1758 erat
1972 1735 2129 1759 commo·-

1244 1770 1322 1805 dum
1336 1795 1347 1813 ,
1374 1783 1442 1807 non
1466 1783 1615 1815 premens
1634 1772 1806 1808 hominem
1828 1783 1995 1809 tormento
2018 1786 2127 1809 zonae:

1245 1821 1321 1863 licet
1349 1832 1490 1866 namque
1515 1847 1526 1863 ‚
1546 1834 1637 1857 more
1659 1833 1767 1868 togae,
1795 1824 1941 1858 interulae
1961 1848 1973 1865 ,
1995 1824 2030 1858 id
2053 1824 2123 1866 est,

1246 1871 1444 1906 vestimentis
1468 1872 1680 1907 inferioribus
1695 1896 1705 1911 ,
1731 1873 1899 1917 campestri
1922 1884 1960 1908 ac
1973 1872 2127 1917 thoraci,

1245 1922 1487 1965 superijceretur
1501 1947 1511 1963 ,
1540 1935 1607 1958 non
1633 1922 1748 1958 debuit
1767 1934 1875 1958 tamen
1900 1924 2036 1958 firmiter
2047 1935 2128 1959 con-

1244 1970 1359 2014 stsingi
1387 1994 1403 2011 ,
1438 1982 1481 2005 ne
1512 1972 1604 2006 fluxu
1627 1974 1685 2007 suo
1703 1974 1818 2007 lutum
1836 1973 1895 2007 fibi
1915 1973 2124 2008 admisceret.

1244 2017 1390 2062 Septimo
1413 2043 1425 2061 ,
1447 2023 1515 2054 hon
1538 2030 1605 2054 erat
1627 2020 1723 2055 vestis
1746 2022 1887 2055 nimium
1911 2022 1986 2057 laxa
2009 2033 2017 2053 z
2046 2022 2128 2056 Erat

1243 2070 1332 2103 enim
1356 2069 1456 2103 instar
1479 2071 1630 2110 crateris,
1655 2072 1817 2113 nusquam
1840 2071 2007 2105 vestiendo
2031 2083 2126 2106 com-

1244 2117 1425 2159 ponebatur
1448 2140 1459 2157 ,
1482 2116 1514 2149 id
1533 2118 1599 2156 est,
1626 2120 1884 2160 complicabatur
1897 2143 1905 2151 .
1934 2119 2028 2152 Hinc
2047 2129 2124 2162 opus

1244 2176 1303 2205 non¹
1326 2164 1415 2199 babet
1435 2166 1568 2208 artifice,
1594 2172 1646 2209 qui
1660 2168 1761 2209 pridie
1782 2180 1873 2210 rugas
1883 2167 1924 2200 ab
1934 2170 2054 2202 exordio
2055 2169 2126 2210 for-

1242 2223 1302 2249 met
1312 2239 1322 2256 ,
1352 2217 1386 2254 &
1397 2217 1468 2250 inde
1479 2218 1602 2252 diducat
1610 2223 1642 2249 in
1655 2216 1740 2250 tilias
1750 2242 1759 2257 ,
1765 2217 1862 2258 facile
1865 2216 1899 2260 se
1910 2217 1998 2259 reficit
2008 2243 2019 2260 ‚
2029 2224 2124 2252 etiam

1242 2276 1308 2301 cum
1328 2271 1506 2308 exponitur,
1533 2267 1606 2303 nulli
1628 2272 1712 2310 cippo
1731 2273 1764 2300 in
1786 2267 1946 2308 crastinum
1957 2269 2124 2302 demanda-

1242 2325 1307 2351 tur.
1330 2317 1506 2360 Cippusest
1520 2316 1648 2361 lignum
1660 2316 1808 2361 bipatens
1822 2341 1833 2357 ,
1845 2318 1880 2350 in
1894 2328 1962 2359 quo
1973 2318 2123 2352 sontium

1243 2366 1337 2409 pedes
1359 2364 1588 2402 includuntur.
1616 2366 1710 2403 Hinc
1721 2365 1817 2401 dusta
1829 2365 2019 2411 metaphora
2036 2391 2048 2409 ,
2074 2377 2124 2402 to-

1243 2427 1288 2460 gaz
1312 2416 1427 2459 cippus
1448 2417 1496 2450 'est
1524 2415 1769 2460 ligneumistud
1783 2417 1913 2460 praelum
1927 2439 1938 2456 ‚
1961 2428 2030 2461 quo
2042 2427 2124 2463 toga

1243 2466 1420 2511 originales
1430 2467 1499 2500 suas
1511 2489 1523 2506 ,
1548 2477 1625 2509 quas
1635 2466 1676 2500 ab
1687 2466 1810 2501 artifice
1822 2476 1987 2510 acceperat
2000 2490 2011 2507 ,
2021 2467 2123 2511 plicas

1242 2518 1491 2557 conservatum,
1512 2515 1661 2559 quotidie
1682 2515 1742 2551 rite
1764 2516 1962 2560 complicata
1984 2516 2124 2561 stringe-

1244 2566 1354 2602 batur.
1381 2567 1485 2602 Hisce
1506 2566 1683 2606 omnibus,
1705 2576 1824 2610 nempe
1845 2565 2002 2609 plicarum
2025 2567 2123 2600 artifi-

1242 2628 1297 2657 ce,
1323 2627 1497 2660 earumque
1507 2615 1641 2653 custode
1653 2620 1750 2660 cippo
1762 2615 1897 2660 pallium
1911 2627 1981 2652 non
1991 2615 2122 2662 indige·

1245 2667 1316 2701 bat.
1345 2667 1474 2702 Οόὶεινό
1486 2691 1498 2708 ,
1509 2666 1622 2700 omnia
1635 2666 1782 2701 hominis
1798 2666 1890 2702 simul
1901 2666 2100 2712 contegebat
2110 2692 2120 2701 .

1243 2715 1347 2750 Nouo
1359 2738 1371 2756 ,
1389 2715 1554 2761 operiebat
1566 2717 1696 2750 soiutim
1711 2740 1720 2757 ,
1742 2717 1774 2751 id
1786 2716 1830 2750 est
1845 2742 1856 2757 ,
1878 2717 1978 2753 unico
1991 2716 2118 2761 interje-

1244 2769 1295 2801 ἂιι
1310 2788 1320 2804 ,
1347 2767 1398 2800 vei
1410 2767 1502 2811 juxta
1515 2766 1599 2801 alios
1609 2766 1760 2807 codices,
1783 2764 2120 2815 circumjectu:Qia
2158 2800 2165 2805 ,

1243 2816 1394 2853 videlicet
1417 2829 1486 2852 uno
1509 2816 1594 2859 jastu
1619 2827 1728 2852 totum
1749 2828 1865 2860 corpus
1878 2816 2119 2852 circumscribe-

1242 2866 1296 2905 bat
1306 2890 1313 2899 .
1338 2866 1477 2901 Decimo
1486 2891 1498 2908 ,
1518 2867 1558 2900 ab
1570 2875 1691 2909 utroque
1702 2869 1829 2900 laterum
1842 2865 1978 2910 regestum
1990 2890 2001 2906 ,
2011 2868 2045 2903 ὀ·
2057 2877 2118 2901 cer-

1242 2916 1357 2953 vicibus
1367 2917 1633 2958 circumstruc‘lum,
1658 2923 1690 2950 in
1697 2917 1800 2960 fibulae
1813 2915 1909 2959 morsu
1926 2916 2058 2951 humeris
2067 2929 2114 2951 ac·

1245 2966 1408 3010 quiescebat
1419 2993 1426 3002 .
1451 2969 1530 3003 Hoc
1553 2967 1598 3002 est
1609 2990 1620 3006 ‚
1641 2978 1709 3002 erat
1723 2967 1817 3001 vestis
1829 2968 1870 3001 ad
1884 2977 2059 3011 utrumque
2073 2967 2119 3001 ia·

1242 3028 1294 3054 tus
1312 3017 1476 3061 aequaiiter
1487 3018 1593 3053 fluens
1601 3041 1613 3058 ,
1633 3018 1673 3051 ad
1686 3017 1845 3052 cervicem
1857 3027 1966 3051 autem
1980 3016 2118 3050 constri-

1241 3070 1307 3108 cta,
1331 3067 1428 3112 idque
1449 3079 1503 3112 per
1513 3068 1638 3103 firmam
1654 3067 1791 3102 fibulam
1805 3091 1816 3106 ,
1837 3077 1933 3109 atque
1953 3066 1997 3099 ita
2012 3067 2046 3099 in
2061 3064 2119 3099 hu-

1241 3119 1335 3152 meris
1346 3130 1436 3153 more
1447 3129 1532 3163 togae
1540 3128 1607 3151 non
1621 3117 1770 3151 fluitabat
1779 3140 1790 3157 ,
1802 3114 1855 3150 sed
1868 3115 2094 3160 acquiescebat
2104 3140 2112 3147 .

1244 3168 1439 3203 Undecimo
1454 3193 1466 3209 ‚
1484 3168 1635 3201 humerum
1657 3168 1765 3202 velans
1786 3170 1907 3209 exponit
1922 3168 1957 3201 (9⁴
1969 3167 2098 3200 includit
2109 3189 2118 3197 .

1241 3218 1279 3261 ld
1292 3218 1359 3259 est,
1383 3219 1427 3253 ita
1446 3219 1531 3263 tegit
1552 3216 1724 3252 humerum
1739 3241 1751 3258 ,
1770 3226 1807 3250 ut
1819 3227 1928 3251 tamen
1940 3216 1966 3252 is
1984 3227 2052 3250 non
2063 3214 2119 3251 de-

1241 3269 1324 3309 {inat
1348 3270 1384 3308 in
1405 3269 1514 3303 nativa
1533 3269 1587 3302 sua
1609 3269 1714 3302 forma
1732 3277 1883 3310 apparere
1904 3292 1911 3300 .
1947 3262 2119 3300 Postremo

1241 3318 1376 3354 tandem
1389 3344 1401 3360 ,
1424 3330 1484 3361 qua
1500 3323 1534 3351 itt
1549 3317 1699 3351 humerum
1719 3317 1876 3357 adluat-et,
1902 3315 1982 3350 nibil
1993 3321 2120 3349 circum—

1235 3369 1349 3411 fulsit,
1366 3369 1447 3405 nibil
1462 3373 1664 3410 circumcingit
1689 3381 1701 3400 .·
1726 3368 1804 3401 Hoc
1833 3367 1901 3406 est,
1925 3377 1994 3401 non
2019 3364 2121 3399 habet

1204 3428 1209 3431 “
1240 3419 1314 3470 ,μω
1333 3420 1368 3460 ὄρ
1390 3419 1509 3468 spiras,
1535 3417 1653 3470 quibus
1670 3417 1708 3454 in
1728 3418 1835 3454 varios
1847 3427 1965 3462 corpus
1977 3415 2120 3451 multifa-

1990 3466 2074 3502 riam
