2384 3770
399 197 420 240 3
433 198 453 241 3
468 199 492 228 2

359 257 405 302 go
429 260 651 297 conformatio
670 261 741 298 fieti
765 263 875 307 nequit
887 263 904 296 ὲ
925 263 1037 307 spiritu
1047 288 1055 296 .
1085 263 1234 298 Probatur

359 315 454 341 minor
470 323 478 343 ι
507 310 758 363 Qia'potentia
769 315 1005 348 conformativa
1018 313 1062 348 est
1089 313 1235 359 potentia

357 358 465 394 vitalis
474 362 610 406 alicujus
620 364 752 398 animae:
779 363 884 411 Atqui
896 365 1048 407 potentiae
1059 363 1170 397 vitales
1184 375 1237 396 ne·

356 413 597 451 queunteffein
612 414 722 456 spiritu
736 426 746 446 .·
777 414 865 458 Ergo
886 413 1031 456 potentia
1053 415 1238 448 conforma-

357 460 424 492 tiva
436 462 552 507 nequit
565 463 662 497 etiam
675 465 738 498 effe
752 465 783 496 in
797 464 908 506 spiritu
921 488 928 495 .
955 464 1011 500 De
1031 461 1147 506 majori
1170 474 1236 500 non

356 510 455 543 credo
483 513 553 546 fore
575 514 791 549 dubitandum
807 525 813 544 :
842 513 929 546 Nam
953 511 1097 559 potentia
1111 515 1241 548 confor-

356 560 477 596 mativa
491 574 677 598 numeratur
697 565 729 596 in
749 562 902 607 catalogo
926 564 1146 606 potentiarum
1169 564 1240 597 ani-

354 616 416 642 mae
428 615 636 656 vegatativae,
664 614 743 646 ficut
762 614 908 655 potentia
925 613 1018 646 vifiva
1032 624 1239 656 computatur

354 659 390 692 in
404 672 540 697 numero
555 663 775 705 potentiarum
788 663 905 696 animae
925 663 1078 697 senfitivae
1088 688 1095 695 .
1125 664 1234 696 Proba·

354 717 404 742 tur
415 715 478 754 ergo
491 719 584 745 minor
597 726 607 746 .·
634 712 723 759 Quia
736 714 890 755 potentia:
903 713 1015 748 vitales
1027 725 1094 747 non
1109 715 1239 756 possunt

353 759 518 803 subjectari
533 787 544 802 ,
571 762 628 795 nisi
643 760 676 795 in
689 761 749 796 illo
761 762 901 806 subjeeto
917 788 928 803 ,
949 762 1063 807 inquo
1082 763 1240 806 subjecta·

353 816 406 842 tur
419 811 526 846 anima
536 826 547 847 .-
573 812 661 846 Nam
674 814 827 855 potentiae
841 813 952 847 vitales
965 809 1015 848 vel
1028 813 1062 846 in
1086 815 1152 855 ipsa
1174 815 1241 849 aui-

351 870 405 893 ma
415 883 426 900 ,
454 864 504 895 vel
518 862 600 896 certe
623 864 657 895 in
687 863 802 897 animae
825 863 965 906 subjeeto
986 863 1203 906 subjectantur
1231 889 1238 896 .

353 908 458 953 'Atqui
478 912 512 945 in
542 911 703 955 ipiritibus
728 914 817 948 nulla
836 908 1029 955 subjectatur
1046 914 1178 949 anima:
1205 925 1240 949 ut

351 959 473 994 docent
487 962 655 1004 politiores
669 963 864 1007 quicumque
889 961 1017 1007 Phyfici
1033 988 1040 995 .
1069 960 1161 1008 Ergo
1185 976 1238 1008 po-

350 1011 462 1044 tentiae
474 1013 587 1050 vitales
601 1023 765 1055 nequeunt
778 1014 839 1050 ess'e
853 1025 910 1047 aut
926 1013 1095 1056 subjecstari
1120 1016 1155 1048 in
1179 1015 1241 1057 spi·

349 1060 415 1093 ritu
428 1087 434 1094 .
462 1064 550 1095 Ratio
561 1065 685 1105 majoris
698 1063 736 1103 est
747 1076 755 1096 ε
780 1063 870 1112 Qia
882 1065 1038 1108 potentia:
1049 1064 1159 1098 vitales
1171 1076 1237 1108 pro·

353 1107 519 1146 ducuntur
533 1113 573 1147 ab
597 1113 706 1148 anima
732 1125 785 1157 per
804 1115 966 1150 actionem
988 1115 1208 1150 emanativam
1235 1138 1242 1146 .

351 1160 420 1214 Uti
435 1173 558 1197 certum
578 1163 641 1197 est.
673 1161 778 1213 Atqui
802 1164 907 1198 forma
931 1163 1119 1202 emanative
1139 1175 1241 1209 agens

350 1222 406 1254 per
417 1214 578 1247 astionem
594 1215 814 1253 emanativam
831 1213 913 1248 nihil
927 1214 1079 1258 producit
1091 1223 1178 1248 extra
1199 1215 1240 1247 se-

351 1264 521 1307 metipsam
534 1289 544 1305 ‚
573 1264 623 1298 vel
635 1273 722 1298 extra
736 1265 903 1308 proprium
920 1266 1012 1298 suurn
1037 1264 1214 1308 subjectum
1229 1278 1240 1299 .-

353 1311 423 1347 Uti
436 1316 535 1348 etiam
548 1315 633 1357 apud
656 1325 773 1349 omnes
794 1315 837 1348 est
863 1314 1087 1349 indubitatum
1098 1339 1106 1347 .
1149 1312 1240 1358 Ergo

351 1364 507 1405 potentiae
520 1364 632 1399 vitales
645 1360 710 1398 no'n
726 1367 856 1408 poffunt
878 1365 1044 1410 subjestari
1056 1374 1148 1399 extra
1162 1365 1238 1398 sub·-

349 1413 467 1457 jestum
479 1415 615 1448 animae:
643 1414 818 1458 Subjestari
829 1416 918 1449 enim
930 1415 1052 1450 debent
1065 1415 1115 1453 vel
1126 1416 1161 1449 in
1174 1414 1238 1449 ani-

351 1475 404 1499 ma
415 1490 426 1504 ,
463 1464 512 1497 vel
528 1465 559 1498 in
574 1463 748 1500 informata
760 1477 814 1509 per
826 1465 970 1501 animam
983 1466 1116 1499 materia
1130 1491 1137 1498 .

400 1517 433 1549 6.
465 1515 533 1555 Et,
560 1514 636 1549 sane
648 1516 739 1559 quod
752 1526 892 1551 ovorum
922 1527 959 1550 ac
981 1517 1140 1550 seminum
1161 1527 1238 1550 con·

355 1564 513 1599 'formatio
527 1577 593 1598 non
620 1565 714 1607 poffit
734 1566 797 1598 effe
820 1577 902 1607 opus
924 1566 1061 1608 alicujus
1073 1566 1201 1608 spiritus
1228 1590 1239 1605 ,

353 1614 452 1647 adbuc
469 1613 594 1652 ostendit
606 1613 762 1647 haecratio
771 1614 833 1646 illis
842 1621 964 1656 propria
974 1629 985 1647 :
1011 1616 1101 1667 Qia
1116 1616 1148 1647 in
1168 1614 1238 1649 ovis

351 1665 462 1698 avium
475 1688 486 1703 ,
512 1664 546 1697 ὅ(
560 1664 743 1707 plantarum
766 1664 943 1696 seminibus
955 1665 1063 1698 nullus
1082 1664 1136 1706 est,
1147 1663 1239 1706 spiri-

351 1724 422 1756 tus·‚
450 1723 555 1754 neque
567 1712 741 1752 animalis,
766 1722 875 1756 neque
885 1713 1002 1754 vitalis,
1033 1723 1136 1757 neque
1149 1723 1237 1747 natu·

351 1764 448 1797 ralis:
478 1762 567 1807 Ergo
582 1761 648 1796 haec
661 1773 729 1796 non
743 1764 874 1806 possunt
885 1764 1083 1798 conformari
1096 1763 1130 1796 δε
1146 1774 1240 1808 orga-

353 1814 455 1850 nizari
468 1814 485 1846 ἐι
501 1814 611 1854 spiritu
623 1839 630 1846 .
661 1813 871 1851 Antecedens
883 1835 894 1852 ,
918 1813 959 1846 de
970 1824 1037 1856 quo
1059 1813 1130 1846 solo
1149 1812 1240 1847 dubi·

354 1865 414 1898 tari
429 1863 530 1906 potest
547 1889 556 1903 ‚
585 1861 721 1906 probate
733 1863 812 1896 volo
833 1863 1074 1910 elegantissimo
1097 1862 1240 1896 discursu

354 1914 498 1947 Thomae
510 1914 603 1947 Fieni
619 1927 625 1946 :
653 1917 738 1945 Nam
750 1924 806 1956 quo
815 1921 985 1955 argumento
1002 1912 1096 1953 potest
1105 1912 1241 1952 probari,

355 1974 409 1997 aut
417 1976 479 2006 quo
486 1963 563 2007 figno
574 1961 662 2005 potest
675 1964 775 2007 colligi
784 1987 795 2003 ,
821 1968 852 1994 in
864 1968 931 1995 ovis
943 1967 1048 1995 avium
1069 1963 1102 1994 (tt
1121 1961 1242 1997 albumi-

356 2026 393 2047 ne
403 2015 452 2047 illo
456 2012 571 2058 frigido
583 2040 595 2057 ‚
625 2021 659 2055 in
665 2012 746 2054 siccis
754 2014 932 2055 plantarum
950 2011 1113 2056 seminibus
1126 2035 1136 2050 ‚
1165 2017 1241 2045 anti³

357 2070 459 2109 quatis
465 2063 553 2105 fabc's
569 2089 579 2104 ,
602 2062 693 2106 pisis,
724 2072 780 2096 aut
781 2063 955 2104 frumento,
977 2074 1044 2105 quae
1048 2064 1120 2102 jam
1130 2063 1241 2104 aliquot

358 2121 448 2148 annis
460 2121 491 2147 in
499 2120 646 2158 granario
650 2116 810 2154 jacuerunt
822 2137 832 2152 ‚
860 2115 894 2146 &⁸
907 2121 971 2144 tota
983 2111 1173 2143 nibilominus
1188 2114 1243 2145 ad·

362 2164 416 2200 buc
426 2164 546 2206 crescere
557 2165 666 2196 valent
680 2185 690 2200 ,
715 2162 797 2203 inesse
805 2159 932 2203 spiritus
945 2159 961 2190 ἓ
973 2159 1141 2192 Seminibus
1158 2183 1168 2198 ,
1182 2170 1238 2201 quq

361 2226 401 2247 ex
414 2223 522 2246 natura
530 2211 587 2255 fua
603 2236 614 2251 ,
639 2219 671 2244 ut
686 2208 746 2252 fint
762 2210 909 2251 foecunda
928 2233 939 2248 ,
969 2208 1077 2241 debent
1099 2208 1150 2251 effe
1175 2209 1243 2241 ac‘iu

363 2264 465 2297 calida
476 2288 487 2303 ‚
514 2272 547 2295 ut
554 2260 628 2304 sunt
637 2259 755 2302 semina
769 2259 903 2291 humana
916 2281 925 2296 ,
940 2259 974 2291 6·
984 2259 1161 2291 animalium
1173 2269 1244 2300 qua-

365 2314 530 2355 drupedum
542 2334 553 2351 ,
579 2309 700 2349 &forte
725 2313 816 2340 etiam
831 2308 979 2349 piscium,
1007 2306 1137 2350 spiritus
1157 2307 1244 2351 ineffe

364 2374 424 2397 non
436 2361 504 2406 nego
518 2374 525 2393 z
554 2365 592 2392 At
602 2357 766 2402 seminibus
782 2359 840 2390 illis
855 2382 864 2397 ,
891 2368 958 2399 quae
967 2357 1081 2400 poffunt
1088 2366 1245 2398 permane-

366 2412 552 2454 refaecunda
559 2409 621 2452 fine
633 2409 740 2442 ac‘luali
750 2410 844 2441 calore
859 2433 868 2448 ‚
880 2419 914 2442 ut
925 2413 991 2441 ovis
1003 2413 1106 2440 avium
1120 2409 1153 2441 ὡ·
1160 2405 1248 2450 semi-

368 2464 457 2498 nibus
465 2463 642 2504 plantarum
653 2483 663 2498 ‚
689 2459 783 2492 valde
794 2456 950 2499 verisimile
959 2457 996 2497 est
1009 2459 1043 2491 (9'
1056 2469 1118 2490 meo
1129 2459 1248 2497 ,iudicio

370 2523 481 2548 certum
494 2536 504 2552 ‚
515 2511 610 2545 nullos
619 2508 744 2552 spiritus
758 2508 842 2551 inesse
853 2532 861 2539 .
877 2507 998 2552 ‚Quibus
1008 2508 1094 2540 rebus
1110 2519 1166 2539 non
1177 2507 1246 2546 inest

370 2566 449 2597 calor
462 2562 529 2596 atta
541 2586 552 2602 ,
565 2572 622 2593 non
632 2560 778 2592 videntur
790 2568 903 2600 quoque
912 2559 996 2600 inesse
1003 2556 1149 2600 spiritus:
1164 2559 1247 2600 ,Quia

371 2614 471 2647 nullus
479 2611 608 2655 spiritus
621 2608 726 2650 eflfine
752 2608 862 2641 actuali
883 2607 994 2641 calore.
1025 2610 1153 2649 spiritus
1171 2612 1248 2639 enim

367 2665 472 2707 perdit
486 2664 520 2695 (⁴5
533 2661 678 2704 effentiam
689 2660 722 2692 Θ
737 2654 973 2701 faecunditatem
993 2655 1080 2700 suam
1100 2682 1110 2698 ,
1137 2668 1205 2689 mox
1215 2666 1248 2689 ut

368 2713 472 2758 perdit
492 2712 615 2745 calorem
639 2709 807 2743 actualem.
834 2709 912 2741 Adeo
925 2717 958 2741 ut
976 2709 1083 2741 Medici
1105 2708 1248 2740 &virilis

373 2762 496 2797 membri
507 2761 726 2805 longitudinem
738 2782 749 2798 ,
775 2760 809 2793 Θ·
825 2759 938 2792 lentam
943 2757 1066 2801 seminis
1080 2758 1248 2798 ejectionem

373 2820 452 2847 inter
463 2812 573 2857 caussas
587 2819 703 2852 ponant
718 2808 907 2851 sterilitat153
946 2810 1026 2850 quod
1044 2806 1118 2849 ipsae
1138 2809 1249 2850 aliqua·

374 2864 413 2897 la's
431 2862 590 2905 spirituum
603 2860 840 2904 refrigerationis
856 2858 914 2899 fint
924 2858 1027 2901 cauffae
1040 2882 1047 2889 .
1077 2862 1163 2890 Nam
1169 2856 1200 2898 fi
1210 2855 1248 2899 es-

372 2913 440 2957 sent
450 2911 575 2955 spiritus
589 2915 621 2943 in
645 2915 711 2942 ovis
725 2934 735 2949 ,
754 2909 825 2950 ficut
844 2914 876 2942 in
898 2910 968 2941 aliis
987 2906 1152 2950 seminibus
1163 2929 1174 2946 ‚
1198 2917 1250 2938 cur

374 2975 440 2998 cum
452 2961 515 3005 ipsa
526 2961 611 3005 effent
622 2959 802 3004 refrigerata
814 2984 824 2999 ‚
853 2969 910 2991 non
919 2958 1017 2992 eodem
1039 2959 1121 2990 modo
1142 2958 1250 2999 perde·

375 3023 443 3047 rent
449 3012 701 3054 faecunditatem‚
721 3008 794 3051 ficut
815 3010 878 3041 alia
896 3007 1036 3051 semina?
1063 3010 1143 3050 ,ραι
1162 3006 1250 3049 poffl’t

375 3064 426 3108 effe
439 3068 514 3095 ratio
523 3086 533 3101 ‚
558 3072 608 3095 cur
616 3058 730 3102 semina
742 3059 893 3092 bominum
905 3060 938 3092 Θ·
952 3058 1179 3101 quadrupedum
1190 3069 1248 3089 ma·

373 3121 422 3158 gis
431 3114 591 3156 perderent
597 3109 685 3154 suam
702 3109 937 3151 faecunditatem
947 3107 1127 3151 refrigerata
1138 3131 1149 3146 ‚
1161 3118 1250 3149 quam

376 3176 458 3203 ova,
476 3161 527 3205 seu
542 3161 660 3205 semina
672 3161 799 3193 avium?
820 3160 910 3192 Porro
932 3163 1058 3191 veritati
1087 3158 1251 3190 admodum

377 3212 601 3255 consentaneum
613 3210 650 3250 est
660 3235 670 3250 ‚
689 3211 818 3251 plantas
833 3219 922 3251 neque
932 3209 1027 3241 calore
1040 3233 1050 3248 ,
1062 3218 1153 3249 neque
1162 3206 1252 3250 spiri-

365 3260 411 3294 ’τα
422 3269 525 3295 vivere
541 3286 548 3293 .
577 3266 662 3294 Nam
675 3271 737 3293 cum
747 3262 824 3305 calor
839 3284 849 3299 ,
873 3271 928 3301 que
940 3264 1007 3292 vita
1016 3257 1124 3296 constat
1138 3282 1148 3297 ,
1157 3256 1195 3297 sit
1206 3268 1254 3288 ca-

380 3311 422 3343 lor
433 3312 546 3350 attufit
558 3313 636 3344 calor
646 3309 755 3351 allusit
766 3307 898 3351 qualitas
911 3318 1022 3341 natura
1030 3305 1089 3350 sua
1095 3306 1253 3350 sensibilis,

381 3361 416 3393 Θ
426 3371 482 3392 non
492 3362 571 3400 poffit
583 3362 634 3404 effe
642 3363 719 3394 calor
734 3360 804 3392 ablu
818 3384 829 3400 ‚
851 3364 903 3401 qui
925 3370 983 3392 non
987 3356 1021 3398 fit
1029 3356 1171 3401 senfibilis
1182 3383 1192 3397 ,
1220 3359 1254 3391 Θ·

382 3414 414 3442 in
431 3410 508 3442 nullo
517 3420 746 3454 quantocumque
757 3409 870 3443 cumulo
879 3407 1039 3442 herbarum
1045 3406 1195 3450 sentiatur
1207 3408 1256 3440 ille

383 3457 537 3493 calorat‘lu
549 3471 562 3500 ;
580 3460 671 3499 plane
685 3458 836 3499 verisimile
847 3458 884 3499 est
895 3458 995 3493 herbis
1008 3459 1118 3491 nullum
1128 3458 1255 3492 calorem

380 3509 524 3544 «dualem
530 3506 637 3552 inesse.
650 3512 686 3540 In
698 3507 797 3541 herbis
809 3514 841 3542 tn
852 3510 951 3543 media
961 3520 1044 3551 aqua
1054 3506 1258 3551 nascentibus,

1021 177 1160 227 Cu
1232 170 1356 243 pig-'u
1426 179 1477 223 'r'

1246 269 1256 333 l

1256 2512 1264 2713 ——-—-—

1297 260 1419 311 &usque
1429 263 1472 295 ad
1476 260 1621 305 summum
1633 273 1713 304 aqua
1714 259 1905 307 frigidiffima
1914 259 2043 300 tefflsssff
2052 254 2175 300 tenuiffi‘³

1296 324 1342 344 mo
1352 313 1470 346 caudice
1481 314 1515 346 ά
1518 312 1594 354 folio
1603 338 1615 354 ‚
1636 322 1701 354 quae
1706 310 1820 353 frigore
1830 321 1917 352 aquae
1928 311 2058 352 undique
2062 319 2172 352 perva-

1296 364 1329 395 di
1335 363 1462 405 poffunt,
1470 363 1635 403 praeditisss,
1649 362 1788 407 quomodo
1799 358 1988 405 imaginabile
1999 359 2036 398 est
2045 361 2174 394 ‘calorem

1297 412 1364 446 aava
1370 412 1446 454 posse
1456 413 1578 450 latitare
1589 438 1600 454 ‚
1627 414 1661 446 eb·
1671 409 1865 455 conservari,
1890 419 1923 443 ut
1930 408 2106 455 frigiditate
2114 407 2167 443 illa

1297 461 1407 505 copiosa
1417 473 1503 503 aquae
1515 472 1573 494 non
1583 468 1772 506 extinguatur
1784 461 1796 493 ἒ
1825 461 1918 504 ‚Quod
1927 460 1973 492 ad
1975 457 2102 501 spiritus
2123 468 2171 491 at·>

1299 507 1375 547 tinet
1386 535 1397 551 ,
1416 511 1446 554 fi
1456 512 1613 546 arboribus
1625 514 1659 546 Θ
1665 506 1785 555 hlautis
1808 511 1925 552 inefflent
1937 534 1948 551 ,
1975 511 2093 550 quando
2114 515 2172 550 pu·

1300 572 1404 596 tantur
1418 584 1429 600 ,
1456 563 1650 607 decerpuntur
1661 586 1672 602 ‚
1694 562 1898 602 preciduntur
1910 585 1921 600 ‚
1949 560 2088 602 quomodo
2107 568 2173 591 con·

1301 618 1376 647 tenti
1387 617 1418 644 in
1428 618 1469 646 eis
1474 611 1601 655 spiritus
1613 623 1670 648 non
1689 610 1932 654 exstinguerentur
1945 633 1956 650 ,
1981 620 2016 642 ac
2031 614 2062 642 in
2075 620 2170 642 auras

1300 664 1451 697 evolarent
1463 663 1480 694 ἕ
1508 664 1688 696 Plantarum
1701 661 1779 694 aelio
1789 659 1826 699 est
1836 665 1983 704 vegetatio
1999 684 2010 700 ,
2037 665 2171 700 nutritio,

1301 713 1414 754 auHi03
1441 713 1486 745 ad
1493 724 1571 757 quas
1583 712 1694 756 spiritu
1719 707 1902 752 nequaquam
1923 719 1992 752 opus
2015 712 2066 754 effe
2087 712 2173 744 vide-

1302 774 1368 797 tur.
1397 766 1543 803 Etenim,
1563 762 1593 805 fi
1605 761 1832 806 praestantiffimt
1851 761 1959 793 Medici
1980 763 2023 793 ad
2042 761 2172 794 actiones

1302 818 1495 858 vegetativas
1519 812 1667 850 humanas
1688 807 1772 856 longe,³
1804 809 1966 843 allionibus
1989 814 2171 855 vegetativis

1300 860 1480 906 plantarum
1496 865 1708 898 excellentiores
1722 862 1902 896 exercendas
1922 857 2031 903 spiritu
2051 865 2172 895 minime

1303 923 1374 960 opus
1387 913 1436 956 effe
1435 915 1576 955 judicent
1583 940 1594 956 ,
1621 925 1673 948 cur
1688 921 1758 955 opus
1769 911 1819 955 effe
1825 909 2028 953 judicabimus
2036 912 2079 944 ad
2087 918 2173 956 vege*

1303 970 1420 998 tativas
1429 963 1532 997 harum
1541 964 1720 998 exercendas
1735 964 1748 996 ?
1775 967 1847 995 Non
1857 961 1908 1004 effe
1927 967 2028 995 autem
2039 969 2111 1003 opus
2131 961 2176 994 ad

1304 1015 1370 1048 illas
1383 1038 1394 1054 ,
1420 1023 1523 1047 tenent
1534 1040 1544 1055 ‚
1559 1021 1734 1058 quicumque
1741 1010 1886 1055 spiritum
1898 1014 2064 1046 naturalem
2074 1014 2106 1046 c‘n
2119 1011 2173 1045 bu·

1303 1076 1390 1097 mano
1398 1073 1647 1108 corporenegant.
1676 1066 1759 1096 Inter
1770 1073 1842 1105 quos
1854 1062 1891 1102 est
1902 1064 2070 1096 Manardus
2083 1065 2101 1097 l.
2120 1074 2135 1099 1
2141 1073 2173 1108 5.

1305 1113 1477 1157 epistolar.»
1489 1114 1589 1158 Epist.
1606 1126 1633 1151 1-
1647 1110 1773 1154 Valest'us
1785 1124 1816 1149 2.
1829 1113 2022 1147 controvers
2037 1125 2105 1157 cap.
2122 1123 2173 1159 ¹7·

1302 1165 1601 1208 Segarrainnptaefat.
1616 1163 1724 1202 libror.
1743 1163 1784 1196 de
1801 1162 1910 1196 facult.
1933 1163 2064 1197 natural.
2088 1164 2178 1206 pagi·

1305 1227 1344 1248 na
1356 1217 1639 1261 354Mercenarius
1651 1215 1686 1248 in
1701 1211 2006 1255 Elucidationibus,
2035 1213 2174 1259 foi.475.

1304 1267 1464 1298 Rodericus
1476 1267 1495 1297 a*
1509 1270 1591 1308 Vega
1602 1264 1668 1298 sea.
1682 1271 1715 1310 5.
1738 1272 1915 1298 comment.
1939 1263 2007 1307 sup.
2027 1275 2095 1307 cap.
2121 1260 2174 1310 38.

1303 1315 1379 1355 attis
1390 1325 1493 1359 parvae
1506 1340 1513 1348 .
1543 1320 1700 1349 Carrerius
1713 1314 1792 1356 disp.
1808 1323 1862 1360 40.
1872 1325 1939 1355 cap.
1954 1323 2004 1349 12·
2018 1315 2084 1357 sup.
2097 1312 2177 1345 Avi-

1301 1375 1437 1399 cennnm
1449 1389 1456 1397 .
1484 1366 1655 1399 Ludovieus
1679 1362 1823 1404 Lemofius
1849 1375 1901 1406 η.
1918 1361 2090 1397 Methodi.
2103 1401 2106 1403 Α
2118 1365 2179 1394 Ca-

1296 1419 1452 1457 ·pivaccius
1464 1439 1475 1455 ‚
1502 1417 1536 1449 (vt
1548 1416 1642 1449 multi
1655 1415 1707 1447 alii
1720 1440 1726 1447 .
1754 1416 1884 1455 spiritus
1892 1413 2014 1455 produci
2038 1423 2073 1446 ac
2091 1422 2180 1457 gene-

1302 1471 1365 1499 rari
1378 1476 1435 1498 non
1442 1465 1560 1509 poffunt
1566 1464 1630 1507 fine
1641 1464 1752 1498 ac‘luali
1763 1464 1857 1497 calore
1868 1489 1874 1496 .
1905 1463 2018 1497 Debent
2028 1468 2106 1496 enim
2112 1464 2179 1504 ρή-

1304 1516 1369 1549 duci
1382 1526 1421 1561 ete
1429 1515 1592 1555 vaporibus
1604 1514 1684 1554 succi
1696 1515 1877 1547 alimentalis
1888 1511 1976 1557 ipfius
1984 1515 2091 1555 plante
2099 1514 2119 1545 ἂ
2130 1522 2180 1544 cae·

1303 1567 1361 1599 lore
1372 1564 1484 1600 actuali
1497 1569 1636 1598 excitatis
1645 1587 1653 1595 .
1683 1565 1716 1595 si
1726 1569 1758 1595 in
1765 1564 1881 1604 plantis
1897 1564 2023 1595 aequalis
2031 1564 2109 1595 calor
2121 1572 2179 1594 non

1303 1614 1340 1654 est
1355 1638 1366 1654 ,
1391 1615 1534 1655 quomodo
1545 1620 1672 1654 vapores
1681 1613 1725 1645 illi
1737 1621 1849 1653 queunt
1858 1618 1986 1645 excitari
1998 1614 2011 1646 ?
2036 1613 2113 1646 Adeo
2121 1636 2132 1652 ‚
2146 1618 2180 1644 ut

1304 1660 1500 1703 verifi'milefit
1511 1685 1523 1702 ‚
1548 1661 1691 1705 seminum
1699 1662 1875 1705 plantarum
1882 1661 2113 1702 faecunditatem
2123 1670 2181 1694 non

1303 1715 1322 1745 ᾶ
1330 1712 1495 1756 spiritibus
1507 1737 1518 1752 ,
1540 1711 1644 1758 sedab
1652 1712 1724 1744 altis
1737 1710 1931 1754 qualitatibus
1945 1722 1979 1744 ac
1992 1709 2183 1755 dispofitioni-

1304 1760 1356 1796 bus
1366 1768 1408 1796 ets
1422 1761 1638 1801 inexistentibus
1651 1761 1734 1795 nobis
1745 1767 1900 1805 incognitis
1924 1763 1958 1795 Θ
1980 1760 2184 1806 incognoscibi-

1302 1813 1380 1846 libus
1391 1812 1575 1854 dependere:
1602 1823 1667 1854 quae
1682 1813 1727 1844 ad
1733 1813 1851 1854 aliquod
1868 1820 1984 1852 tempus
2006 1817 2039 1844 in
2060 1810 2183 1854 semini·

1304 1863 1359 1896 bus
1368 1871 1588 1904 permaneant,
1613 1862 1735 1895 tandem
1746 1863 1817 1894 vero
1840 1865 2020 1903 antiquitate
2047 1861 2080 1894 (Β
2096 1859 2181 1901 exsic-

1303 1918 1415 1946 catione
1428 1917 1523 1945 nimia
1531 1920 1660 1954 pereant
1679 1913 1713 1945 6
1735 1911 1960 1954 exstinguantur
1971 1934 1978 1942 .
2008 1911 2082 1956 Qva
2100 1907 2180 1953 erg&

1304 1962 1339 1995 &
1359 1961 1543 2006 plantatum
1566 1961 1686 1995 semina
1710 1960 1907 1994 conformari
1930 1971 1968 1992 ac
1999 1959 2180 2004 organizari

1308 2022 1473 2055 nequeunt
1483 2011 1502 2049 ὲ
1515 2011 1647 2057 spiritu:
1675 2010 1782 2049 Nullo
1800 2010 1890 2043 enim
1914 2009 2000 2047 intra
2025 2011 2058 2047 se
2068 2009 2181 2056 spiritu

1306 2062 1415 2098 calent
1424 2086 1433 2099 «
2163 2063 2165 2066 “

1456 2159 1877 2193 SEcho
1976 2159 2032 2193 11.

1471 2258 1633 2290 solvuntur
1654 2262 1808 2302 contraria
1827 2256 2003 2301 argumenta
2012 2283 2021 2290 .

1307 2368 1339 2403 7.
1415 2355 1540 2397 Nstabis
1553 2365 1654 2390 tamen
1665 2366 1766 2390 contra
1788 2356 1874 2392 baec:
1900 2358 1992 2402 Qia
2012 2367 2114 2391 ovum
2135 2356 2182 2391 est
2199 2398 2202 2401 Δ

1442 2418 1551 2441 verum
1575 2406 1727 2441 animalis
1745 2408 1869 2451 ovipari
1907 2410 2017 2442 semen
2040 2420 2052 2440 t
2078 2405 2183 2452 Atqui

1306 2458 1398 2491 omni
1412 2457 1525 2490 semini
1537 2456 1618 2490 inest
1631 2457 1780 2500 spiritus:
1808 2458 1928 2501 Neque
1940 2457 1972 2492 id
1987 2458 2103 2502 quovis
2115 2456 2187 2491 mo-

1308 2509 1375 2547 ὼς
1403 2506 1543 2540 sed—ficut
1554 2517 1627 2549 pars
1640 2507 1815 2541 essentialis
1826 2508 1907 2541 inest
1921 2509 1980 2541 suo
2003 2508 2090 2541 toti.-
2115 2506 2183 2550 Spi-

1307 2559 1388 2591 ritus
1400 2557 1489 2590 enim
1501 2556 1546 2590 est
1573 2556 1704 2590 seminis
1724 2567 1794 2601 pars
1813 2555 2008 2596 essentialis,
2033 2555 2127 2589 simul
2147 2555 2185 2590 ἀ

1311 2607 1478 2651 integralis
1492 2605 1572 2639 illud
1584 2605 1794 2639 essentialiter
1803 2605 2006 2640 constituens
2017 2628 2028 2644 ,
2052 2617 2090 2639 ac
2101 2605 2184 2638 inte-

1309 2655 1438 2702 gr'al'it‘er
1449 2656 1615 2697 complens
1627 2678 1634 2687 .
1664 2653 1752 2698 Ergo
1762 2655 1858 2688 omni
1870 2666 1936 2689 ovo
1949 2655 2030 2689 inest
2041 2654 2182 2698 spiritui:

1313 2706 1399 2752 Ergo
1409 2703 1463 2739 hi'c
1474 2705 1685 2748 spiritusefl‘e
1709 2704 1814 2748 potest
1837 2706 1891 2738 ovi
1904 2706 2129 2740 conformatur
2147 2705 2184 2738 &t

1310 2756 1518 2801 organizator
1533 2780 1540 2787 .
1569 2754 1719 2789 Probatur
1745 2759 1841 2788 minor
1857 2770 1868 2789 :
1895 2755 1988 2802 Qia
2004 2753 2116 2788 'semen
2136 2754 2183 2788 est

1312 2806 1507 2841 nobiliffima
1531 2815 1568 2838 ac
1591 2804 1823 2847 defecatiffima
1856 2806 1965 2848 portio
1981 2803 2146 2849 sanguinis
2168 2812 2182 2837 ἐ

1313 2857 1415 2900 Atqui
1426 2855 1555 2900 sanguis
1565 2855 1610 2888 est
1621 2864 1712 2894 tutus
1733 2855 1939 2898 spirstuosus:
1969 2856 2059 2899 Ergo
2074 2851 2184 2888 multo

1312 2908 1414 2951 magis
1428 2907 1554 2938 semen.
1582 2905 1693 2939 Docet
1714 2904 1779 2939 hoc
1800 2904 2129 2939 Sanstus²ThomasL
2150 2918 2185 2943 2.

1310 2966 1413 2991 contra
1421 2959 1531 2989 Gentes
1543 2979 1554 2995 ,
1581 2963 1645 2997 cap.
1661 2952 1716 3000 89.
1729 2956 1773 2988 Et
1787 2965 1814 2990 1.
1822 2963 1854 2997 p.
1866 2955 1965 2998 quest.
1984 2967 2000 2991 1
2010 2958 2058 2992 18.
2067 2959 2126 2987 arn
2146 2957 2182 3003 4.

1311 3009 1357 3040 ad
1366 3018 1385 3053 5
1394 3032 1401 3038 .
1412 3004 1463 3039 his
1475 3005 1596 3039 verbis:
1624 3008 1670 3038 Et
1679 3006 1743 3038 ideo
1755 3016 1812 3038 non
1821 3013 1938 3047 oportet
1951 3029 1961 3045 ,
1977 3005 2058 3047 quod
2065 3005 2119 3036 illa
2129 3009 2183 3036 vis

1311 3057 1414 3091 ac‘liva
1424 3055 1538 3089 babeat
1550 3056 1672 3097 aliquod
1679 3065 1819 3099 organum
1830 3061 1863 3088 in
1883 3055 1951 3089 adu
1963 3078 1974 3095 ,
1993 3052 2019 3096 s
2015 3054 2055 3086 ed
2064 3052 2184 3094 funda·

1312 3117 1361 3141 tur
1372 3113 1403 3140 in
1415 3104 1476 3149 1·pr
1484 3104 1597 3148 spiritu
1606 3103 1715 3148 incluso
1738 3110 1771 3138 in
1779 3101 1915 3147 semine,
1940 3104 2019 3146 quod
2039 3102 2076 3142 est
2091 3100 2185 3144 spiri-

1312 3156 1424 3200 tuosum
1438 3181 1447 3196 ‚
1474 3161 1519 3189 uti
1529 3155 1651 3196 testatur
1661 3157 1726 3196 ‘eius
1737 3154 1854 3187 albedo.
1880 3154 1970 3187 ‘Ecce
1992 3153 2075 3187 dicit
2096 3153 2183 3186 San-

1313 3209 1380 3241 &us
1390 3206 1543 3240 Thomas
1555 3206 1702 3249 spiritum
1715 3202 1836 3238 includi
1849 3203 1883 3237 in
1906 3202 2047 3237 semine:
2075 3201 2184 3243 Atqui

1313 3269 1380 3292 non
1395 3256 1574 3290 includitur
1585 3256 1665 3290 ficut
1676 3254 1818 3289 locatum
1831 3253 1864 3287 in
1876 3252 1972 3287 loco:
2000 3252 2090 3297 Ergo
2101 3252 2184 3285 ficut

1313 3318 1384 3351 pars
1395 3308 1430 3340 in
1443 3306 1500 3339 suo
1511 3315 1585 3339 toto
1597 3330 1605 3338 .
1631 3305 1721 3340 Idem
1733 3315 1800 3337 non
1815 3303 1911 3337 semel
1923 3302 2037 3337 dicunt
2056 3301 2186 3345 Caieta-

1315 3368 1376 3390 nus
1389 3368 1427 3391 ac
1440 3356 1646 3390 Ferrairienfis
1656 3380 1667 3396 ‚
1692 3355 1766 3388 licut
1780 3354 1812 3387 ὅ(
1825 3353 1890 3397 ipse
1903 3352 2110 3386 Aristoteles.
2139 3349 2184 3384 Et

1315 3407 1393 3442 hinc
1403 3406 1518 3441 dicunt
1531 3406 1664 3449 quidam
1675 3403 1798 3438 Medici
1810 3424 1823 3442 ,-
1846 3402 1936 3448 quod
1949 3403 2056 3436 semen
2067 3398 2184 3435 habeat

1314 3456 1441 3501 spiritus
1452 3456 1513 3490 fibi·
1525 3452 1820 3490 intrinsece'unitos
1831 3478 1842 3494 ‚
1868 3464 1906 3487 ac
1917 3452 2143 3486 intrinsecatos
2169 3461 2185 3491 ;

1314 3507 1460 3551 adeoque
1495 3506 1514 3540 ὲ
1550 3505 1582 3540 se
1601 3503 1739 3539 omnino
1765 3501 2008 3549 inseparabiles.
2035 3488 2245 3661 Respondj

2037 3562 2137 3588 lamen
