2384 3770
669 198 757 244 DE
790 195 940 242 Voc.
978 182 1216 239 Deu'o'm.
1250 190 1329 238 Er
1360 161 1599 236 Dauom]

233 290 292 315 vas
310 279 450 321 habens,
475 280 573 316 debes
596 281 712 317 babere
733 281 812 316 duas
835 288 929 313 voces
953 276 1094 320 ejusdem

235 330 386 376 principii
415 355 426 372 ‚
458 341 495 365 ae
519 331 629 367 diversi
656 332 730 365 finis
749 355 760 371 ,
794 339 932 372 quarum
968 338 1031 363 una
1059 322 1111 364 fit'v

235 390 385 415 concreta
409 406 420 423 ‚
453 382 549 416 altera
571 380 648 418 vero
666 380 816 420 abstrasta
843 378 889 412 illi
917 379 1114 430 correspon·÷

236 430 317 464 dens
329 456 336 464 .

290 489 344 528 94.
374 483 461 515 vem
476 483 661 523 prmssefan
683 490 750 513 vox
773 478 1020 514 denominativa
1045 478 1100 517 dev

239 529 315 564 beat
336 531 398 564 effe
421 539 485 567 vox
500 530 664 575 'adiessiva
677 553 688 569 ‚
714 530 749 563 δε
762 527 970 573 praedicariin
981 530 1100 573 quale?

239 580 401 623 Adeoque
421 591 462 612 an
490 589 584 613 voees
604 581 722 615 animal
731 582 927 620 animalitas,
959 577 1040 612 bomo
1051 579 1103 612 hu·

241 636 394 669 mannas,
421 632 500 666 Deus
523 630 642 670 denas,
667 630 722 664 &a
737 632 843 670 vocari
867 629 985 673 poffint
1003 640 1103 663 voces

241 679 516 715 denominativae?
542 679 691 714 Dubium
712 678 777 714 hoc
802 690 952 717 movetur
972 679 1013 713 de
1033 679 1102 723 ¹sola

239 738 321 762 voce
331 728 574 765 denominativa
587 752 599 769 ‚
616 737 685 771 quc
695 729 739 763 est
753 731 784 764 ὅ(
793 729 962 774 effedebet
972 740 1101 769 concre-

240 787 273 811 ta
285 802 296 819 ‚
323 777 397 821 quia
417 778 458 812 de
479 790 562 813 voce
583 779 841 821 denominante,
866 778 981 823 utpote
990 777 1103 813 abstra-

241 829 291 861 ἂι
302 829 421 863 moveri
434 839 499 863 non
515 829 616 871 potest
629 842 636 862 :
659 829 816 873 quoniam
828 835 871 862 un
877 837 960 871 patet
972 840 1011 862 ex
1023 827 1098 872 disp.

244 888 279 926 9.
297 875 390 912 voces
407 877 564 919 abstractae
578 876 658 919 Tunt
682 879 854 924 necessario
877 878 1096 922 substantivae,

242 935 347 969 neque
369 928 497 972 poffunt
521 929 587 971 esse
600 927 759 971 adjective
771 953 781 968 ‚
809 930 911 963 autin
924 927 1018 971 quale
1032 938 1103 970 μηκ-

242 976 361 1011 dicari.
390 977 545 1017 Movetur
567 986 646 1022 ergo
668 977 800 1022 quaestio
820 978 861 1012 de
881 978 947 1012 sola
960 988 1042 1019 voce
1052 977 1103 1010 de-

244 1027 466 1062 nominativa.
496 1027 538 1065 Et
561 1028 766 1062 summulissae
789 1029 919 1069 quidem
940 1027 1048 1071 paffim
1061 1027 1105 1064 af-

245 1076 374 1116 firmant
386 1088 456 1112 eam
470 1076 586 1112 debere
596 1078 781 1120 adjestivam
794 1080 860 1112 esse
875 1100 885 1116 ,
913 1078 995 1112 acin
1009 1077 1104 1121 quale

246 1128 407 1170 predicari
423 1151 430 1159 .
459 1129 503 1160 At
518 1128 617 1166 miror
636 1138 700 1172 ego
728 1127 792 1170 hoc
803 1128 954 1162 affirmari
967 1127 1008 1162 ab
1021 1127 1083 1169 illis
1096 1151 1106 1170 ‚

246 1176 301 1220 qui
329 1176 361 1210 in
390 1176 598 1212 Aristotelem
620 1177 744 1219 jurant.
773 1178 861 1212 Nam
874 1188 943 1213 tota
955 1176 1107 1223 definitio

245 1226 565 1263 denominativorum
589 1227 630 1262 ab
652 1227 828 1263 Aristotele
851 1226 966 1262 tradita
996 1252 1007 1267 ,
1043 1236 1108 1271 tam

247 1276 380 1316 quadrat
406 1276 539 1311 vocibus
564 1277 792 1317 substantivis,
819 1277 933 1321 quaein
946 1277 1024 1322 quid
1037 1288 1110 1319 prae-

247 1326 418 1365 dicantur,
443 1337 540 1369 quarn
552 1326 733 1369 adjectivis,
758 1338 826 1371 quae
848 1328 1082 1371 praedicantur
1075 1337 1108 1359 ιιι

248 1376 369 1418 quale:
395 1386 475 1420 ergo
499 1374 546 1408 illi
572 1376 628 1420 qui
649 1375 859 1411 Aristotelem
885 1375 1048 1412 offendere
1072 1375 1109 1409 ti-

249 1436 361 1465 ment,
385 1436 479 1460 voces
501 1424 762 1469 denominativas
789 1428 881 1470 posse
895 1426 1109 1462 substantivas

248 1477 339 1514 esse,
359 1486 397 1508 ac
415 1475 450 1511 in
472 1475 550 1518 quid
575 1466 754 1519 praedicari,
780 1470 1021 1520 fateridebent.
1052 1477 1109 1515 Pa-

248 1532 291 1558 m
307 1525 477 1562 antecedens
504 1537 512 1557 ε
552 1526 627 1569 quia
651 1524 801 1560 definitio
825 1515 1011 1560 Aristotelis
1034 1524 1078 1558 est
1102 1538 1108 1559 :

249 1573 491 1608 denominativa
514 1572 589 1610 sunt
610 1585 705 1608 voces
726 1573 864 1615 eiusdem
880 1573 1001 1609 radicis
1016 1586 1051 1608 ac
1064 1575 1108 1608 di-

249 1624 344 1657 versae
362 1623 603 1659 terminationis
629 1625 845 1671 significantes
882 1626 1024 1669 diversas
1037 1636 1083 1658 res
1101 1649 1108 1656 .

250 1673 355 1717 Atqui
375 1685 443 1709 tota
462 1673 528 1707 haee
548 1673 698 1715 definitio
711 1684 777 1708 non
791 1676 899 1708 minus
908 1675 1042 1717 quadrat
1057 1685 1112 1708 vo-

251 1723 342 1758 cibus
367 1725 483 1759 animal
502 1725 701 1764 ammaluas,
727 1724 808 1764 homo
829 1724 1003 1759 humanitas
1018 1747 1028 1763 ,
1054 1726 1110 1757 (π.

250 1773 371 1816 aliique
384 1773 539 1809 similibus
563 1773 766 1808 substantivis
780 1799 790 1814 ,
818 1787 887 1819 quae
901 1776 933 1808 in
947 1775 1024 1817 quid
1039 1785 1111 1816 prae-

250 1823 400 1858 dicantur
422 1835 431 1866 ;
453 1823 549 1867 quam
572 1823 726 1862 vocibus,
752 1825 835 1858 albus
855 1824 959 1858 albedo
983 1849 993 1864 ‚
1020 1825 1111 1865 dulcir

251 1873 370 1906 dulcedo
382 1897 393 1913 ,
419 1873 554 1919 aliisque
566 1872 719 1907 similibus
741 1874 903 1916 adjectivis
915 1899 925 1916 ‚
951 1886 1022 1920 quae
1039 1885 1113 1921 prz-

251 1922 440 1959 dicanturin
454 1921 567 1966 quale?
595 1934 673 1969 ergo
690 1947 701 1963 ‚
725 1923 788 1960 ἀς.
964 1926 966 1930 ’

303 1981 355 2016 95.
385 1974 473 2005 Peter
491 1970 634 2012 serundoss:
661 1984 702 2005 an
725 1972 764 2006 ad
787 1983 883 2006 voces
894 1971 1113 2007 denominati·

254 2030 310 2053 vas
331 2018 416 2053 nihil
442 2019 535 2062 plane
554 2020 732 2062 requiratur
752 2019 861 2060 aliud,
890 2031 987 2063 quam
1000 2020 1113 2060 eadem

254 2068 346 2103 radix
357 2078 431 2103 cum
444 2068 565 2103 diversa
578 2070 830 2107 terminatione?
856 2068 942 2113 Resp.
959 2070 1113 2114 negative,

253 2118 308 2152 sed
330 2118 457 2159 insuper
476 2117 646 2158 requiritur
663 2118 808 2158 quffdam
834 2119 1001 2159 proportio
1015 2118 1048 2150 in
1067 2128 1114 2149 ea-

252 2176 323 2201 rum
334 2165 521 2210 significatis
534 2189 544 2204 ,
572 2176 633 2208 qua
646 2161 700 2198 illa
710 2166 770 2200 sese
782 2164 923 2209 habeant
935 2176 975 2200 eo
990 2165 1091 2201 'modo
1104 2189 1115 2211 ι

251 2222 319 2259 q'uo
342 2217 373 2250 se
397 2214 512 2248 habere
533 2215 637 2249 soient
654 2215 868 2260 fignificatum
881 2215 971 2250 vocis
983 2226 1114 2261 concre-

253 2271 313 2305 tae,
331 2266 364 2300 &
375 2264 589 2309 significatum
603 2263 691 2301 vocis
702 2264 859 2300 abstrastae
869 2265 915 2299 illi
929 2256 1113 2309 σοιἰεΓροιι·

254 2313 375 2348 dentis.
403 2313 485 2360 Qae
506 2313 674 2355 proportio
701 2313 827 2354 praecise
851 2314 906 2348 (ita
917 2313 984 2346 est
977 2325 1010 2346 in
1025 2313 1114 2359 hoc,

254 2361 344 2408 quod
367 2361 583 2408 significatum
604 2361 704 2395 totale
723 2362 811 2403 vocis
831 2360 990 2397 abstracta:
1017 2362 1053 2394 Γιι
1083 2361 1116 2395 Γι-

257 2412 449 2457 gnificatum
472 2410 607 2446 formale
618 2411 707 2452 vocis
731 2422 904 2452 concretae.
931 2404 971 2445 Εἰ
994 2410 1116 2456 defectu

257 2462 355 2506 hujus
373 2459 573 2497 conditionis
595 2484 606 2500 ,
633 2459 681 2494 hae
703 2472 800 2494 voces
815 2459 946 2504 somnus
956 2459 1117 2505 firmnolen·

257 2522 308 2546 ns
328 2534 338 2550 ,
365 2516 473 2546 creatio
502 2510 613 2544 creator
633 2535 643 2558 ³
669 2510 824 2555 edificatio
848 2511 1034 2554 aedlficaror,
1060 2511 1116 2550 etc.

257 2567 327 2596 tion
350 2560 423 2595 sunt
450 2570 544 2593 voces
564 2560 839 2602 denominativae;
867 2572 943 2595 nam
965 2559 1117 2607 fignifica-

258 2620 329 2646 tum
353 2610 551 2651 adaequatum
579 2610 669 2642 vocis
679 2608 799 2651 somnus
822 2622 889 2644 non
902 2610 946 2645 est
961 2609 1119 2655 fignifica-

257 2671 329 2695 tum
353 2660 487 2694 formale
507 2659 596 2693 vocis
610 2657 827 2703 somnolentus3
854 2671 919 2710 voit
940 2661 1062 2704 quippe
1079 2658 1119 2704 β

260 2710 422 2744 mnolenrus
442 2708 482 2741 de
502 2708 630 2744 formali
646 2718 711 2741 nou
726 2709 899 2751 somnum,
914 2707 979 2744 sed
994 2710 1120 2743 somno-

262 2759 396 2792 lentiam
417 2757 570 2800 importat
588 2781 596 2789 .
623 2757 676 2790 Sic
695 2757 794 2792 etiam
819 2770 883 2792 vox
906 2759 1068 2801 edificator
1081 2761 1121 2795 de

259 2808 392 2845 formali
405 2818 472 2841 uon
485 2806 735 2848 aedificationem
749 2809 798 2840 seu
812 2808 993 2850 aedificandi
1007 2810 1124 2849 ιιᾶιιιιι,

263 2857 318 2893 sed
345 2855 526 2891 aedificandi
553 2866 670 2893 munus
704 2858 737 2891 lc
757 2858 903 2893 officium
930 2857 1124 2905 significat
1113 2884 1124 2901 ,

263 2907 408 2950 adeoque
430 2907 646 2950 fignificatum
667 2898 770 2953 totale
779 2908 866 2942 vocis
877 2909 1040 2951 aedlficano
1057 2920 1125 2962 non⁵

264 2958 309 2994 est
328 2957 541 3003 significatum
551 2957 687 2995 formale
701 2957 789 3004 vocis
800 2958 980 3002 edificator.

1887 202 1981 252 195

1270 332 1759 390 DISPUTATIO
1806 340 1901 387 XI.

1188 471 1247 522 De
1272 481 1361 511 voce
1376 460 1495 526 finita
1520 465 1579 507 (9⁴
1592 476 1594 478 ’
1609 456 1756 523 infinita
1770 496 1783 520 ‚
1815 464 1983 528 positiva

1384 550 1430 579 ac
1453 535 1661 599 negativa,
1699 535 1791 579 &a

1301 653 1784 700 DUBIUM
1861 653 1893 692 1.

1184 774 1275 819 ‚Quid
1286 769 1323 813 sit
1348 772 1467 814 negano
1487 767 1579 805 realis
1600 790 1612 808 ‚
1638 767 1715 809 quid
1729 770 1847 811 negatio
1866 767 2001 802 vocalis?

1155 892 1191 919 21,
1376 875 1498 920 Egatio
1518 874 1581 909 alia
1603 874 1648 908 est
1665 874 1756 908 realis
1771 898 1782 914 ,
1805 874 1868 908 alia
1879 872 1923 909 est
1939 884 2030 908 voca-

1167 920 1204 937 *
1220 886 1362 1027 N
1393 925 1430 958 lis
1442 950 1450 958 .
1479 926 1534 960 De
1548 924 1623 960 reali
1636 924 1743 969 agitur
1757 926 1790 958 in
1805 923 2029 966 Postpraedica-

1337 1019 1340 1021 Α
1393 976 1532 1009 mentis:
1560 974 1600 1009 de
1626 975 1731 1008 vocali
1746 975 1851 1020 agitur
1863 972 1936 1007 hic.
1966 975 2033 1009 Ne·

1336 1023 1351 1030 ”
1397 1024 1489 1069 gatio
1502 1025 1593 1059 realis
1611 1024 1655 1058 est
1666 1024 1833 1070 absentia,
1861 1025 1911 1057 seu
1925 1035 2032 1060 caren-

1162 1075 1207 1116 tia
1225 1076 1331 1115 visus,
1359 1074 1498 1109 tenebrae
1520 1075 1572 1118 seu
1586 1076 1727 1115 carentia
1741 1075 1893 1114 luminis,
1920 1084 2034 1107 caren-

1165 1127 1209 1160 tia
1235 1124 1484 1171 humanitatis,
1509 1123 1657 1163 deitatis,
1687 1113 1869 1165 albedinis,
1898 1124 1959 1157 &e
1987 1121 2035 1157 hae

1165 1176 1300 1220 inquam
1341 1173 1489 1209 carentiae
1513 1183 1671 1206 vocantur
1698 1174 1887 1218 negationes
1908 1173 2036 1211 reales,

1167 1236 1234 1260 non
1260 1224 1347 1269 quast
1374 1225 1408 1260 in
1433 1224 1488 1258 sua
1499 1225 1635 1266 eutitate
1650 1223 1709 1257 [int
1724 1222 1795 1256 vere
1810 1223 1972 1266 pofitivae‚
1999 1233 2050 1255 ae·

1167 1265 1284 1319 reale53
1315 1274 1378 1308 hoc
1395 1276 1514 1317 quippe
1538 1283 1696 1316 repugnat
1719 1272 1752 1306 ἀ
1777 1271 2039 1316 incompoffibile

1166 1327 1235 1367 est:
1262 1327 1282 1359 Γι
1306 1325 1395 1359 enim
1421 1324 1528 1359 forent
1552 1324 1631 1368 quid
1654 1323 1738 1356 reale
1764 1333 1821 1356 aut
1844 1322 2039 1365 positivum',

1167 1386 1248 1413 tunc
1268 1386 1334 1410 non
1367 1374 1474 1418 forent
1500 1373 1692 1417 negationes
1715 1397 1725 1412 ‚

1759 1384 1797 1406 ac
1818 1371 1895 1416 quid
1918 1370 2042 1417 negati-

1170 1437 1246 1459 vum
1259 1451 1266 1458 .
1296 1426 1469 1461 Vocantur
1490 1433 1569 1468 ergo
1594 1423 1673 1457 tales
1685 1423 1833 1456 carentiae
1847 1423 2057 1466 negationes·

1169 1475 1267 1510 reales
1293 1476 1310 1508 a
1338 1476 1505 1514 termino,
1531 1483 1626 1522 quem
1652 1483 1844 1514 removent,
1866 1483 1965 1515 quem
1990 1483 2043 1505 ue·

1168 1537 1246 1570 gant
1257 1551 1266 1565 ,
1297 1526 1330 1566 ἀ
1344 1524 1435 1567 cujus
1449 1524 1522 1564 sunt
1535 1523 1707 1555 carentiae:
1734 1534 1775 1555 eo
1785 1522 1850 1556 fere
1862 1523 1964 1558 modo
1977 1531 2044 1564 quo

1169 1575 1315 1619 quaedam
1338 1576 1477 1607 astiones
1504 1582 1660 1609 vocantur
1673 1570 1917 1608 substantiales,
1945 1582 2011 1604 non
2028 1571 2046 1602 a

1171 1627 1222 1668 (ua
1244 1625 1404 1667 caritate,
1433 1619 1485 1655 sed
1510 1622 1530 1657 ὲ
1557 1622 1614 1667 suo
1637 1619 1802 1667 termino,
1830 1630 1927 1663 quem
1952 1619 2049 1663 respi-

1169 1677 1262 1711 ciunt
1275 1699 1285 1714 ‚
1305 1674 1337 1716 <St
1347 1683 1442 1715 quem
1456 1682 1558 1715 agunt
1572 1695 1579 1703 .

1220 1734 1250 1758 2.
1279 1722 1424 1767 Negatio
1446 1723 1539 1755 realis
1548 1719 1594 1755 est
1607 1719 1728 1764 duplex
1743 1731 1752 1751 ι
1778 1719 1841 1754 alia
1853 1719 1898 1753 est
1914 1718 2049 1763 negatio

1173 1786 1272 1818 pura,
1299 1774 1363 1807 alia
1387 1772 1432 1806 est
1457 1773 1588 1815 negatio
1616 1770 1797 1814 privativa,
1826 1771 1878 1803 seu
1892 1769 2052 1813 privatio.

1173 1823 1318 1870 Privatio
1340 1820 1385 1856 est
1404 1822 1544 1855 carentia
1566 1821 1699 1855 formae
1693 1833 1725 1853 ιιι
1739 1819 1875 1861 subjecto
1888 1830 1988 1862 apto,
2015 1830 2053 1852 ac

1175 1884 1252 1907 nato
1264 1872 1383 1906 habere
1406 1872 1519 1911 illam,
1547 1881 1582 1904 ut
1596 1870 1739 1908 caecitas,
1767 1869 1925 1909 tenebrae,
1951 1869 2056 1903 surdi-

1174 1934 1242 1969 tas,
1268 1924 1330 1968 &c-
1353 1920 1486 1962 Tenebr
1474 1932 1512 1953 ae
1534 1920 1655 1964 quippe
1681 1920 1909 1957 suntcarentia
1920 1918 2055 1953 luminis

1176 1974 1209 2003 in
1223 1982 1316 2009 aere,
1345 1980 1401 2014 aut
1413 1970 1480 2005 alio
1492 1978 1627 2011 corpore
1641 1965 1808 2015 diaphano
1821 1967 1954 2002 luminis
1965 1980 2058 2012 capa·

1175 2021 1223 2061 ci.
1252 2019 1391 2057 Caecitas
1409 2017 1455 2054 est
1480 2019 1622 2065 carentia
1646 2017 1728 2052 visus
1755 2018 1788 2052 in
1803 2017 1937 2054 animali
1948 2019 2055 2053 visum

1176 2072 1209 2113 in
1234 2070 1265 2103 se
1290 2067 1409 2101 habere
1428 2068 1558 2111 capaci.
1589 2068 1681 2100 Hinc
1692 2056 1939 2116 enimlapides,
1969 2068 2058 2111 plan-

1176 2126 1239 2155 tae,
1264 2117 1448 2163 elementa,
1477 2114 1611 2155 ostrea,
1639 2115 1766 2163 aliaque
1791 2117 1902 2155 similia
1916 2117 2055 2159 subjecta

1175 2166 1281 2199 uisum
1308 2165 1340 2197 in
1352 2164 1384 2197 se
1405 2162 1541 2211 habere
1534 2165 1720 2209 incapacia,
1748 2175 1853 2208 neque
1867 2167 1940 2200 sunt
1953 2177 2055 2209 neque

1176 2216 1330 2251 dicuntur
1351 2215 1413 2248 esse
1438 2224 1539 2253 caeca,
1568 2213 1618 2250 sed
1637 2225 1713 2247 non·
1706 2213 1888 2262 -videntia.
1908 2216 2058 2261 Negatio

1178 2276 1254 2307 pura
1279 2263 1324 2296 est
1348 2263 1487 2298 carentia
1500 2262 1655 2297 sormaein
1669 2263 1810 2306 subiesto
1823 2254 1963 2310 quovis,
1990 2277 2059 2301 tam

1177 2323 1258 2369 apto
1267 2311 1488 2355 quaminepto
1513 2310 1629 2344 habere
1642 2311 1751 2343 illam
1781 2312 1834 2346 Ut
1845 2323 2059 2359 carentrapo-

1179 2363 1287 2408 tentiae
1305 2359 1437 2400 vifivae‚
1467 2371 1536 2404 quae
1560 2360 1604 2392 est
1631 2360 1663 2393 in
1679 2360 1806 2403 lapide,
1832 2362 2059 2407 rationecujus

1179 2411 1328 2449 carentiae
1350 2410 1430 2453 lapis
1454 2421 1522 2443 non
1545 2408 1665 2443 dicitur
1687 2420 1811 2450 caecus,
1838 2412 1890 2445 sed
1913 2424 1980 2446 non
2008 2414 2059 2446 vi-

1180 2459 1283 2509 dens,
1307 2460 1350 2494 est
1374 2470 1449 2505 pura
1474 2460 1628 2503 negatio.
1656 2459 1708 2493 Sic
1731 2461 1832 2494 etiam
1855 2462 1988 2508 nssatio
2006 2473 2060 2497 ra·-

1181 2510 1396 2553 tionaritatis,
1421 2509 1468 2543 ob·
1494 2514 1590 2561 quam
1620 2509 1749 2543 brutum
1761 2510 2058 2547 diciturirrationa—

1185 2563 1232 2612 ie,
1261 2572 1335 2604 pura
1354 2560 1556 2604 negatioest

1235 2620 1264 2658 3.
1292 2611 1391 2643 §catus
1413 2621 1477 2644 cum
1498 2607 1622 2651 Scotistts
1636 2607 1693 2648 has
1709 2610 1970 2659 negationeque
1985 2611 2058 2646 sane

1184 2672 1250 2710 non
1264 2659 1429 2704 male)aliis
1445 2658 1631 2702 nominibus
1645 2658 1808 2708 indigitat.
1804 2660 1919 2708 Nam
1916 2663 2060 2706 negatio·

1185 2707 1256 2746 nem
1274 2720 1382 2756 puram
1397 2718 1489 2742 vocat
1504 2709 1714 2753 negationem
1726 2720 1813 2742 extra
1825 2716 1952 2753 genus;
1981 2713 2058 2755 quia

1186 2760 1548 2807 scilicetvagarurextra
1571 2756 1671 2792 omde
1683 2769 1807 2802 genus,
1835 2760 1968 2807 &extra
1986 2767 2057 2794 om*

1187 2821 1260 2844 nem
1278 2809 1485 2847 latitudinem
1505 2808 1608 2842 entis.-
1624 2803 1702 2843 haec
1715 2810 1832 2851 quippe
1845 2801 1974 2853 negatio
1988 2820 2057 2844 non

1187 2860 1260 2895 solis
1288 2852 1417 2893 entibus
1440 2851 1596 2897 realibus,
1623 2857 1673 2891 sed
1703 2859 1801 2893 etiam
1825 2859 1953 2893 entibus
1964 2860 2059 2894 ratio-

1188 2910 1258 2950 nis,
1284 2910 1316 2944 ὃ(
1341 2909 1503 2965 figmentis
1523 2906 1893 2957 ιιιιεΙῙεέιιιεὶιιειιιίιὶι,
1914 2909 2057 2952 praedica·

1187 2968 1379 3001 turquetam
1391 2958 1486 2992 deris
1502 2983 1512 2999 ,
1538 2968 1608 3001 quae
1631 2969 1697 2990 non
1711 2959 1805 2998 sunt,
1831 2970 1926 3002 quam
1939 2959 1999 2992 de
1992 2961 2030 2992 ris
2045 2981 2056 2997 ‚

1188 3019 1259 3055 quoe
1281 3010 1352 3044 sunt
1375 3020 1385 3050 3
1412 3007 1496 3041 verb.
1519 3019 1563 3051 gr
1581 3007 1710 3051 negatio
1737 3001 1975 3052 humanitatis,
2001 3019 2059 3042 aut

1190 3060 1342 3107 potentiae
1360 3058 1463 3102 vifivae
1484 3069 1548 3092 uon
1562 3056 1686 3091 solum
1680 3069 1712 3091 ιιι
1725 3054 1864 3100 lapide,
1881 3060 2031 3116 &planta
2046 3082 2059 3098 ,

1190 3108 1323 3153 aiiisque
1334 3108 1427 3142 rebus
1452 3106 1820 3150 inanimatisinexistit;
1849 3109 1899 3142 sed
1912 3108 2060 3142 etiamin

1191 3158 1412 3198 hirco-cervo,
1427 3154 1608 3196 chimaera,
1633 3156 1767 3202 aliisque
1788 3155 1918 3191 entibus
1938 3157 2060 3191 fictitiis

1191 3209 1370 3252 reperitur
1399 3206 1491 3239 Hinc
1511 3205 1612 3239 ficut
1621 3206 1704 3240 reae
1724 3206 1884 3247 dicimus,
1914 3207 1993 3250 lapis
2012 3206 2059 3241 est

1192 3270 1270 3292 non·
1260 3257 1394 3295 ·ιιοιιιο,
1423 3255 1467 3289 est
1478 3266 1559 3290 ιιοιι-
1552 3255 1701 3301 ·videns‚
1726 3257 1785 3291 &o
1811 3257 1857 3290 lta
1867 3258 1964 3292 etiam
1978 3255 2061 3292 reste

1191 3307 1359 3347 dicimus,
1386 3292 1547 3353 chymaera
1566 3305 1612 3339 est
1640 3317 1717 3340 non
1710 3297 1822 3340 homo
1844 3329 1855 3345 ‚
1881 3306 2062 3349 hyrco-cer-

1192 3367 1247 3390 vus
1267 3355 1310 3389 est
1326 3366 1411 3389 non·
1397 3355 1547 3395 wideris,
1574 3355 1635 3398 ὄις.
1652 3355 1747 3401 Βεξὶέ
1758 3366 1835 3401 ergo
1847 3356 1913 3390 haic
1925 3356 2060 3400 negatio

1193 3416 1325 3440 vocatur
1344 3405 1476 3448 negatio
1488 3414 1574 3438 extra
1589 3415 1712 3449 genus:
1741 3406 1832 3440 nullo
1843 3407 1960 3450 quippe
1975 3406 2061 3439 entis

1192 3455 1281 3490 realis
1303 3465 1420 3500 genere
1442 3455 1635 3497 coarCiatur3
1664 3456 1716 3490 sed
1741 3465 1794 3499 per
1806 3456 1939 3495 omnia,
1964 3455 1998 3488 &
2015 3454 2061 3487 ul-

1192 3515 1262 3545 tra,
1287 3517 1325 3542 ac
1335 3515 1422 3540 extra
1439 3505 1552 3541 omnia
1564 3481 1716 3551 vag’atur.
1743 3505 1967 3542 Privationem
1981 3502 2059 3537 vere

1914 3562 2011 3587 vocat
