2384 3770
372 119 606 179 Quonu.
643 111 735 156 Sir
772 109 882 154 Sic..
923 107 1059 153 Rec.
1103 101 1250 150 Vocss'
1286 104 1469 149 CoNc.
1507 105 1653 151 Susss.
1692 105 1844 152 Susss.

1937 118 2031 162 169

259 210 369 236 tamen
395 201 431 233 in
458 198 545 231 resto
571 206 639 230 non
668 193 857 239 significant
880 190 985 225 solum
1014 170 1127 230 suppo·
1193 186 1210 224 ὲ
1234 187 1265 220 se
1287 183 1508 227 principaliter
1527 185 1737 228 fignificatam
1761 201 1768 226 z,
1797 201 1855 233 pro
1876 190 2058 235 significato

257 253 352 285 situm
374 262 383 282 ε
410 258 489 292 ergo
515 247 590 280 sunt
618 245 726 279 multae
754 252 849 276 voces
874 248 1030 273 concretae
1057 238 1126 273 sub·

256 300 422 339 stativas,
450 308 521 340 quae
546 297 580 330 in
608 296 694 329 resto
719 304 788 326 non
815 289 998 334 significant
1019 287 1124 322 solum

255 349 475 394 suppositum.
503 345 649 380 Probatur
661 347 776 377 minor:
802 341 879 382 quia
906 350 972 375 vox
995 349 1125 372 concre-

254 409 289 433 ta
317 400 352 432 in
379 400 466 432 tedio
492 396 651 441 fignificat
675 401 811 426 omnem
842 389 933 424 illam
960 399 1053 427 rem,
1083 388 1124 422 de

254 460 320 492 qua
346 447 417 482 vere
444 446 546 491 potest
573 440 732 486 praedicari
757 452 764 472 τ
800 441 889 482 atqui
919 439 984 472 istae
1010 450 1124 473 omnes

253 498 390 542 praefatae
417 507 512 531 voces
539 494 671 536 possunt
699 488 956 529 veffiaffirmari,
986 500 1053 524 non
1069 490 1123 522 so-

253 549 325 583 lum
351 548 393 582 de
420 543 603 588 suppofitis3
631 540 684 575 sed
710 541 810 574 etiam
836 538 877 575 de
905 541 1029 573 naturis
1055 540 1123 581 sup-

253 599 425 642 pofitatis,
451 593 667 638 fignificatum
695 602 803 628 earum
832 590 973 623 formale
1000 588 1120 623 haben·

252 648 344 682 tibus
363 658 380 688 ’ς
411 655 491 689 ergo
518 643 584 676 istae
611 652 709 676 voces
736 641 770 674 in
798 641 885 677 recto
911 650 977 672 non
1017 640 1122 675 solum

252 697 469 740 suppositum
496 692 549 727 sed
577 703 678 726 omne
691 690 810 727 habens
822 690 1027 733 significant.
1055 692 1123 723 Ma-

247 750 298 792 jor
323 745 362 786 est
388 745 498 779 claun
534 742 575 776 de
610 753 674 785 qua
699 741 801 774 multa
827 738 934 773 dicam
973 739 1055 772 infra
1081 739 1121 773 de

250 793 535 841 praedicationibus
561 803 661 836 agens
683 816 691 825 .
730 794 828 827 Mlnor
853 793 925 823 ver&
948 788 1120 830 probatur:

251 848 330 890 quia
356 846 432 878 ficut
461 842 534 881 vere
560 842 717 878 dicimus,
744 843 824 872 Deus
852 842 945 873 Pater
968 838 1006 877 est
1032 850 1119 877 cree-

252 906 301 930 tor
325 896 391 928 caeli
417 895 449 927 (ν
476 903 586 932 terra,
612 891 649 931 est
676 887 809 929 universi
825 889 1010 932 gubernator
1035 913 1046 928 ,
1082 887 1119 927 est

246 944 500 990 praedestinator,
524 943 583 975 &a
611 939 663 973 Sic
688 939 786 974 etiam
814 938 886 971 vere
913 949 950 971 ac
975 935 1119 971 catholi-

251 994 291 1029 ce
301 995 441 1028 dicimus
452 1018 461 1033 ,
474 991 608 1034 Effentia
619 991 728 1023 divina
738 988 775 1029 est
785 992 914 1021 creatrix
924 1011 934 1027 ‚
960 987 998 1027 est
1006 987 1117 1031 guber-

249 1050 380 1083 natrix,
400 1040 670 1086 praeusti-natrix„
698 1041 757 1077 Θε-
784 1037 855 1074 Has
880 1038 969 1073 enirn
997 1049 1118 1080 propo-

249 1094 383 1129 fitiones
410 1093 537 1127 invenit
567 1102 633 1124 non
658 1091 744 1124 solus
757 1088 957 1133 Theologus
982 1087 1015 1121 in
1028 1087 1117 1124 Con·

249 1145 337 1179 ciliis
363 1145 398 1179 ἃ
424 1143 547 1176 Sanctis
575 1140 737 1183 patribu53
766 1139 820 1172 sed
845 1139 947 1172 etiam
978 1138 1116 1181 simplex

248 1194 407 1229 Sacerdos
433 1193 468 1226 in
495 1191 674 1225 missalibus
700 1191 733 1222 &
760 1188 944 1222 breviariis.
973 1186 1056 1221 Item
1085 1188 1116 1220 fi-

248 1255 306 1278 cut
334 1243 406 1276 vere
433 1242 594 1280 dicimus,
620 1239 703 1274 homo
716 1239 753 1277 ef!
778 1250 855 1279 ens,
882 1237 965 1272 homo
989 1237 1027 1276 est
1049 1235 1118 1280 sub-

242 1293 358 1335 stantia
378 1303 389 1326 ·.
416 1291 460 1324 sie
485 1292 582 1323 etiam
611 1288 686 1322 vere
710 1287 852 1324 dicimus
877 1313 888 1329 ‚
923 1287 1115 1327 humanitas,

246 1343 448 1379 animalitas,
475 1341 664 1373 rationalitas
693 1362 704 1378 ,
729 1339 785 1376 (rc.
808 1337 845 1376 est
871 1349 923 1371 ens
951 1362 962 1378 ,
988 1337 1026 1377 est
1049 1335 1115 1379 sub-

241 1393 375 1436 stantia.
405 1391 494 1435 Ergo
523 1389 587 1425 istae
614 1400 710 1423 voces
738 1387 811 1423 vere
837 1389 1114 1427 affirmanturnon

245 1443 289 1475 de
314 1442 390 1475 solis
416 1439 604 1483 suppofitis;
632 1437 684 1470 sed
711 1436 752 1469 de
775 1437 976 1479 quibuslibet
1002 1447 1114 1470 earum

245 1492 382 1527 formale
408 1488 623 1533 significatum
653 1485 864 1519 habentibus.

301 1552 351 1588 19,
379 1544 485 1581 Neque
496 1543 573 1571 ratio
584 1535 735 1575 adduc‘la,
759 1535 878 1577 aliquid
881 1535 1009 1576 probat:
1035 1535 1112 1569 falsa

244 1591 366 1634 quippe
376 1590 421 1623 est
435 1588 550 1631 major.
579 1586 693 1626 Nam,
721 1587 843 1620 utidixi
855 1585 933 1633 disp.
949 1583 978 1622 8.
995 1585 1063 1621 dub.
1079 1596 1108 1634 3,

245 1652 344 1675 voces
356 1651 423 1673 non
433 1650 588 1672 vocantur
602 1636 806 1671 substantiva:
820 1660 831 1676 ‚
853 1647 909 1669 aut
921 1637 1084 1679 adieetivae
1095 1636 1113 1668 ὲ

244 1702 282 1725 re
294 1691 591 1736 significata,'quae
601 1688 662 1725 [int
687 1698 741 1730 per
763 1687 796 1720 se
817 1687 925 1727 stans,
951 1687 1002 1720 vel
1025 1686 1115 1730 adja-

243 1752 344 1783 cens3
373 1739 566 1774 sedamodo
578 1737 799 1783 significandi.
830 1736 912 1771 Non
937 1748 1023 1781 nego
1049 1738 1115 1780 ple·

243 1792 358 1834 rasque
373 1799 466 1824 voces
490 1800 656 1824 concretas
678 1787 913 1827 substantivas,
943 1788 1112 1830 praesertirn

244 1840 456 1874 substantivas
469 1838 693 1874 substantiales
707 1838 741 1871 in
755 1838 841 1871 resto
863 1838 1044 1883 significare
1067 1842 1115 1873 so-

242 1890 315 1924 lum
327 1891 544 1933 suppofitum:
569 1890 647 1924 tales
657 1889 746 1922 enim
761 1890 834 1922 sunt
845 1900 961 1924 omnes
978 1888 1042 1923 hae:
1065 1889 1111 1922 ho-

241 1952 292 1974 mo
303 1955 319 1980 ,-
336 1941 471 1979 animal,
487 1943 596 1972 Petrus
609 1940 737 1978 ‚brutum
749 1961 760 1976 ,
771 1949 861 1979 equus
873 1964 884 1979 ,
905 1950 1007 1980 aqua,
1022 1944 1112 1982 ignis,

244 1991 304 2022 &a
326 1990 385 2021 Sed
396 1989 471 2021 dico
483 1988 755 2032 significationem
772 1987 871 2020 solius
896 1989 1049 2030 suppositi
1070 1989 1112 2022 ad

243 2048 361 2073 vocem
373 2049 559 2071 concretam
573 2036 800 2071 substantivam
816 2035 1002 2071 nullatenus
1010 2038 1112 2078 requi-

243 2089 293 2122 ri.
319 2085 789 2128 Undedffcultatempropofitam
800 2085 913 2126 resolvo
938 2109 949 2125 ‚
967 2087 1001 2118 (tt
1025 2088 1110 2120 dico:

241 2147 358 2170 vocem
371 2147 556 2170 concretam
577 2134 811 2168 substantivam
824 2157 834 2172 ,
857 2133 890 2166 ὅ(
915 2133 1110 2175 adjestivam

239 2186 463 2221 definiendam
476 2185 538 2219 effe
550 2184 762 2219 conformiter
776 2182 817 2217 ad
830 2182 912 2216 dieta
923 2183 956 2217 in
972 2182 1047 2226 disp.
1077 2182 1108 2221 8.

240 2236 311 2270 dub.
327 2238 399 2273 2&
415 2247 444 2281 3.
472 2233 534 2268 hoc
545 2234 666 2268 modo:
686 2243 751 2266 vox
767 2243 919 2267 concreta
933 2233 1108 2267 substanti-

240 2297 280 2318 va
293 2286 337 2318 est
351 2285 405 2318 illa
415 2308 426 2324 ,
452 2295 521 2327 quae
533 2285 564 2316 se
575 2284 643 2316 sola
656 2282 723 2315 sola
736 2291 810 2324 apta
822 2281 867 2314 est
881 2283 1029 2324 perficere
1042 2284 1107 2316 sen-

239 2336 332 2369 sum:
359 2345 422 2367 vox
435 2332 587 2376 adjestiva
598 2331 643 2365 est
657 2330 714 2364 illa
725 2341 818 2372 ,lquae
829 2355 840 2370 ,
855 2339 890 2364 ut
903 2332 1027 2365 sensum
1041 2341 1107 2374 per-

239 2385 330 2418 ficiat
340 2407 351 2422 ,
376 2383 474 2416 alicui
488 2382 580 2416 alteri
591 2381 665 2415 voci
679 2379 778 2414 adiici
804 2379 918 2414 debet.
946 2381 1021 2415 Sive
1042 2381 1107 2415 hoc

237 2432 341 2468 modo
355 2445 362 2464 :
383 2444 448 2467 vox
460 2440 610 2466 concreta
623 2430 821 2465 substantiva
835 2430 880 2462 est
894 2430 951 2464 illa
962 2455 973 2470 ,
987 2442 1058 2474 quae
1070 2431 1104 2464 in

235 2482 451 2528 significando
462 2481 609 2515 imitatur
620 2481 710 2514 entia
724 2490 777 2523 per
789 2480 819 2512 se
833 2478 948 2514 stantia
959 2492 968 2522 ;
981 2492 1045 2514 vox
1058 2492 1106 2514 ve·

233 2534 274 2567 ro
286 2542 439 2566 concreta
453 2530 609 2573 adjectiva
619 2530 663 2562 est
678 2529 736 2563 illa
748 2553 759 2569 ,
783 2540 853 2573 quae
866 2530 901 2564 in
922 2530 1103 2575 significan-

235 2583 281 2617 do
294 2582 439 2616 imitatur
450 2581 540 2616 entia
556 2578 737 2621 adjacentia
749 2604 759 2612 .

433 2678 771 2714 DUBIUM
831 2678 902 2714 Vi.

231 2782 398 2826 ,Quodnam
430 2778 468 2822 fit
489 2777 684 2822 significatum
709 2778 817 2811 rec‘t’um
843 2782 922 2812 vocis
956 2790 1100 2816 concretae

437 2828 634 2872 substantivae
656 2828 859 2872 substantialis
867 2830 880 2862 ἓ

478 2929 501 2962 S
526 2930 556 2963 Ε
582 2929 614 2965 C
639 2929 676 2963 T
702 2929 716 2962 1
742 2929 776 2963 O
826 2929 851 2963 1.

326 3030 435 3075 Sensus
462 3029 641 3074 quaeflionis‚
669 3041 703 3064 ac
716 3034 813 3064 varlae
819 3028 995 3073 sententiae.

224 3143 278 3184 30.
397 3133 501 3168 Uaero
513 3130 680 3176 quodnam
693 3131 728 3163 fit
740 3130 959 3175 significatum
972 3133 1090 3167 testum

407 3184 495 3217 vocis
504 3191 661 3216 concretae
671 3180 881 3215 substantiva:
898 3180 1024 3215 substan
1032 3184 1092 3217 tia·

221 3233 260 3267 lis
279 3235 291 3266 ?
328 3232 418 3266 Nam
447 3233 489 3267 de
515 3231 653 3266 vocibus
680 3231 841 3265 concretis
877 3230 1090 3268 substantivis

220 3282 478 3318 accidentalibus
489 3307 500 3322 ,
525 3281 637 3324 quales
664 3282 738 3315 sunt
764 3279 813 3314 hae
829 3294 835 3313 :
861 3289 996 3314 cantator
1012 3282 1090 3325 ‚sal-

221 3341 298 3365 tator
308 3357 319 3372 ,
344 3342 447 3366 cantor
466 3356 478 3373 ,
500 3339 634 3374 peccator
644 3355 655 3372 ‚
667 3329 831 3374 Episcopus
844 3355 855 3371 ,
874 3329 972 3372 consid
980 3356 992 3372 ‚
1004 3333 1086 3367 aliae-

221 3393 284 3426 que
301 3383 438 3422 similes,
467 3382 557 3415 nulla
579 3381 624 3415 est
646 3381 819 3416 difficultas
844 3406 850 3413 .
880 3382 942 3414 Hae
969 3383 1089 3427 quippe

220 3443 316 3467 voces
330 3442 386 3473 pro
398 3432 581 3477 fignificato
594 3432 652 3465 suo
664 3432 804 3474 obliquo
817 3430 938 3467 habent
947 3432 1087 3470 formam

300 3481 407 3523 chrm.
436 3485 513 3525 Lupi
525 3485 623 3524 Opera
634 3483 716 3516 Tom.
730 3484 805 3515 ΧΠ,

1193 244 1302 272 autem
1315 237 1403 281 resto
1412 233 1533 268 habent
1543 245 1678 269 omnem
1701 239 1789 274 illam
1811 253 1878 274 rem
1893 265 1904 281 ,
1931 240 1971 277 de
1991 253 2055 286 qua

1194 286 1325 328 possunt
1339 283 1409 317 vere
1423 284 1605 327 praedicari:
1627 285 1687 317 five
1714 288 1767 319 illa
1793 291 1827 324 fit
1841 292 2054 334 suppositum,

1192 335 1254 368 five
1282 335 1586 377 non-suppofitum3
1612 345 1642 366 v.
1664 345 1694 377 g.
1718 346 1811 370 voces
1834 364 1844 379 ,
1866 340 2055 384 Episcopus,

1189 382 1305 427 consul,
1327 394 1445 424 cantor,
1470 387 1525 423 (σε.
1546 384 1586 418 de
1603 383 1733 418 formali
1757 385 1789 417 &
1813 387 1846 419 in
1858 391 1998 434 obliquo
2012 393 2055 428 fif

1189 435 1350 479 gnificant
1390 434 1623 478 Episcopatum
1637 458 1648 473 ,
1669 434 1874 469 consulatum
1903 442 2053 480 peritiam

1188 494 1320 525 cantus,
1349 485 1410 520 &c.
1423 484 1463 517 de
1475 483 1632 522 materiali
1648 484 1724 518 vero
1737 508 1747 523 ‚
1771 485 1851 517 acin
1865 488 1949 520 resto
1961 491 2053 534 signif.

1188 534 1288 573 fleant
1301 546 1401 569 omne
1415 535 1498 572 illud
1511 560 1521 575 ‚
1534 535 1574 571 de
1585 546 1651 577 quo
1663 534 1728 566 istae
1742 534 1851 572 formai
1859 537 1991 577 possunt
2005 552 2055 574 ve.

1189 583 1220 617 re
1233 585 1396 624 affirmari,
1408 596 1445 618 ac
1456 585 1619 627 praedicari
1633 609 1640 616 .
1669 583 1722 616 Ubi
1731 585 1860 617 adverte
1871 586 1981 618 obiter:
1997 589 2053 627 ista

1146 648 1150 653 ·
1187 635 1323 668 nomina
1338 635 1535 669 substantiva
1548 636 1581 669 in
1596 646 1633 668 or
1645 635 1823 668 desinentia
1842 647 1899 678 pro
1912 637 1969 673 suo
1993 638 2053 670 for-

1188 685 1264 717 mali
1277 685 1456 729 significato
1475 697 1542 718 non
1558 686 1732 728 importare
1743 686 1849 724 aecum
1864 710 1874 725 ,
1889 696 1944 721 aut
1955 687 2055 723 astio-

1187 745 1260 768 nem
1274 749 1285 768 :
1314 746 1416 777 neque
1430 736 1531 768 solam
1548 735 1728 778 potentiam
1743 760 1754 775 ‚
1775 747 1830 768 aut
1853 735 2054 773 habitualem

1186 786 1331 826 peritiam
1345 779 1500 826 faci'endae
1512 786 1668 828 amonim
1694 785 1746 818 sed
1759 786 1922 821 ordinarie
1936 787 2054 830 impor-

1185 845 1255 868 tant
1269 836 1449 878 porentiarn
1460 858 1471 874 ,
1495 837 1544 874 vel
1559 836 1704 878 peritiam
1717 836 1810 871 simul
1822 848 1897 870 curn
1922 839 2056 871 consue-

1185 884 1322 925 tudine,
1341 897 1496 926 munere,
1519 885 1569 921 vel
1582 886 1776 929 professione
1798 887 1872 920 talis
1895 887 2031 924 astionis
2044 912 2055 928 ,

1185 945 1215 967 v.
1230 946 1260 978 g,
1273 934 1502 977 vocessaltator
1515 960 1526 976 ,
1543 937 1664 978 picqor,
1685 945 1823 978 potator,
1845 939 1902 970 (π.
1930 937 1971 972 de
1993 938 2057 971 for-

1185 984 1260 1018 mali
1275 987 1563 1027 noncantionem,
1584 987 1792 1020 saltationem
1817 1010 1828 1026 ‚
1855 988 2054 1029 pistionem,

1184 1044 1239 1068 aut
1252 1035 1456 1077 potationem
1469 1049 1479 1068 :
1502 1036 1606 1070 immo
1619 1048 1723 1079 neque
1734 1037 1914 1079 potentiam
1936 1047 1990 1071 aut
2002 1049 2055 1080 pe-

1184 1084 1293 1120 ritiam
1307 1083 1438 1119 istarum
1451 1085 1614 1123 afflonum
1629 1088 1812 1130 significant
1825 1099 1832 1118 z
1846 1098 1952 1131 neque
1964 1088 2053 1123 enim

1186 1136 1210 1167 is
1227 1145 1360 1169 vocatur
1385 1146 1536 1178 potator,
1560 1138 1616 1178 qui
1641 1147 1750 1179 potare
1775 1138 1878 1180 potest
1893 1152 1906 1178 ,·
1928 1139 1979 1170 sed
1997 1138 2054 1179 qui

1184 1185 1345 1219 ordinarie.
1359 1196 1471 1228 potat,
1485 1196 1591 1228 neque
1604 1188 1631 1223 is
1645 1197 1776 1219 vocatur
1790 1188 1893 1229 pietur
1906 1210 1915 1229 ‚
1926 1198 2054 1227 cantor,

1185 1235 1316 1268 saltator
1327 1259 1338 1275 ‚
1350 1246 1405 1269 aut
1417 1235 1584 1279 equitator
1598 1260 1608 1276 ‚
1630 1238 1684 1279 qui
1700 1237 1757 1269 ista
1772 1238 1875 1273 facere
1888 1238 1983 1270 novit
1995 1261 2005 1276 ,
2015 1248 2054 1270 ac

1185 1284 1314 1327 potest;
1338 1286 1389 1318 sed
1414 1287 1469 1329 qui
1494 1285 1552 1318 ista
1576 1297 1616 1319 ex
1637 1286 1898 1325 consueiudine,
1918 1286 1967 1319 vel
1986 1298 2057 1329 pro-

1184 1334 1316 1369 fessione
1328 1347 1365 1369 ac
1379 1346 1512 1370 munere
1523 1335 1610 1370 facit.
1627 1336 1734 1378 Unde
1748 1336 1812 1369 iflae
1826 1347 1923 1370 voces
1938 1335 1977 1370 de
1987 1336 2051 1370 for-

1184 1386 1259 1418 mali
1274 1385 1422 1428 peritiam
1443 1383 1536 1419 simul
1548 1396 1622 1422 cum
1640 1387 1900 1424 consuetudine,
1923 1387 1971 1419 vel
1984 1397 2054 1429 pro-

1184 1435 1455 1474 feffioneistarum
1471 1436 1638 1473 actionum
1652 1437 1837 1481 significarit
1849 1461 1856 1469 .
1871 1438 2055 1480 Dequaplu-

1182 1497 1217 1519 ra
1228 1484 1335 1526 forsan
1345 1486 1438 1525 alibi.

1233 1545 1284 1580 31.
1309 1535 1403 1570 Tota
1416 1538 1494 1581 ergo
1506 1539 1682 1574 difficultas
1695 1539 1829 1573 vertitur
1853 1539 1894 1573 de
1918 1539 2055 1574 vocibus

1181 1586 1339 1619 concretis
1370 1587 1579 1621 substantivis
1615 1587 1877 1623 substantialibus
1902 1601 1914 1622 ·.
1941 1591 2056 1631 quales

1185 1634 1257 1668 sunt
1281 1645 1398 1675 voces,
1419 1634 1520 1678 homo,
1541 1641 1644 1678 Deus,
1665 1640 1801 1677 animal,
1827 1650 1920 1681 equus
1947 1664 1957 1680 ‚
1990 1640 2056 1673 bru-

1180 1695 1267 1725 tum,
1290 1686 1354 1724 leo,
1380 1686 1478 1726 lapis,
1505 1690 1639 1728 planta,
1663 1689 1720 1721 (arc.
1741 1689 1930 1723 Difficultas
1945 1699 2056 1724 tamen

1182 1735 1270 1771 nulla
1289 1734 1394 1770 fuisset
1419 1747 1561 1782 unquam
1582 1761 1594 1777 ,
1631 1737 1689 1772 nisi
1713 1750 1784 1773 eam
1808 1740 1958 1774 movisset
1991 1741 2057 1775 Ga·

1182 1788 1259 1823 briel
1282 1786 1432 1835 Vasquez
1458 1815 1468 1832 ,
1492 1803 1529 1825 ac
1554 1789 1619 1836 jam
1637 1791 1702 1826 fere
1727 1791 1866 1835 sopitam
1888 1791 2056 1825 excitasset

1182 1840 1365 1875 Rodericus
1394 1844 1533 1888 Arriaga
1565 1869 1572 1876 .
1597 1843 1675 1884 Est,
1698 1843 1829 1884 inquam
1844 1866 1855 1882 ‚
1878 1840 2055 1875 difficultas

1180 1889 1246 1924 haec
1268 1891 1463 1926 discuffione
1486 1893 1695 1936 digniffima,
1721 1892 1755 1926 &
1781 1902 1822 1925 ex
1850 1902 1912 1934 qua
1935 1892 2056 1934 pendet

1179 1939 1335 1974 resolutio
1361 1942 1534 1975 multarum
1558 1942 1791 1975 difficultatum
1813 1940 1966 1974 aliarum.
1992 1942 2055 1976 Po-

1179 1988 1302 2032 testque
1323 1991 1447 2023 moveri
1461 1993 1545 2024 circa
1559 1993 1639 2032 trin,
1661 2003 1731 2035 qua:
1755 1993 1787 2024 in
1808 1991 1992 2035 significato
2005 2003 2054 2026 to-

1178 2038 1235 2070 tali
1255 2039 1290 2071 &
1305 2039 1473 2082 adaequato
1496 2042 1652 2074 similium
1679 2053 1799 2075 vocum
1823 2042 2049 2076 involvuntur.

1177 2087 1310 2120 Scilicet
1325 2089 1366 2120 de
1385 2098 1458 2121 toto
1487 2090 1648 2131 supposito
1662 2104 1673 2122 .·
1696 2091 1737 2124 de
1762 2092 1830 2125 sola
1853 2102 1967 2126 natura
1986 2105 1993 2124 ε
2020 2093 2053 2126 ὅς

1175 2133 1215 2168 de
1236 2135 1302 2169 sola
1324 2137 1598 2180 suppofitalitate.
1624 2138 1703 2173 Haec
1726 2141 1816 2173 enim
1840 2142 1900 2174 tria
1928 2144 1959 2174 in
1979 2143 2051 2176 ista-

1175 2195 1246 2217 rum
1268 2197 1386 2221 vocum
1411 2187 1579 2230 adaequato
1603 2188 1786 2233 significato
1806 2190 2047 2224 involvuntur.

1177 2234 1284 2268 Prima
1300 2247 1379 2279 ergo
1400 2237 1560 2271 sententia
1580 2240 1642 2271 effe
1664 2239 1790 2281 potest:
1812 2240 1902 2283 quod
1926 2241 2047 2275 similes

1175 2294 1273 2317 voces
1294 2296 1351 2326 pro
1374 2285 1554 2329 significato
1577 2288 1662 2320 recto
1685 2287 1827 2322 habeant
1851 2290 1953 2324 solam
1968 2292 2049 2335 sup-

1174 2333 1429 2375 pofitalitarem,
1456 2336 1488 2369 &
1511 2347 1569 2378 pro
1592 2336 1777 2380 significato
1790 2338 1929 2379 obliquo
1942 2340 2047 2375 solam

1174 2392 1321 2416 naturam
1343 2385 1570 2427 suppofitatam
1585 2397 1599 2426 ;
1618 2386 1662 2419 ita
1680 2397 1715 2421 ut
1737 2385 1784 2420 hae
1807 2398 1903 2421 voces
1926 2390 2047 2433 simpli-

1171 2443 1246 2471 ces,
1267 2431 1366 2474 homo,
1392 2437 1528 2475 animal,
1549 2446 1637 2478 equus
1652 2460 1663 2476 ‚
1683 2438 1740 2470 (π.
1764 2437 1798 2470 in
1824 2438 2044 2481 significando

1171 2481 1387 2525 aequivaleant
1404 2483 1493 2518 hisce
1520 2485 1702 2528 complexis
1719 2499 1729 2518 .·
1748 2486 1969 2530 suppofitalitas
1991 2489 2045 2522 ba-

1170 2532 1239 2564 bens
1262 2532 1478 2567 humanitatem
1499 2559 1509 2575 ,
1533 2537 1752 2570 animalitatem
1772 2562 1783 2578 ,
1814 2543 2010 2580 equinitatem
2026 2564 2037 2580 ,

1170 2587 1228 2615 (vc.
1250 2582 1328 2617 Haec
1362 2594 1471 2618 tamen
1500 2586 1687 2628 sententia(
1711 2588 1823 2621 saltem
1849 2589 1938 2632 quod
1975 2601 2041 2634 ego

1169 2632 1265 2667 sciam
1285 2638 1299 2674 )
1316 2634 1334 2666 a
1357 2635 1470 2674 nullo,
1493 2646 1598 2677 neque
1612 2637 1771 2679 antiquo,
1805 2648 1911 2681 neque
1931 2650 2040 2673 recen-

1168 2682 1243 2715 tiori
1265 2682 1472 2727 Philosopho
1494 2685 1661 2720 asseritur:
1688 2686 1807 2720 nullibi
1835 2688 1923 2721 enim
1946 2689 2039 2723 illam

1167 2731 1304 2772 inveni,
1326 2734 1414 2778 legi,
1431 2745 1484 2767 aut
1505 2734 1637 2769 audivi.

1217 2794 1269 2829 32.
1293 2783 1334 2816 Et
1347 2784 1464 2819 merito
1472 2783 1602 2828 quidem
1617 2798 1625 2817 :
1652 2797 1727 2820 nam
1739 2785 1760 2819 fi
1773 2824 1775 2827 .
1786 2797 1857 2821 vera
1871 2788 1952 2821 foret
1969 2786 2036 2824 haec

1163 2834 1279 2875 opinio
1292 2845 1301 2875 3
1325 2845 1399 2867 vera
1412 2845 1543 2878 quoque
1552 2837 1635 2870 foret
1650 2835 1714 2870 haec
1726 2837 1911 2880 praedicatio
1923 2862 1933 2877 ,
1947 2837 2035 2872 bomo

1162 2883 1198 2922 est
1230 2881 1452 2925 suppositalitas
1474 2910 1485 2926 ‚
1505 2885 1567 2919 baec
1595 2886 1820 2929 suppofitalitas
1857 2890 1870 2930 (
1894 2888 2034 2923 demon-

1163 2932 1291 2967 strando
1315 2945 1420 2969 meam
1436 2959 1447 2974 ‚
1470 2946 1567 2978 quam
1593 2937 1694 2970 modo
1717 2936 1848 2978 habeo)
1868 2938 1906 2978 est
1929 2938 2035 2972 bomo.

1163 2983 1265 3024 Atqui
1289 2981 1334 3017 hae
1354 2986 1587 3028 propositiones
1611 2988 1683 3020 sunt
1703 2987 1865 3021 falfiffimae
1893 3001 1901 3020 2
1922 3000 2025 3031 neque

1159 3034 1257 3067 credo
1269 3034 1338 3067 fore
1353 3047 1388 3069 ut
1399 3036 1472 3078 quis
1485 3036 1577 3069 sanus
1590 3036 1813 3080 Philosophus
1828 3038 1900 3072 illas
1910 3039 2030 3073 admit-

1159 3093 1227 3125 tat·,
1252 3095 1290 3117 ac
1311 3082 1481 3125 justificet.
1514 3086 1602 3130 Ergo
1623 3087 1722 3121 etiam
1735 3087 1813 3122 falsa
1825 3088 1869 3122 est
1884 3088 1941 3122 ista
1955 3089 2027 3132 opi-

1158 3134 1215 3166 nio
1227 3158 1234 3165 .
1264 3133 1416 3172 Probatur
1424 3133 1548 3177 sequela
1558 3139 1702 3177 majoris:
1715 3138 1791 3181 quia
1804 3139 1843 3171 ad
1860 3139 2027 3173 veritatem

1156 3183 1396 3226 praedicationis
1424 3185 1620 3219 affirmativa:
1641 3187 1822 3222 constantis
1846 3188 2024 3231 praedicato

1154 3244 1311 3267 concreto
1325 3256 1337 3272 ‚
1347 3234 1450 3276 qualis
1459 3236 1503 3268 est
1515 3234 1601 3275 haec3
1616 3236 1906 3280 haecsuppofitalitas
1917 3238 1955 3279 est
1972 3238 2024 3271 bo-

1153 3295 1199 3315 mo
1225 3308 1235 3322 ,
1258 3282 1468 3318 solummodo
1489 3286 1661 3328 requiritur
1683 3287 1901 3322 identificatio
1927 3287 2048 3323 extre(

1154 3343 1282 3365 morum
1311 3334 1420 3376 quoad
1453 3334 1668 3379 fignificatum
1698 3340 1842 3378 testum,
1865 3339 1899 3373 ὅς
1928 3349 1964 3372 ut
1990 3340 2025 3372 fi.

1151 3383 1343 3427 gnificatum
1376 3385 1515 3418 formale
1547 3387 1706 3428 praedicati
1748 3388 1902 3422 inexistat
1931 3389 2023 3431 figni.

1151 3435 1250 3468 ficato
1289 3434 1375 3468 recto
1412 3433 1542 3477 subjeffi
1571 3448 1579 3467 ε
1630 3446 1663 3468 ut
1699 3438 1840 3480 pluribus
1879 3437 2027 3478 ostendam

1553 3485 1580 3519 P
1635 3496 1652 3528 3
1898 3486 1983 3527 infra
