2384 3770
384 189 443 232 322

179 327 260 379 Cap.
276 339 327 381 14.

358 358 856 405 vestrienfis,dequas1cauaor
868 364 946 399 iste.
973 364 1136 406 offertum?
1158 376 1222 409 quo·
1276 365 1359 407 fidu
1377 391 1388 408 ,
1410 367 1632 408 similitudinem
1663 379 1769 411 magno
1790 365 1945 410 eujusdam

353 409 428 446 dam
447 414 562 447 nomine
586 409 739 451 sylvestria
750 436 761 452 ,
787 412 860 447 bene
886 413 1071 457 Christiano,
1101 417 1135 449 Θ
1155 424 1222 457 pro—

355 464 464 492 vinciae
477 460 638 501 Byzacena*
650 463 822 503 Primario,
845 464 923 497 locus
954 473 1045 506 aptus
1056 466 1222 506 monasterio

344 508 553 556 fabricando,
578 512 663 552 cujus
684 511 776 555 gleba
794 517 916 556 pinguis
947 526 984 548 ac
1002 515 1119 557 fertilis
1145 515 1222 555 insti-

352 559 485 605 tuendis*
500 557 594 594 hortis
609 562 733 602 optabili
746 561 952 604 faecunditate
977 574 1159 609 congrueret,
1189 567 1223 599 (Ὗ

352 610 433 651 quod
451 610 524 651 plus
550 610 719 654 eligendum
745 613 905 646 videbatur
927 640 936 654 ‚
971 616 1054 658 longe
1081 617 1101 647 ἃ
1119 615 1222 656 furore

788 173 913 227 ,DE
962 175 1235 224 Omont!
1281 178 1682 227 ΕιῑεΜιτΑκυΜ

356 259 408 293 ubi
427 268 525 302 parvo
554 264 681 307 temore
706 262 830 295 minino
851 261 1033 306 servientes
1052 264 1222 307 insistebant
1286 267 1429 307 Illustrem
1443 259 1599 310 scilicet&
1611 269 1827 312 Januariusn‚
1844 265 2156 313 {abitaresicumperr‘

357 309 492 352 operibus
516 306 671 348 char-stetis
710 336 717 343 .
744 312 900 347 Tertium
934 315 979 349 est
1001 315 1138 350 Eremus
1168 315 1224 349 Sil-

1281 315 1370 359 suafit
1386 319 1516 351 volentes
1527 341 1538 357 ,
1558 317 1666 360 quibus
1689 321 1772 350 unico
1782 315 1921 360 serviens
1942 319 2098 356 charitatis
2108 320 2156 363 af·

2052 370 2153 412 sterii,

1284 416 1431 450 monacbis
1445 419 1479 452 (ν
1489 419 1599 451 clericis
1608 419 1754 451 adunatis
1763 440 1775 458 ,
1788 416 1939 462 sapienter
1950 418 2057 460 effecit.
2071 421 2153 455 Erat

1283 472 1389 509 quippe
1408 473 1452 501 eis
1471 474 1631 502 communis
1652 466 1751 511 mensa
1776 491 1787 507 ,
1820 479 1968 502 commune
1986 469 2130 504 celtarum
2141 493 2156 511 ,

1282 524 1441 550 communis
1461 524 1555 551 oratio
1571 519 1661 560 simul
1681 519 1715 552 ό*
1733 518 1815 552 Ιιθὲσ
1837 542 1846 550 .
1884 519 1996 552 Nullus
2010 518 2046 561 se
2062 518 2153 564 m

1283 567 1411 599 alterum
1431 566 1586 610 insolenter
1609 567 1772 608 efferebat,
1794 573 1983 611 nec-propriis
2004 567 2154 610 fratribus

1282 617 1411 658 amplius
1436 626 1489 651 aut
1506 620 1687 658 peculiarius
1710 617 1897 660 consulebat,
1919 618 1976 661 nisi
1994 620 2075 661 quod
2091 630 2155 653 mae-

351 651 451 694 bellico
475 658 642 700 constitutus
653 662 828 704 quietiffimae
849 670 935 706 pacis
958 663 1150 706 securitatem
1157 667 1221 708 ple·
1266 674 1271 707 ς
1275 672 1324 708 gis
1348 667 1393 698 illi
1414 667 1573 707 monachi,
1600 674 1652 710 qui
1679 671 1717 700 B.
1733 668 1926 711 Fulgentium
1943 667 2156 712 sequebantur,

350 709 493 749 niffimum
519 711 608 744 daret
625 734 635 750 ,
661 711 823 746 benedit‘lis
845 715 987 755 plurimis
1010 723 1066 756 per
1099 721 1218 749 vicinas

348 757 535 802 poffessiones
545 762 816 801 commanentibus,
843 775 962 806 quorum
981 763 1125 807 frequens
1139 765 1217 798 obla-

349 814 392 841 tio
401 809 629 854 transadionem
641 811 788 846 monacbis
807 812 991 854 facillimam
1013 815 1217 857 promittebat,

348 868 382 894 ut
406 860 525 903 regnum
550 862 605 895 Dei
631 863 832 903 querentibus
870 865 951 897 nulla
975 875 1046 898 cura
1060 864 1216 908 saecularis

347 908 560 954 transqcffionis
585 910 774 955 obstreperet.
799 913 941 949 Libenter
967 918 1069 957 itaque
1095 917 1133 947 Β.
1145 917 1215 950 Ful·

344 965 465 1002 gentius
489 960 616 994 hominis
642 961 777 1004 Religiosi
796 963 935 1001 devotam
955 962 1117 1007 suftipiens
1130 966 1216 999 obla-

347 1016 478 1051 tionem,
499 1009 647 1051 sinemora
673 1016 705 1043 in
730 1012 786 1045 loco
809 1011 860 1051 libi
883 1014 1002 1057 conceffo
1012 1014 1214 1055 monasterium

340 1058 474 1099 fundat,
500 1058 698 1103 plurimosque
722 1063 768 1094 ad
791 1062 1000 1104 converfionem
1021 1070 1084 1106 piis
1092 1072 1211 1099 monitis

345 1109 756 1150 invitando‚‘monacborum
783 1113 962 1155 multiplicat
989 1126 1165 1157 numerum,
1178 1118 1213 1151 &³

344 1170 462 1202 magnae
487 1166 717 1203 congregationis
742 1163 864 1203 efficitur
891 1165 1004 1198 Pater.

393 1209 557 1254 Qartum
574 1209 619 1244 est
642 1211 776 1245 Eremus
797 1212 990 1256 Ruspenfis,
1014 1212 1054 1248 de
1078 1227 1141 1259 qua
1169 1216 1212 1250 lic

169 1263 252 1310 Cap,
267 1275 319 1317 19,
344 1256 470 1294 Auctor
495 1259 575 1298 iste,
603 1261 793 1305 Fulgentium
824 1269 856 1296 in
881 1264 960 1298 nullo
983 1267 1039 1298 loco
1065 1263 1147 1308 visus
1172 1266 1212 1307 est

337 1309 400 1351 fine
425 1309 578 1345 monacbis
606 1310 744 1344 habitare
759 1337 766 1344 .
796 1315 922 1355 Propter
947 1317 1027 1356 quod
1049 1316 1069 1350 ἃ
1094 1315 1211 1349 civibus

343 1358 536 1402 Ruspenfibus
548 1360 599 1394 boc
621 1368 754 1403 primum
765 1361 932 1406 beneficium
958 1367 1110 1401 ordinatus
1124 1364 1206 1408 Epis

338 1417 427 1451 copus
448 1409 639 1452 postulavit,
665 1420 698 1448 ut
717 1411 901 1453 fabricando
926 1415 1096 1454 monisterio
1121 1417 1212 1448 locum

340 1470 499 1502 congruum
509 1461 635 1494 darent.
662 1464 745 1494 Tunc
769 1473 806 1496 ex
815 1463 1072 1505 pluribuscivibus
1098 1466 1213 1499 obedire

334 1507 551 1551 festinantibus
585 1516 696 1553 optimo
727 1514 907 1555 sacerdoti,
945 1516 1070 1557 quidam
1097 1522 1212 1549 nomine

342 1558 588 1601 posthumianus,
617 1560 884 1605 christianissimus
908 1566 942 1599 ό·
968 1572 1046 1598 inter
1067 1563 1135 1608 suos
1163 1578 1208 1599 no-

337 1607 501 1653 bilissimus
524 1617 623 1651 civis,
651 1613 777 1655 agellum
798 1621 952 1656 proprium
960 1615 1092 1657 fideliter
1100 1616 1211 1651 obtulit

339 1671 398 1697 non
422 1662 504 1703 longe*
530 1661 568 1696 ab
596 1661 723 1702 Ecclesia
734 1663 937 1704 constitutum:
965 1665 1021 1699 Ubi
1043 1671 1132 1708 pinis
1145 1677 1209 1700 cott-

333 1709 531 1759 surgentibus
556 1716 590 1745 in
614 1711 776 1755 excelsum,
801 1713 922 1756 speciofi
941 1721 1066 1749 nemoris
1091 1717 1211 1763 virebat

330 1766 500 1796 manitas
512 1787 519 1795 .
534 1765 663 1804 Excepit
676 1764 893 1806 effulgentius
904 1764 1096 1808 libentissime
1106 1767 1207 1807 locum,

334 1811 422 1849 cuius
446 1816 536 1844 etiam
556 1814 645 1856 >ligna
673 1814 824 1856 neceffaria
843 1815 975 1857 fabricae
1001 1815 1208 1859 conspiciebat:

341 1858 537 1902 Protinusque
559 1862 598 1893 Β.
615 1863 745 1899 Felicem
773 1864 914 1900 abbatem
940 1872 1046 1902 venire
1079 1868 1208 1901 velocius

332 1907 479 1957 persuafit
501 1921 568 1946 tum
593 1917 729 1945 maxima
751 1917 841 1954 paene‘
865 1922 956 1948 totius
967 1923 1201 1960 congregationis

338 1961 553 2000 multitudine,
568 1959 624 2000 nifi
640 1961 719 2001 quod
737 1962 934 2014 paufissimos
952 1964 1073 2004 fratres
1092 1969 1134 2000 „in
1161 1965 1210 1997 illo

337 2009 509 2049 monasterio
533 2011 690 2053 dereliquit
713 2037 723 2052 ‚
746 2014 856 2054 quibus
882 2024 972 2047 unum
995 2025 1033 2047 ex
1054 2012 1206 2056 fratribus

338 2061 468 2097 Vitalem
495 2067 610 2094 nomine
630 2061 794 2102 praeposuit
813 2085 820 2092 .
857 2063 928 2093 ‘Tali
953 2065 1024 2094 vero
1049 2062 1207 2095 charitatis

337 2112 398 2154 lege
409 2109 582 2149 monasteria
593 2117 716 2150 utraque
738 2110 932 2150 praecipiebat
957 2115 1059 2149 uniri,
1086 2120 1120 2143 ut
1131 2111 1215 2152 quafi

337 2171 395 2193 non
413 2159 544 2201 fuissent
563 2159 633 2191 locis
659 2157 761 2200 divisa
788 2182 799 2198 ,
829 2157 871 2200 ste
896 2160 983 2201 effent
1008 2165 1209 2194 unanimitate

334 2208 512 2248 conjuncta:
549 2210 582 2241 Si
607 2219 677 2248 quos
702 2217 799 2241 autem
825 2220 916 2243 novos
940 2208 1092 2242 monachos
1118 2212 1170 2244 vel
1178 2216 1210 2243 in

338 2258 390 2298 isto
410 2259 462 2294 vel
476 2263 511 2292 in
523 2258 574 2290 illo
584 2258 752 2297 Monasterio
764 2258 899 2298 Christus
909 2264 1083 2302 acquireret,
1093 2269 1209 2302 tempus

338 2314 418 2343 inter
439 2306 472 2350 se
492 2306 688 2348 ‘converfionis
714 2310 900 2351 ordinemque
908 2308 1093 2352 servarente
1119 2313 1166 2342 Et
1184 2309 1215 2351 fi

338 2359 456 2400 quando
465 2356 552 2400 adse
563 2358 733 2397 videndos,
752 2357 932 2401 jubentibus
952 2361 1117 2393 dumtaxat
1125 2363 1207 2393 Prio-

337 2407 442 2448 ribus,
468 2414 626 2449 venirent,
656 2420 715 2442 non
741 2418 776 2441 ut
787 2407 941 2451 hospites,
967 2408 1024 2452 sed
1033 2409 1116 2453 quast
1120 2415 1207 2443 unius

336 2462 567 2504 congregationis
578 2457 710 2492 homines
736 2457 979 2501 susciperentur:
1004 2462 1041 2492 Β.
1055 2462 1206 2494 vero—Ful·

331 2513 429 2555 gentii
468 2507 608 2550 Episcopi
630 2507 791 2550 provisione
814 2514 1002 2544 communiter
1023 2510 1208 2554 gubernati,

339 2561 466 2593 Patrem
486 2556 674 2600 spiritualem
691 2558 817 2601 simplici
841 2570 1055 2595 venerarentur
1081 2560 1203 2602 affeoqu:

338 2611 385 2642 Sic
397 2610 434 2640 Β.
448 2610 607 2651 Fulgentio
623 2606 732 2654 singula
741 2608 933 2653 disponente,
959 2622 995 2644 ne
1015 2611 1154 2655 susiepta
1165 2622 1209 2644 re-

333 2659 500 2705 gendorum
513 2656 634 2701 sarcina
652 2660 818 2693 clericorum
829 2660 1050 2705 consolationem
1067 2663 1207 2704 perderet

338 2707 562 2741 monachorum.
591 2710 677 2744 Ecce
688 2709 755 2744 duo
769 2708 997 2746 hiconventus
1010 2713 1085 2746 sunt
1106 2712 1205 2754 prima

340 2758 443 2795 nostri
455 2759 540 2792 Sacri
551 2759 689 2794 Ordinis
700 2760 890 2803 provincia,
919 2774 957 2795 ac
971 2763 999 2796 S.
1017 2762 1209 2807 Fulgentius

339 2807 385 2841 est
399 2809 519 2851 primus
540 2807 633 2844 Prior
665 2809 886 2845 provincialis
905 2837 913 2845 .
942 2812 1062 2846 Talem
1089 2811 1210 2856 quippe

340 2869 563 2894 conventuum
574 2882 585 2899 ,
610 2860 767 2903 quoniam
779 2861 914 2904 quisque
927 2861 968 2896 ab
979 2863 1081 2896 altero
1093 2865 1211 2904 separa-

341 2917 394 2942 tus
414 2908 471 2942 sub
491 2909 548 2943 suo
559 2910 711 2944 manebat
725 2911 909 2954 Episcopo,
935 2913 1208 2946 communionem

342 2955 408 2991 huc
430 2959 529 3001 usque
555 2971 622 2994 non
641 2960 758 3001 fuiffe,
785 2960 881 2996 docet
903 2961 989 2996 inter
1013 2961 1210 3005 Alipiumac

343 3006 567 3051 Augustinum
592 3009 747 3044 ventilata
770 3010 809 3044 lis
830 3010 871 3045 de
893 3013 1094 3055 patrimonio
1106 3012 1213 3047 fratris

342 3057 532 3093 Honorati.
561 3057 704 3093 Utinam
719 3059 850 3095 bellnae
873 3060 997 3095 Ariana
1009 3061 1128 3095 haerefis
1143 3074 1210 3096 non

172 3084 273 3127 Ep¹st'
341 3105 584 3149 impedivissent
608 3121 616 3141 :
642 3108 743 3144 Tales
764 3110 982 3147 Provincias&
1014 3112 1117 3147 Beato
1140 3112 1212 3146 Ful.

173 3144 252 3183 ⁸‘39'
344 3157 458 3200 gentio
485 3157 596 3192 Africa
624 3157 783 3195 habuisset
811 3161 939 3205 plures.

398 3207 563 3242 Ultimum
590 3210 721 3242 tandem
747 3213 977 3248 monasterium
1003 3212 1048 3246 est
1078 3213 1212 3247 Eremus

349 3254 533 3292 Caralitana
554 3258 641 3301 apud
666 3259 804 3299 Sardos,
832 3273 929 3304 quam
954 3263 999 3297 ibi
1023 3263 1100 3297 exul
1117 3263 1211 3297 aedifi-

347 3303 432 3338 cavit
445 3306 659 3350 Fulgentius,
683 3308 723 3343 de
734 3310 827 3352 cujus
845 3313 980 3346 exordio
999 3313 1039 3346 fic
1060 3313 1212 3347 dicitiste

178 3383 250 3429 cap
275 3388 322 3420 20
353 3353 439 3386 idem
463 3357 570 3389 auctor
590 3383 598 3392 .
627 3363 708 3393 Inter
722 3359 791 3404 ipsa
804 3363 972 3407 primordia
988 3362 1104 3406 gloriosi
1118 3364 1214 3403 exilii,

322 3404 329 3412 '
347 3402 550 3444 monasterium
559 3417 749 3453 congregare,
767 3419 874 3453 paucos
887 3410 985 3454 secum
1001 3413 1214 3446 monacbesd&

309 3465 315 3470 ¹
348 3463 414 3487 cens
429 3475 441 3492 ,
464 3457 585 3489 minime
595 3465 692 3498 potuit
714 3472 721 3490 ε
740 3460 802 3500 fine
824 3460 964 3501 fraterna
985 3470 1086 3495 tamen
1104 3474 1213 3507 congre-

1258 711 1462 755 fdistm‘iioris
1487 717 1674 757 abstinentia·
1701 719 1832 761 regulam
1856 718 2156 759 custodientes,nibil

1279 773 1393 800 omnino
1409 772 1562 808 proprium
1581 768 1761 809 poffidebant
1780 793 1792 809 ,
1819 779 1872 802 nec
1899 774 1976 802 inter
2000 771 2076 803 alios
2101 768 2170 803 cle-‘'

1278 822 1350 849 ricos
1376 818 1540 850 clericorum
1566 830 1642 852 more
1669 817 1833 852 vivebant.
1863 819 1916 852 De
1941 819 2033 854 istius
2042 829 2154 854 autem

1282 866 1389 900 Eremi
1420 867 1614 910 perfectione
1634 869 1675 902 fic
1703 869 1784 903 dicit
1808 893 1815 900 .
1841 870 1949 902 Noluit
1971 870 2063 912 plane
2082 871 2154 910 jam
2171 875 2320 925 C²P·27-

1280 916 1316 949 B.
1341 918 1516 960 Fulgentius
1542 924 1574 950 in
1595 924 1691 961 priori
1716 921 1801 952 domo
1819 920 1922 951 multis
1941 918 2100 960 fratribus
2112 931 2153 954 co·

1278 966 1452 1000 mitantibus
1479 968 1590 1001 diutius
1618 968 1754 1003 babitare
1766 994 1776 1009 ‚
1799 967 1858 1011 sed
1874 971 1971 1010 juxta
1997 967 2153 1010 Bafilicam

1274 1015 1372 1059 sandi
1385 1020 1527 1056 Martyris
1538 1021 1689 1052 saturnini
1710 1020 1815 1062 procul
1838 1021 1859 1051 ἃ
1877 1018 2003 1060 strepitu
2011 1024 2152 1054 civitatis

1277 1077 1435 1100 vacantem
1460 1075 1608 1109 reperiens
1633 1069 1725 1102 locum
1746 1093 1758 1109 ,
1799 1068 1938 1107 Primafio
1963 1071 2152 1104 Calarttanae

1275 1123 1413 1150 civitatis
1439 1118 1577 1157 Amistite
1603 1119 1768 1152 venerabili
1791 1120 1881 1160 prius
1901 1141 1912 1157 ,
1931 1119 2006 1160 ficut
2031 1121 2148 1161 decuit,

1272 1167 1435 1207 postulato,
1461 1179 1571 1201 novum
1593 1167 1763 1210 sumptibus
1787 1174 1921 1209 propriis
1947 1169 2152 1208 monasterium

1268 1216 1440 1257 fabricavit
1464 1230 1472 1249 :
1496 1222 1533 1250 In
1558 1229 1613 1259 quo
1638 1213 1845 1261 quadraginta
1871 1219 1904 1251 o·
1931 1219 2060 1260 amplius
2078 1218 2155 1260 fra-

1276 1267 1370 1298 tribus
1395 1274 1604 1311 congregatis,
1629 1266 1797 1310 disciplinae
1822 1266 1992 1299 coenobialis
2019 1270 2153 1302 ordinem

1270 1314 1409 1359 servavit
1435 1316 1575 1358 illaesum.
1604 1318 1696 1351 Nota
1714 1341 1725 1357 ,
1754 1316 1892 1358 Primafio
1903 1316 2058 1357 Antistia,
2075 1317 2153 1358 ficut

1274 1367 1371 1401 decuit
1385 1391 1396 1408 ‚
1415 1366 1574 1407 postulato.
1603 1368 1684 1401 Haec
1701 1366 1747 1402 est
1772 1368 1827 1401 iila
1849 1367 2000 1402 decentia
2021 1368 2056 1402 in
2079 1379 2153 1402 otn-

1276 1417 1368 1450 nium
1393 1416 1547 1451 cordibus
1581 1417 1668 1460 quasi
1702 1417 1890 1452 naturaliter
1917 1417 2033 1460 scripta
2057 1440 2069 1457 ,
2103 1417 2150 1452 ob

1276 1476 1372 1509 quam
1392 1467 1492 1500 etiam
1516 1467 1723 1511 Augustinus
1746 1466 1855 1501 noluit
1889 1466 1993 1500 ullum
2015 1465 2156 1502 inchoa-

1277 1527 1310 1550 re
1331 1517 1564 1551 monasterium
1587 1541 1599 1558 ,
1629 1516 1689 1551 nist
1709 1516 1782 1562 post
1800 1527 1967 1562 acceptam
1986 1517 2005 1551 ὲ
2029 1517 2061 1552 8.
2087 1515 2156 1552 Va-

1278 1566 1358 1600 ierio
1383 1567 1572 1601 facultatem
1585 1593 1592 1599 .

1326 1616 1405 1650 Haec
1421 1618 1494 1650 sunt
1514 1617 1571 1651 ilia
1592 1616 1785 1653 monasteria
1813 1636 1823 1658 ,
1857 1616 1899 1652 de
1929 1616 2049 1661 quibus
2067 1616 2154 1652 dicit

1276 1666 1459 1700 cardinalis
1478 1666 1661 1709 Batonius.
1686 1669 1745 1702 Sed
1769 1669 1846 1701 unde
1871 1666 2040 1711 hujusmodi
2052 1679 2156 1702 mona·
2168 1684 2211 1725 Δ.
2222 1682 2305 1738 504³
2322 1682 2343 1712 ·.'

1268 1716 1344 1757 stica
1369 1716 1511 1756 institutio
1533 1718 1623 1758 fluxit
1649 1723 1681 1751 in
1698 1717 1863 1760 Africam?
1888 1719 1919 1750 si
1943 1718 2020 1752 reete
2045 1728 2152 1752 memo·
2308 1722 2311 1723 ’

1273 1772 1323 1799 ria
1353 1776 1459 1806 tenes,
1486 1778 1544 1799 non
1570 1768 1609 1801 ab
1634 1769 1712 1809 alio,
1741 1780 1832 1811 quam
1857 1767 1897 1800 ab
1923 1766 1985 1810 ipso
2012 1770 2152 1813 Lauga-

1268 1815 1365 1856 stino,
1390 1823 1443 1859 qui
1468 1818 1594 1851 eandem
1619 1830 1657 1852 ex
1685 1822 1820 1851 Romana
1832 1817 2088 1859 &Mediolanenfi
2094 1822 2153 1852 Ec·

1272 1865 1352 1907 elefia
1374 1873 1515 1908 primitus
1541 1877 1716 1908 mutuatus,
1745 1874 1776 1901 in
1804 1867 1936 1910 affricam
1961 1873 2083 1902 invexit
2102 1877 2153 1902 at-

1272 1927 1328 1958 que
1353 1918 1483 1956 latiffime'
1515 1925 1700 1962 propagavit
1723 1932 1734 1952 .·
1768 1926 1802 1951 ut
1834 1919 1927 1959 plane
1963 1920 2115 1962 intelligas
2138 1942 2152 1959 ,

1245 1982 1247 1984 ·
1274 1976 1368 2006 quam
1393 1968 1424 1998 S.
1455 1969 1633 2010 Fulgentius
1658 1967 1802 2009 professus
1827 1967 1865 2007 est
1892 1967 2082 2007 monasticam
2105 1977 2154 2001 re·

1252 2015 1395 2058 gulam,
1422 2014 1460 2047 ab
1487 2014 1549 2057 ipso
1573 2017 1602 2048 5.
1632 2015 1786 2058 Augustino
1796 2016 1958 2057 derivaffe,
1988 2014 2153 2057 diverfique

1270 2065 1387 2095 ordinis
1400 2063 1478 2096 abeo
1490 2064 1643 2101 institutas
1665 2064 1753 2106 fuiffe
1779 2064 1877 2106 claffes
1891 2088 1901 2103 ,
1927 2065 2050 2097 altorum
2068 2077 2152 2098 nem·

1268 2117 1326 2154 pe,
1356 2116 1407 2151 qui
1432 2115 1466 2142 in
1490 2113 1666 2144 civitatibus
1691 2115 1828 2154 degentes
1853 2113 1948 2144 clerici
1968 2123 2032 2145 cum
2050 2115 2151 2155 effent,

1270 2159 1334 2196 und
1354 2157 1443 2200 fimul
1463 2160 1621 2203 degentes,
1649 2161 1819 2193 caenobitica
1845 2160 2047 2195 monachorum
2070 2162 2152 2202 infli-

1270 2218 1342 2244 tuta
1362 2206 1544 2252 servarent,
1569 2209 1736 2252 quibuscum
1763 2211 1841 2243 idem
1861 2210 1967 2252 fadus
1982 2209 2149 2254 Episcopus

1271 2258 1446 2303 habitavit3
1473 2260 1596 2292 aliorum
1621 2263 1715 2300 verb,
1741 2266 1792 2302 qui
1799 2261 1900 2302 procul
1927 2263 1947 2293 ei
1973 2262 2150 2296 civitatibus

1271 2309 1409 2353 degentes
1422 2334 1432 2349 ,
1459 2311 1522 2350 ejus
1544 2310 1631 2352 effent
1651 2315 1750 2350 vttae,
1778 2319 1869 2351 atque
1889 2309 2034 2352 vellitus,
2060 2313 2148 2352 cujus·

1271 2357 1317 2390 bic
1338 2361 1427 2392 vides
1449 2359 1698 2402 Fulgentiumwse
1717 2359 1874 2398 cultorem,
1896 2368 2000 2401 nempe
2020 2371 2080 2393 una
2103 2367 2151 2395 in.

1269 2409 1334 2441 duti
1345 2413 1448 2441 tunica
1458 2432 1470 2448 ,
1495 2409 1654 2451 eademque
1661 2411 1787 2451 pellicea
1797 2419 1873 2442 zona
1882 2409 2024 2449 conflet&
2032 2434 2043 2450 ,
2054 2422 2149 2452 quam

1272 2469 1322 2495 nec
1342 2456 1494 2501 solverent
1515 2460 1699 2499 dormituri,
1717 2452 1810 2502 super
1826 2464 1955 2492 tunicam
1972 2462 2044 2493 vero
2050 2461 2146 2500 pallio

1269 2509 1302 2545 ξεν
1320 2506 1419 2551 casula
1436 2506 1641 2551 supervestiti.
1673 2509 1716 2542 Et
1739 2507 1871 2551 quidem
1894 2507 1961 2542 haec
1983 2510 2051 2544 sola
2072 2520 2146 2544 mo-

1272 2557 1406 2592 nasteria
1418 2560 1570 2593 novimus
1581 2568 1635 2602 per
1655 2556 1844 2602 scripturam
1855 2581 1862 2590 .
1888 2558 2046 2593 Attamen
2057 2560 2142 2604 quin

1270 2609 1333 2643 alia
1355 2607 1491 2652 plurima
1513 2608 1636 2643 fuerint
1662 2619 1717 2652 per
1739 2618 1873 2642 omnem
1896 2607 2063 2651 Africam,
2086 2620 2142 2643 ne—

1269 2669 1432 2704 quaquam
1453 2659 1499 2692 est
1520 2657 1737 2693 dubitandum
1759 2682 1768 2690 .
1793 2657 1842 2692 Ita
1863 2659 1953 2692 enim
1975 2659 2015 2693 ad
2028 2661 2058 2694 S.
2072 2659 2142 2694 Ali·
2156 2651 2260 2697 EPYst

1270 2710 1359 2754 pium
1371 2709 1629 2754 gratulabundus
1643 2707 1752 2743 scribit
1773 2707 1803 2741 S.
1832 2708 1988 2743 Paulinus
2002 2733 2013 2749 ,
2029 2720 2067 2743 ac
2078 2709 2142 2744 cla·
2159 2712 2214 2750 35·

1270 2758 1301 2793 ῐὲ
1318 2769 1405 2802 patet
1415 2771 1455 2792 ex
1476 2759 1563 2793 hisce
1582 2757 1761 2803 Augustini
1773 2757 1877 2792 verbis
1901 2759 2051 2793 adversus
2062 2759 2143 2793 Fau-

1271 2809 1352 2843 stum
1366 2833 1373 2840 .
1400 2810 1503 2852 ,Quam
1523 2811 1619 2842 multa
1642 2814 1675 2841 in
1697 2807 1790 2847 nostra
1810 2815 2007 2842 communione
2029 2814 2144 2843 veraci-
2158 2802 2197 2837 L·
2208 2812 2278 2850 5⁶-

1270 2869 1316 2893 ter
1329 2858 1451 2901 faciunt
1470 2859 1523 2900 usta
1536 2858 1711 2902 sublimiora
1743 2866 1895 2899 praecepta
1929 2860 2118 2904 Evangelica
2134 2871 2142 2892 ε
2160 2862 2216 2902 90·

1272 2912 1377 2953 ,Quam
1395 2911 1498 2943 multae
1523 2908 1670 2952 fraternae
1691 2916 1929 2952 congregationes
1947 2908 2026 2943 nibil
2035 2908 2148 2942 habete*>

1272 2971 1317 2994 tes
1337 2966 1489 3002 proprium
1503 2983 1514 3000 ,
1535 2958 1592 3003 sed
1609 2963 1710 2992 omnia
1730 2958 1895 2992 eommunia
1909 2984 1920 3000 ,
1954 2960 1990 2992 θ
2012 2958 2077 2993 baec
2087 2969 2146 2996 non

1272 3009 1336 3056 nfi,
1349 3011 1394 3044 ad
1416 3010 1528 3044 vidum
1552 3011 1587 3044 ό·
1611 3017 1809 3052 tegumentum
1834 3008 2012 3053 neceffaria,
2037 3009 2096 3042 &c-

1507 3107 1783 3145 CAPUT
1841 3107 1911 3142 XI.

1373 3215 1421 3246 De
1440 3222 1546 3256 genere
1570 3209 1742 3248 bominum,
1770 3209 1851 3252 quod
1874 3204 2047 3252 Augustinus
2086 3228 2091 3233 ·

1434 3264 1477 3295 ad
1500 3261 1563 3296 baee
1582 3260 1640 3307 sua
1664 3258 1839 3299 monasteria
1862 3256 1976 3302 solebat

1616 3311 1798 3345 admittere.

1378 3412 1566 3448 Dmittebat
1595 3411 1803 3457 Augustinus
1833 3420 1940 3457 genus
1970 3407 2146 3445 hominum

1393 3473 1513 3504 omne,
1539 3463 1580 3497 de
1596 3463 1719 3506 quoita
1745 3462 1812 3507 ipse
1837 3462 1871 3495 in
1898 3460 1984 3495 libro
1996 3460 2148 3504 deoperte

350 3507 471 3552 gerione
489 3508 586 3542 vitam
605 3507 706 3543 ducere
725 3508 855 3556 nesciens
874 3534 888 3555 ,
917 3510 1104 3558 coepiscopos
1121 3511 1189 3559 suos
1205 3537 1216 3558 ,
1278 3512 1539 3551 monachorum.
1564 3517 1656 3550 Nunc
1665 3521 1772 3549 autem
1779 3517 1904 3548 veniunt
1925 3512 2097 3557 plerumque
2105 3511 2150 3546 ad
2164 3512 2316 3562 Cap-22·

2020 3558 2098 3597 banc
