2384 3770
285 643 292 649 ⁸
356 645 427 686 est.-

390 112 485 171 248

744 107 1059 155 Dispum.
1099 104 1205 154 XV.
1241 107 1387 154 Dum
1419 110 1475 155 Π.
1513 110 1661 158 Suet.
1699 115 1778 161 lv.

357 195 583 239 suppofitumj.
605 203 685 239 ergo
705 194 746 229 ad
770 194 1078 239 multiplicationem
1090 193 1233 228 concreti
1302 194 1464 238 daequate,
1486 195 1701 240 &composito
1718 208 1761 231 ex
1782 197 1899 233 eodem
1920 199 2001 234 laete
2020 195 2173 233 &dulce-

356 245 545 279 substantivi
572 255 639 279 non
659 245 832 290 requiritur
857 244 1088 288 multiplicatio
1099 245 1229 287 formae;

354 294 407 329 sed
426 294 659 338 multiplicatio
675 295 811 339 subjecti
827 295 875 329 vel
890 295 1040 339 suppositi
1054 320 1061 328 .

406 353 462 392 32.
493 347 628 388 sequitur
643 344 771 388 secunda
796 359 807 379 .·
853 346 886 381 Si
911 345 1022 379 eadem
1050 344 1235 379 humanitas

354 395 564 430 assumeretur
579 395 597 429 a
618 395 719 430 tribus
744 394 886 438 personis
907 394 1052 434 divitiis,
1079 396 1232 429 deberent

353 444 421 479 dici
431 455 493 479 tres
507 443 681 487 homines,
707 444 817 491 utjarn
829 443 899 477 dixi
912 457 923 478 .-
947 445 968 477 fi
982 444 1155 479 veroidem
1167 446 1235 488 sup-

355 493 496 538 positum
510 496 684 530 aflumeret
707 506 771 530 tres
791 495 1029 533 humanitates,
1052 505 1153 530 *unam
1169 495 1233 527 Ro-

354 555 432 588 mae,
458 544 591 580 alteram
618 546 789 584 Coloniae,
815 544 948 578 tertiam
977 544 1079 584 Goae,
1105 546 1235 579 deberet

353 594 419 630 dici
439 606 522 630 unus
543 592 666 637 h0m0;
697 606 764 628 non
791 593 867 628 vero
879 605 940 627 tres
953 592 1121 629 homines.
1148 599 1237 628 Ratio

469 644 559 692 Qia
583 657 652 679 non
676 646 807 688 poliunt
829 644 1040 688 multiplicari
1063 655 1238 686 concreta,

353 696 415 730 nifi
439 693 658 739 multiplicato
679 694 859 738 fignificato
885 694 941 727 suo
955 695 1057 728 recto:
1084 695 1176 738 atqui
1201 696 1234 728 in

354 745 442 779 disto
453 746 527 779 casu
545 744 675 788 quidem
699 745 786 778 foret
813 744 1066 787 multiplicatum
1078 745 1233 788 fignifica-

354 804 427 829 tum
450 793 620 837 obliquum
634 818 646 834 ,
674 805 741 827 non
765 805 873 828 tamen
886 795 1103 838 significatum
1116 796 1233 829 redium

296 881 298 885 f
354 845 445 879 vocis
467 844 573 877 homo:
596 854 676 888 ergo
696 843 826 879 deberet
837 844 903 878 dici
918 856 1001 878 unus
1014 843 1141 885 homo,
1169 856 1234 878 non

354 904 417 929 tres
427 893 578 927 homines
590 918 597 926 .
628 896 721 927 Patet
739 900 834 927 minor
845 907 855 926 :
884 895 974 942 Qia
988 896 1108 928 redum
1121 895 1237 939 [ignifi-

355 954 466 980 catum
488 942 575 977 vocis
587 941 670 976 homo
682 944 725 977 est
741 944 956 988 suppositum:
985 946 1075 988 atqui
1099 945 1132 978 in
1148 945 1235 979 dicto

354 994 430 1029 casu
451 992 585 1037 quidem
611 993 877 1038 multiplicantur
902 994 1141 1035 humanitates,
1169 1006 1234 1029 non

353 1054 468 1079 tamen
492 1042 735 1078 humanitatum
758 1044 943 1088 supponta:
981 1056 1061 1089 ergo
1085 1044 1234 1087 multipli-

355 1104 448 1131 catur
457 1093 593 1140 quidem
605 1094 819 1139 significatum
841 1094 928 1128 vocis
941 1093 1023 1127 homo
1037 1094 1209 1137 obliquum
1222 1119 1232 1134 ‚

353 1154 427 1180 non
449 1153 559 1179 tamen
584 1144 800 1189 significatum
825 1144 893 1187 ejus
906 1146 1046 1178 ressum.
1074 1138 1162 1177 Vide
1174 1145 1236 1178 Ga·

355 1194 490 1230 brielem
508 1204 586 1228 tota
606 1195 784 1238 quaestione
806 1195 1022 1238 supracitata.
1047 1196 1093 1225 Et
1107 1199 1183 1226 ratio
1194 1195 1237 1228 ul-

355 1250 445 1279 terior
465 1242 525 1284 est:
550 1244 641 1291 Quia
664 1244 767 1279 horno
788 1245 832 1278 est
861 1244 1056 1287 suppositum
1069 1243 1235 1278 habensin

353 1297 389 1330 se
401 1294 660 1328 humanitatem.-
688 1295 777 1338 atqui
803 1294 836 1328 in
862 1295 1046 1337 prioticasu
1060 1294 1165 1328 forent
1177 1295 1236 1328 tria

359 1343 513 1379 habentia
535 1341 771 1378 humanitatem
799 1343 981 1387 suppolita;
1011 1344 1044 1376 i‘n
1067 1345 1141 1378 casu
1163 1343 1238 1379 verd

354 1393 526 1438 posteriori
541 1395 624 1428 foret
647 1394 782 1429 unicum
804 1392 927 1428 habens
940 1393 1174 1428 humanitatem
1187 1394 1238 1428 vel

354 1443 579 1479 humanitates
604 1444 833 1487 suppositum,
849 1454 929 1488 ergo
952 1445 986 1477 in
997 1445 1072 1478 casu
1086 1445 1237 1488 priorifo·

353 1504 429 1529 tent
450 1493 603 1528 homines
628 1505 710 1539 rres3
738 1480 878 1529 *in'casu
891 1494 1062 1540 posteriori
1073 1506 1143 1531 non
1154 1495 1238 1530 foret

353 1544 417 1579 nifi
437 1543 541 1578 homo
564 1543 679 1577 unicus
693 1568 700 1575 .

410 1603 465 1641 33.
492 1595 626 1635 sequitur
648 1595 760 1626 tertia.-
789 1592 858 1626 Cur
880 1592 967 1628 idem
992 1592 1096 1629 homo
1116 1593 1238 1629 habens

354 1650 420 1678 tres
431 1652 538 1682 artes,
562 1643 611 1676 vel
634 1653 695 1677 tres
721 1644 869 1677 scientias
881 1644 1008 1678 dicatur
1019 1657 1103 1679 unus
1115 1646 1236 1685 sciens,

354 1694 391 1727 &
403 1702 487 1727 unus
505 1691 646 1732 artifex,
683 1692 718 1726 δε
739 1704 806 1726 non
835 1694 929 1735 poffit
941 1695 1049 1727 vocari
1067 1704 1128 1728 tres
1141 1694 1237 1727 scien-

353 1751 404 1776 tes
415 1767 426 1783 ‚
452 1751 508 1777 aut
519 1752 579 1776 tres
593 1741 731 1777 artifices
743 1767 750 1774 .
779 1746 869 1777 Ratio
884 1768 894 1783 ‚
915 1749 1040 1785 inquam
1053 1769 1064 1784 ,
1077 1744 1166 1785 buius
1179 1742 1236 1781 est:

353 1791 448 1839 Qia
469 1802 539 1825 non
561 1791 821 1836 multiplicantur
846 1793 1006 1835 artifices,
1034 1795 1091 1827 nisi
1105 1793 1238 1836 quando

355 1840 593 1885 multiplicatur
613 1842 833 1885 significatum
857 1844 978 1877 rectum
1002 1844 1092 1877 vocis
1105 1842 1237 1884 artifhx:

356 1892 448 1936 atqui
474 1891 694 1935 significatum
717 1892 785 1934 ejus
807 1895 926 1926 rectum
947 1905 1016 1927 non
1030 1895 1073 1927 est
1088 1904 1160 1933 ars,
1186 1892 1238 1926 sed

354 1940 460 1976 homo
483 1940 606 1976 habens
625 1951 729 1975 artem
746 1953 754 1974 ι
779 1951 858 1986 ergo
882 1951 967 1974 unus
989 1939 1092 1975 homo
1111 1951 1175 1974 tres
1187 1940 1240 1974 ha-

356 1991 440 2027 bens
455 2001 539 2026 artes
550 1991 663 2034 nequit
678 1990 743 2024 dici
757 1999 821 2025 tres
833 1991 973 2025 artifices
985 2015 995 2030 ,
1024 1992 1076 2025 sed
1098 1990 1163 2023 dici
1186 1991 1239 2023 de·

354 2041 411 2076 bet
423 2053 508 2077 unus
539 2041 673 2075 artifex.
705 2040 811 2075 Unde
824 2065 835 2081 ‚
864 2042 885 2073 fi
909 2050 970 2074 tres
983 2040 1133 2074 homines
1145 2038 1239 2073 habe·

356 2102 430 2127 rent
441 2091 579 2126 eandem
594 2102 732 2124 numero
743 2101 844 2123 artem
857 2113 868 2127 ,
896 2089 1064 2121 scientiam
1078 2112 1088 2127 ‚
1116 2090 1168 2122 vel
1192 2088 1237 2121 al-

355 2142 509 2176 bedinem
536 2164 547 2180 ‚
583 2140 690 2172 vocari
714 2138 868 2171 deberent
892 2147 954 2170 tres
980 2137 1117 2170 artifices
1138 2161 1149 2177 ,
1176 2141 1239 2170 tres

355 2191 512 2230 scienta,
539 2198 602 2222 tres
612 2187 705 2230 albi;
733 2198 801 2221 non
816 2184 891 2220 vero
905 2197 989 2219 unus
1001 2187 1117 2220 artifex
1132 2197 1238 2226 ,unus

354 2241 480 2281 sciens,
508 2249 592 2272 unus
605 2238 698 2270 albus
715 2258 724 2268 .
751 2240 844 2268 Ratio
856 2236 893 2275 est
905 2237 1009 2268 eadem
1021 2249 1032 2268 .-
1058 2236 1147 2282 Qia
1159 2236 1235 2269 licet

355 2301 437 2325 tunc
451 2295 531 2323 'non
555 2284 791 2328 multiplicetur
806 2285 1027 2328 significatum
1041 2285 1212 2327 obliquum
1226 2296 1236 2326 ;

355 2339 593 2382 multiplicatur
618 2345 727 2369 tamen
755 2334 974 2379 significatum
997 2336 1118 2368 testum
1144 2335 1234 2368 vocis

355 2389 469 2431 artifex
482 2412 492 2428 ‚
518 2385 615 2430 sciens
629 2409 639 2426 ,
668 2385 772 2417 albus:
804 2383 892 2425 quod
918 2384 991 2418 satis
1011 2383 1056 2418 est
1069 2384 1110 2418 ad
1126 2385 1235 2418 multi·

355 2439 570 2485 plicationem
594 2434 697 2469 totius
720 2434 882 2467 concreti.
910 2434 1027 2477 Fitque
1040 2431 1094 2467 hic
1108 2435 1234 2468 sensus:

354 2492 441 2525 Sunt
470 2490 532 2522 tria
565 2485 725 2531 supposita
749 2483 902 2519 habentia
925 2483 1109 2519 albedinem
1128 2508 1138 2524 ,
1180 2487 1233 2526 qui

356 2550 450 2576 verus
474 2538 537 2572 est.

410 2600 462 2638 34.
489 2591 578 2620 Dices
603 2599 609 2618 :
638 2584 864 2628 Multiplicata
889 2585 993 2619 forma
1018 2584 1234 2629 multiplican-

356 2650 411 2676 tur
445 2637 648 2681 compotita:
688 2636 778 2680 atqui
812 2636 928 2670 artifex
947 2635 992 2670 est
1020 2635 1235 2679 compofitum

356 2702 398 2726 ex
412 2690 548 2723 homine
559 2688 591 2720 ὅ(
605 2696 692 2729 arte;
719 2698 760 2720 ex
772 2684 909 2719 homine
935 2695 1102 2727 tamquam
1118 2697 1158 2718 ex
1170 2686 1236 2719 sub·

358 2740 441 2783 iccio
453 2763 463 2780 ,
489 2750 530 2772 ex
555 2746 622 2771 arte
646 2747 812 2779 tamquam
824 2747 862 2768 ex
875 2737 980 2770 forma
998 2748 1005 2768 :
1033 2747 1112 2780 ergo
1126 2736 1233 2769 multi-

358 2788 487 2835 plicatis
504 2788 624 2822 artibus
650 2785 910 2829 multiplicantur
934 2786 1071 2820 artifices
1095 2798 1101 2818 :
1130 2796 1208 2828 ergo
1225 2809 1234 2824 ,

358 2840 416 2875 ubi
441 2841 515 2873 sunt
541 2847 605 2871 tres
627 2846 731 2877 arteS,
755 2836 828 2872 sunt
853 2847 916 2870 tres
927 2836 1086 2870 artifices.
1112 2833 1233 2877 Respm

359 2892 431 2924 dem
457 2889 583 2931 quidam
604 2884 804 2930 dfflinguendo
824 2889 984 2927 majorem:
1015 2885 1234 2928 Multiplicata

359 2942 466 2975 forma
476 2936 677 2972 substantiali
706 2936 966 2979 multiplicantur
977 2935 1155 2978 composita
1169 2935 1225 2968 sub

359 2990 544 3026 stantialia:
565 2986 606 3028 βι-
633 2998 737 3019 verum
748 2986 804 3026 est.
832 2986 1054 3028 Multiplicata
1075 2984 1177 3018 ibrma
1190 2997 1235 3019 ac·

360 3039 517 3075 cidentali
529 3036 790 3079 multiplicantur
800 3035 983 3078 composita
998 3034 1210 3069 accidentalia
1224 3049 1229 3066 ;

353 3088 519 3134 ficfalsum
528 3087 564 3126 el}
576 3112 583 3119 .
611 3087 671 3120 Sed
686 3086 789 3129 major
801 3085 847 3120 est
862 3083 1126 3119 universaliffime
1140 3095 1210 3119 vera
1225 3110 1233 3125 ,

361 3143 396 3175 δε
418 3137 584 3174 distinctio
607 3135 689 3170 nihil
713 3138 789 3171 facit
800 3136 840 3170 ad
854 3147 940 3169 rem.
971 3134 1060 3182 Qia
1071 3136 1174 3169 forma
1187 3147 1233 3168 ac-

363 3189 532 3224 cidentalis
557 3189 601 3221 ita
612 3187 789 3230 peromnia
805 3188 835 3220 se
862 3185 959 3220 habet
974 3185 1013 3218 ad
1023 3185 1234 3229 compositum

362 3242 458 3274 suum
489 3236 711 3278 accidentale,
736 3237 817 3271 fient
837 3238 942 3270 forma
968 3234 1185 3270 substantialis
1204 3237 1233 3268 se

364 3288 460 3323 habet
474 3290 513 3323 ad
533 3290 625 3322 suum
646 3287 865 3331 compositum
888 3286 1113 3320 substantiale:
1142 3287 1231 3329 atqui

367 3337 434 3371 haec
458 3339 655 3381 multiplicat
673 3337 906 3380 compofitum:
933 3346 991 3370 cur
1010 3347 1091 3381 ergo
1116 3347 1186 3370 non
1206 3336 1236 3369 δε

369 3385 453 3421 illa?
481 3387 521 3420 Et
545 3388 616 3420 sane
641 3388 760 3422 mirum
783 3388 886 3427 foret,
914 3387 1132 3429 compositum
1143 3386 1236 3420 exla-

369 3438 418 3473 tte
440 3435 473 3471 &
497 3434 646 3471 albedine
672 3449 739 3474 non
766 3436 1021 3478 eflediversum,
1045 3436 1157 3474 saltem
1177 3437 1246 3485 ina:

1298 244 1377 280 dine
1392 270 1399 278 .
1422 246 1476 280 De
1504 256 1571 290 quo
1601 246 1725 290 aliquid
1741 246 1913 292 dixisupra
1924 247 2168 293 disp.10.dub.1.

1349 305 1405 342 35.
1431 294 1520 340 Resp.
1531 308 1597 340 ergo
1607 298 1739 340 negando
1749 295 1855 341 c'onseq.
1879 298 1989 346 Qia,
2008 308 2046 333 ut
2055 297 2168 331 multi-

1300 344 1464 388 plicentur
1484 345 1658 388 homines,
1684 357 1740 381 aut
1762 347 1919 386 scientes,
1939 358 1995 383 aut
2005 347 2167 387 artifices,

1300 406 1367 429 non
1400 396 1518 430 sufficit
1552 397 1763 440 multiplicari
1786 396 1964 440 compotita
1996 395 2135 432 humana
2157 419 2169 434 2

1299 444 1473 479 scientifica
1488 469 1500 485 ‚
1526 446 1576 479 vel
1597 446 1798 490 artificialia;
1822 447 1875 481 sed
1898 446 2018 481 debent
2040 446 2168 490 insuper

1299 494 1510 538 multiplicari
1532 496 1689 539 supposita
1707 522 1717 538 ,
1738 508 1809 541 quae
1828 494 2016 541 hujusmodi
2035 505 2170 538 compo-

1298 544 1355 578 fita
1366 545 1401 577 in
1414 545 1444 578 se
1456 544 1654 580 sustentent.
1675 547 1765 581 Nam
1781 548 1802 581 fi
1814 547 1884 582 duae
1896 572 1908 588 ‚
1929 547 1979 581 vel
1992 544 2098 590 plures
2111 543 2169 579 hu·

1299 596 1472 629 manitates
1492 595 1764 638 suppositarentur
1790 596 1824 631 in
1843 597 1961 632 eodem
1983 594 2170 639 supposito,

1299 644 1345 678 ibi
1357 646 1458 681 effent
1466 645 1555 688 plura
1567 645 1689 679 diversa
1701 647 1876 690 compotita
1887 671 1900 688 ,
1926 657 1994 681 non
2003 647 2111 680 forent
2124 655 2173 678 ta-

1298 705 1374 728 men
1396 695 1500 737 plures
1522 691 1693 732 homines:
1720 695 1775 729 sed
1799 697 1914 731 unicus
1939 696 2065 731 homo:
2091 693 2172 738 quia

1299 756 1366 778 non
1380 743 1486 779 forent
1500 743 1591 787 plura
1613 745 1772 789 suppossta
1784 769 1796 786 ,
1821 746 1873 780 sed
1886 746 2020 781 unicum
2033 745 2172 788 supposi-

1296 803 1367 828 tum
1382 819 1390 827 .
1403 794 1561 829 Similiter
1570 805 1648 840 ergo
1662 819 1673 836 ‚
1685 795 1761 830 licet
1773 796 1876 839 plures
1887 796 2019 831 diversa:
2028 794 2177 837 ejusdem

1298 843 1443 879 hominis
1464 855 1546 879 artes
1566 850 1622 880 a'ut
1640 846 1780 880 scientiae
1791 846 1911 880 faciant
1922 856 1997 881 cum
2009 845 2069 879 iilo
2080 844 2172 887 plura

1298 894 1511 930 accidentalia
1521 894 1701 939 composita
1714 919 1726 937 ,
1753 908 1823 930 non
1839 897 1969 940 possunt
1981 905 2090 930 tamen
2104 892 2174 928 dici

1299 946 1405 988 plures
1418 945 1553 980 seientes
1566 957 1576 988 3
1589 956 1693 990 neque
1705 946 1814 989 plures
1823 946 1962 981 artifices
1973 959 1986 980 e
2010 945 2087 987 quia
2101 954 2172 978 non

1297 995 1483 1039 sunt-plura
1503 996 1662 1038 suppofita
1688 1019 1698 1029 .
1738 998 1836 1038 Cujus
1861 1002 1942 1030 ratio
1960 999 1981 1029 ἃ
1997 1000 2091 1038 priori
2111 992 2170 1034 est;

1297 1044 1383 1091 Quia
1407 1057 1475 1080 non
1496 1045 1756 1088 multiplicantur
1772 1057 1924 1082 concreta
1943 1070 1955 1087 ,
1980 1046 2038 1080 nisi
2063 1043 2174 1079 multi-

1297 1096 1420 1138 plicato
1439 1095 1623 1140 significato
1643 1096 1702 1129 suo
1725 1097 1825 1130 recto:
1854 1096 2173 1141 atquifignifieatum

1298 1146 1421 1178 ressum
1445 1146 1533 1179 vocis
1557 1155 1717 1180 concretae
1737 1143 1837 1188 sciens
1857 1157 1926 1181 non
1945 1146 1993 1179 est
2005 1143 2139 1179 scientia
2161 1167 2175 1183 ,

1299 1205 1402 1238 neque
1424 1195 1642 1238 compositum
1665 1206 1707 1229 ex
1730 1195 1866 1230 homine
1888 1195 2090 1237 &scientia;
2118 1193 2174 1228 sed

1298 1243 1344 1278 est
1366 1245 1564 1288 suppositum
1588 1243 1711 1280 habens
1736 1246 1927 1280 scientiam.-
1953 1255 2052 1290 ergo,
2073 1253 2110 1278 ut
2120 1243 2176 1278 di-

1298 1304 1415 1329 cantur
1428 1295 1532 1338 plures
1546 1295 1683 1330 scientes
1693 1320 1704 1336 ,
1731 1295 1945 1340 impertinens
1963 1296 2008 1329 est
2020 1293 2178 1338 multipli-

1299 1345 1388 1379 catio
1400 1345 1611 1379 scientiarum
1621 1369 1633 1385 ,
1655 1345 1708 1379 vel
1718 1346 1975 1390 competitorum
1985 1355 2026 1379 ex
2039 1344 2178 1378 homine

1299 1395 1331 1428 δι
1345 1395 1479 1429 scientia
1490 1407 1505 1437 ,·
1532 1395 1585 1430 sed
1612 1393 1735 1428 attendi
1747 1393 1843 1430 debet
1854 1396 1922 1430 sola
1944 1392 2178 1436 multiplicatio

1300 1445 1552 1488 suppositorum.
1581 1444 1688 1479 Unde
1706 1442 1761 1479 hic
1786 1445 1892 1480 notari
1902 1444 1999 1479 debet
2009 1442 2178 1487 quoddam
2231 1474 2237 1480 .

1299 1495 1469 1528 discrimen
1493 1495 1576 1527 inter
1595 1505 1708 1528 vocem
1737 1505 1922 1529 concretam
1937 1492 2178 1528 substantialem

1299 1542 1577 1579 &accidentalem
1595 1555 1606 1576 :
1631 1543 1720 1577 Nam
1737 1555 1801 1578 vox
1819 1543 2034 1578 substantialis
2047 1542 2079 1575 in
2093 1541 2179 1576 obli-

1299 1605 1367 1639 quo
1378 1594 1538 1639 fignificat
1557 1595 1772 1638 compofitum
1786 1594 2016 1636 substantiale;
2044 1593 2078 1626 in
2090 1592 2178 1625 tedio

1301 1643 1377 1677 vero
1385 1644 1543 1687 fignificat
1559 1645 1649 1677 issius
1661 1644 1834 1687 compositi
1854 1644 2072 1688 suppofitum3
2102 1652 2134 1675 v.
2146 1651 2180 1686 g.

1301 1704 1366 1727 vox
1391 1692 1474 1726 bomo
1497 1694 1529 1727 in
1552 1693 1691 1735 obliquo
1719 1695 1880 1738 fignificat
1906 1692 2143 1727 humanitatem
2165 1714 2180 1730 ,

1301 1754 1371 1786 quae
1393 1743 1560 1786 quoddam
1585 1742 1795 1779 substantiale
1831 1741 2000 1787 phyficum
2020 1740 2180 1785 compost-

1300 1803 1371 1827 tum
1392 1793 1460 1835 est;
1486 1793 1521 1826 in
1545 1794 1632 1827 tedio
1657 1794 1733 1826 vero
1754 1794 1952 1837 suppositum
1966 1817 1978 1834 ,
2003 1793 2056 1826 seu
2068 1791 2181 1835 perso-

1301 1853 1377 1876 nam
1399 1842 1491 1876 istius
1515 1842 1687 1887 compofiti
1707 1844 1886 1888 significat.
1915 1844 1963 1876 At
1991 1841 2067 1875 vero
2087 1851 2179 1880 vox,

1299 1892 1388 1925 albus
1413 1917 1425 1933 ,
1447 1890 1544 1935 sciens
1567 1917 1580 1934 ,
1616 1893 1718 1926 doHus
1745 1917 1757 1934 ‚
1789 1892 1922 1935 aliaeque
1943 1892 2062 1925 ssmiles
2083 1900 2179 1924 voces

1301 1949 1458 1974 concretae
1470 1942 1688 1976 accidentales
1710 1943 1745 1975 in
1767 1941 1904 1985 obliquo
1917 1953 1984 1974 non
1995 1939 2180 1983 fignificant

1302 2000 1410 2024 totum
1435 1990 1634 2025 accidentale
1660 1990 1902 2034 compofitum,
1929 1989 2078 2032 nequein
2092 1989 2182 2022 tedio

1301 2038 1433 2083 aliquod
1444 2040 1580 2083 speciale
1592 2040 1683 2074 istius
1697 2041 1866 2085 compositi
1880 2040 2076 2084 suppositum
2088 2050 2100 2082 ·,
2124 2036 2182 2072 sed.

1303 2091 1335 2122 in
1350 2089 1488 2131 obliquo
1501 2090 1683 2132 significant
1705 2090 1806 2125 solam
1819 2090 1987 2133 compofiti
1998 2090 2183 2124 accidenta-

1302 2138 1340 2169 lis
1360 2138 1525 2176 formam,
1550 2137 1583 2170 δε
1605 2138 1640 2170 in
1667 2139 1752 2170 testo
1779 2139 1999 2180 suppositum,
2025 2149 2101 2172 curn
2112 2147 2182 2180 quo
2234 2172 2236 2174 a

1301 2188 1404 2220 forma
1427 2188 1461 2219 in
1480 2186 1619 2230 obliquo
1641 2186 1822 2230 significata
1835 2185 2038 2224 accidentale
2048 2196 2184 2230 compo-

1301 2238 1394 2269 situm
1417 2237 1615 2278 componit;
1643 2235 1725 2269 verb.
1742 2246 1824 2280 grat.
1852 2248 1919 2271 vox
1934 2233 2033 2278 sciens
2055 2237 2090 2269 in
2100 2235 2186 2269 obli·

1299 2295 1365 2327 quo
1391 2295 1459 2317 non
1490 2284 1649 2329 significat
1685 2285 1903 2328 compositum
1921 2295 1962 2318 ex
1992 2284 2128 2319 homine
2147 2283 2186 2317 δι’.

1301 2333 1434 2368 scientia
1458 2345 1468 2377 ;
1494 2333 1548 2367 sed
1572 2333 1673 2368 solam
1698 2335 1886 2369 scientiam:
1914 2333 2085 2370 hominem
2106 2332 2186 2370 νει-ὀ

1301 2384 1459 2429 fignificat
1483 2384 1516 2417 in
1538 2386 1642 2418 recto.
1682 2382 1687 2387 ”
2101 2414 2107 2418 .

1354 2436 1408 2481 36.
1436 2433 1554 2479 Neque
1564 2434 1671 2469 mirari
1685 2434 1757 2477 quis
1769 2433 1866 2470 debet
1875 2460 1887 2476 ,
1913 2435 2002 2480 quod
2026 2435 2132 2471 dicam
2145 2434 2182 2470 in

1301 2485 1418 2518 eodem
1441 2485 1606 2527 supposito
1626 2485 1751 2528 reperiri
1777 2486 1864 2527 poffe
1878 2485 1966 2528 plura
1979 2483 2179 2528 compositaz

1301 2535 1447 2577 adeoque
1457 2533 1498 2568 ad
1510 2535 1819 2576 multiplicationem
1842 2535 2094 2577 compositorum
2108 2545 2178 2568 non

1303 2583 1390 2626 sequi
1402 2584 1712 2626 multiplicationem
1727 2584 1961 2627 suppositorum
1974 2609 1982 2617 .
1997 2585 2077 2618 Hoc
2088 2584 2183 2627 quip-

1305 2644 1342 2677 pe
1367 2644 1478 2667 verum
1501 2633 1546 2667 est
1568 2644 1637 2667 non
1664 2634 1770 2667 solum
1782 2634 1823 2667 de
1836 2632 2023 2676 compositis
2032 2635 2184 2669 acciden-

1302 2682 1422 2717 talibus
1448 2707 1460 2723 ,
1486 2683 1541 2717 sed
1564 2684 1663 2717 etiam
1690 2682 1731 2716 de
1759 2682 2023 2718 substantialibus
2048 2708 2055 2716 .
2093 2684 2184 2717 Nam

1305 2733 1388 2767 verb.
1403 2742 1483 2778 grat.
1510 2733 1584 2777 Ego
1607 2734 1676 2767 sum
1702 2733 1818 2766 unicus
1842 2731 1964 2774 homo,
1989 2733 2025 2767 δε
2047 2734 2184 2767 unicum

1303 2784 1498 2827 suppofitum
1511 2796 1523 2816 .·
1549 2783 1640 2826 atqui
1664 2793 1773 2816 tamen
1794 2783 1828 2816 in
1843 2794 1895 2816 me
1906 2783 1979 2817 sunt
1990 2785 2082 2826 plura
2095 2793 2186 2818 com·

1304 2834 1424 2878 posita,
1450 2843 1518 2869 tam
1539 2832 1758 2868 substantialia
1783 2856 1795 2872 ,
1821 2843 1919 2875 quam
1945 2832 2185 2871 accidentalia,

1304 2895 1445 2928 quorum
1467 2883 1575 2927 aliqua
1596 2881 1842 2926 distinguuntur
1861 2882 2065 2927 inadaequate
2091 2907 2102 2924 ,
2127 2881 2185 2916 ali·

1303 2944 1366 2979 qua
1385 2932 1631 2978 distinguuntur
1653 2934 1750 2967 etiam
1772 2931 1962 2977 adaequate:
1988 2944 2067 2977 ergo
2080 2935 2114 2966 in
2127 2943 2183 2965 eo-

1304 2986 1380 3019 dem
1412 2984 1577 3027 supposito
1607 2984 1669 3017 elie
1700 2982 1829 3026 possunt
1863 2984 1955 3027 plura
1983 2982 2186 3024 composita,

1305 3036 1406 3070 etiam
1430 3032 1672 3074 substantialia,
1698 3033 1798 3067 etiam
1824 3033 1988 3076 adaequate
2011 3031 2183 3065 distincta.

1305 3085 1359 3119 De
1369 3084 1554 3127 compositis
1565 3081 1818 3118 accidentalibus
1838 3081 1884 3115 est
1897 3082 2040 3115 clarum:
2070 3083 2104 3114 in
2128 3093 2184 3115 me
2241 3107 2246 3112 .

1305 3135 1394 3168 enim
1417 3134 1461 3168 est
1480 3134 1696 3177 compofitum
1722 3143 1763 3166 ex
1774 3131 2159 3165 animastintelleffione
2172 3155 2186 3171 ,

1307 3197 1348 3218 ex
1369 3184 1470 3218 oculo
1491 3185 1524 3219 δε
1546 3183 1664 3219 vifione
1684 3207 1696 3223 ,
1721 3193 1763 3216 ex
1783 3192 1881 3215 manu
1905 3183 1938 3216 ἀ
1963 3181 2092 3222 calore,
2117 3182 2181 3216 &c-

1308 3234 1390 3276 Quae
1414 3235 1488 3268 sunt
1518 3233 1692 3276 compofita
1715 3231 1928 3266 accidentalia
1951 3232 2117 3275 adaequate
2135 3230 2185 3263 di·

1310 3285 1442 3318 ssimfiia:
1469 3293 1505 3318 ut
1527 3281 1909 3326 notumestintelligenti
1923 3283 2098 3316 terminos.
2127 3280 2182 3314 De

1309 3334 1495 3378 compositis
1532 3331 1791 3368 substantialibus
1825 3332 1870 3366 est
1892 3343 1980 3376 aeque
2003 3330 2123 3364 clarum
2147 3331 2183 3364 in

1310 3385 1388 3418 meis
1413 3384 1602 3428 principiis:
1629 3381 1763 3429 Qiain
1789 3393 1841 3416 me
1852 3382 1898 3416 est
1913 3381 2127 3425 compositum
2139 3390 2181 3413 ex

1306 3436 1440 3473 materia
1460 3435 1495 3471 &
1517 3434 1622 3470 forma
1646 3432 1772 3476 carnis,
1799 3444 1841 3469 ex
1861 3431 1995 3471 materia
2015 3430 2049 3465 dc
2064 3430 2186 3516 fl{orma

2040 3492 2061 3517 o
2102 3490 2136 3520 s,
