2384 3770
816 115 899 163 De
949 117 1222 165 Omnino.
1271 115 1672 164 EREMI'TARUM

329 204 427 250 sumis
440 206 566 248 frater.
590 207 716 237 Etenim
731 212 761 237 re
780 204 888 238 bonum
907 208 940 240 &⁶
967 207 1137 239 clementem
1153 215 1210 237 om·
1229 216 1235 268 Ι
1257 210 1336 277 'cuit
1346 203 1465 236 litteras
1477 204 1545 235 dari
1554 211 1683 236 tenorem
1694 204 1832 236 mandati·
1844 207 2023 238 continentes
2037 226 2048 242 ,
2070 212 2158 244 quem
2181 194 2264 238 Cfll'·
2279 205 2335 241 57--

279 270 281 272 ·
333 257 419 288 mbus
444 257 566 289 reddis.
596 254 690 287 Habes
714 261 793 288 enim
817 254 867 288 boc
889 263 920 289 in
944 256 1068 288 arbitrio
1090 281 1100 296 ,
1131 254 1232 316 satis,
1275 266 1333 287 non
1347 254 1542 297 egrediantur
1560 277 1567 285 .
1596 253 1748 299 Quarto,
1772 263 1898 295 poterat
1910 265 1946 288 ac
1961 253 2099 288 debebat
2112 253 2160 287 vi-

330 306 394 345 tst,
422 315 456 338 ut
474 303 607 346 satisfiat
624 303 760 347 personae
782 306 1004 349 uniuscujusque
1017 305 1155 349 Episcopi
1180 312 1229 338 in,
1257 283 1368 338 lsitare
1389 314 1504 337 omnes
1515 303 1658 349 omnino
1682 303 1854 336 Africanas
1867 299 2050 345 provincias
2064 327 2076 344 ,
2100 303 2157 337 eti-

325 361 427 397 prima
447 356 649 388 tantummodo
681 363 871 390 conventione
891 381 897 388 .
928 360 960 390 ξι·
980 366 1079 389 autem
1099 357 1213 398 quodll-
1275 366 1327 388 arn
1340 353 1563 387 Primatiales.
1585 353 1679 387 Hinc
1690 364 1832 394 namque
1845 352 2024 387 Honorato
2035 365 2072 388 ac
2087 353 2157 388 Ur·

327 405 378 436 bet
401 403 468 437 huic
491 406 559 437 Sedt'
578 406 799 438 vindicandum
825 406 930 447 fizerit-
943 406 996 447 ficu·
1016 406 1184 439 arbitratus
1199 430 1209 444 ,
1276 404 1362 438 bano
1376 428 1387 444 ,
1413 404 1587 447 provinciae
1597 404 1752 438 Sitifenfis
1766 402 1936 446 Episcopis
1948 426 1960 442 ,
1981 404 2068 438 suam
2083 414 2156 446 pro-

327 455 428 496 neceffe
451 455 540 489 habet
561 464 665 490 tamen
688 467 787 488 omnes
802 456 943 498 Ecclestas
960 456 1126 499 suffulcire.
1153 460 1211 489 Un-
1254 455 1414 505 5vinciam
1438 453 1554 487 visitari
1565 453 1759 498 rogantibus
1771 477 1781 493 ,
1803 452 1971 496 respondit
1983 452 2152 495 Aurelius,

326 506 364 535 de
387 504 442 536 n‘bt'
465 516 522 539 non
543 505 717 547 potestatem
743 508 852 539 damus
875 531 885 547 ‚
909 506 968 550 sed
988 517 1072 540 tuam
1093 508 1214 550 affigna·
1254 504 1305 537 ¹id
1328 505 1384 537 vix
1397 503 1561 547 fieripoffe
1581 505 1625 538 ob
1639 502 1998 544 barbaros,utieadem
2009 502 2050 536 de
2061 506 2150 542 caus·

389 133 451 164 20

324 564 388 585 mus
401 578 411 595 ‚
439 556 474 588 (a
495 556 583 588 liceat
604 558 755 589 voluntati·
771 555 886 598 semper
906 581 917 597 ,
937 558 971 591 (δ’
996 565 1093 591 tenere
1119 568 1207 599 quem

322 604 404 636 voles
419 629 429 644 ,
457 607 490 638 (εἰ
512 605 684 648 Praepofitcs
702 607 838 647 plebibus
861 609 912 640 vel
948 607 1085 647 Ecclefiis
1109 606 1206 646 consti-

320 662 391 686 ruas
405 679 414 694 ‚
441 661 492 696 qui
503 655 643 697 postulari
666 655 806 697 fuerint,
832 659 954 691 &unde
975 658 1055 690 voles
1070 680 1077 689 .
1106 657 1205 690 Cum·

319 714 384 746 que
408 705 589 749 Episcopus
614 706 872 740 posthumianus
912 707 1083 751 Epigonio
1117 718 1205 749 repo·

317 764 425 795 neret,
455 755 518 790 esse
543 757 702 799 quosdam
723 758 755 789 in
769 757 889 801 Africa*
910 758 1111 801 episcopos,
1135 758 1202 800 qui—

316 803 377 836 bus
404 806 522 840 unicus
546 806 676 842 tantum
701 809 777 841 estet
800 806 973 849 Presbyter
997 830 1006 846 ‚
1034 818 1134 850 atque
1156 814 1209 840 ro:

312 864 405 897 garet
426 880 437 895 ‚
474 867 513 889 an
541 857 640 890 etiam
664 857 759 891 istum
783 859 975 892 austoritate
1010 859 1064 891 sua
1098 859 1200 900 posset

311 913 449 939 evocare
473 904 738 951 Carthaginensis
762 907 944 951 Episcopus
967 919 1004 941 ac
1021 908 1117 940 ‚alteri
1142 908 1201 941 Ec-

309 952 412 991 clefiae
433 955 563 1000 elargiri
584 982 595 997 ,
633 959 822 1000 responsum
846 958 877 990 ei
904 956 950 991 est
974 956 1178 991 'affirmative
1193 983 1208 1003 ,ἱ

308 1003 584 1050 Carthaginenfis
597 1006 705 1050 itaque
724 1007 930 1050 Episcopus,
952 1007 1032 1041 licet
1045 1008 1194 1050 quaedam

306 1056 486 1096 provinciae
499 1055 658 1091 haberent
677 1057 752 1091 suos
765 1057 912 1100 proprios
935 1056 1115 1098 Primates,
1143 1057 1195 1090 ha·

306 1102 404 1137 bebat
431 1115 540 1140 tamen
564 1108 717 1140 omnium
730 1107 873 1142 omnino
895 1117 951 1149 per
976 1107 1124 1141 Africam
1138 1108 1194 1141 Ec·

302 1153 497 1194 denarum,
516 1157 739 1200 ,omniumque
762 1156 946 1191 Primatum
969 1169 1006 1191 ac
1019 1158 1194 1202 Episcopo·

302 1214 376 1237 rum
393 1205 537 1248 *plenam
567 1206 828 1243 'sollicitudinem
843 1231 874 1247 .,.
895 1210 1022 1250 potens
1039 1209 1193 1242 omnibus

301 1252 458 1291 Ecclefiis
475 1267 560 1297 quos
587 1257 688 1291 vellet
710 1257 787 1291 date
803 1257 1008 1300 ἡΕρὶίεοροε-
1029 1271 1037 1290 :
1077 1259 1191 1300 anue

301 1302 347 1343 est
370 1306 511 1346 caussa,
538 1317 599 1346 cur
624 1318 679 1350 per
704 1307 846 1351 lingulas
868 1307 970 1341 ferme
995 1307 1191 1344 Dominicas

303 1354 489 1400 Episcopos
513 1356 687 1402 ordinaret,
703 1380 711 1389 .
752 1356 939 1391 Ordinabat
958 1358 1080 1401 quippe
1101 1359 1187 1401 Epis-

300 1414 404 1453 copos
419 1428 429 1445 ,
457 1416 529 1445 vnon
552 1407 842 1442 solummodolsuae
865 1405 1109 1442 Proconsularis
1119 1420 1188 1452 pro-

299 1452 416 1492 vinciae
441 1467 478 1489 ac
503 1456 744 1498 provinciarum
769 1468 838 1490 non
852 1456 1044 1492 habentium
1069 1459 1188 1501 propri-

299 1513 356 1538 um
383 1503 563 1546 primatem
578 1530 587 1545 ,
608 1507 666 1540 -sed
688 1506 1186 1551 etiamAEpiscoposprovincin-

296 1563 370 1586 rum
397 1554 662 1598 Primatialium,
691 1558 769 1593 dum
794 1557 829 1599 id-
850 1559 1186 1600 rogaretunjautsut)

295 1613 394 1644 ιῐιρςῑι,Ἰ
415 1603 538 1649 idipso
557 1607 674 1641 vellet.
708 1607 749 1640 Et
773 1605 855 1643 hinc
880 1609 1004 1642 sanstus
1025 1607 1187 1651 Pollidius

293 1663 392 1697 agens
416 1655 456 1689 de
469 1657 579 1692 soniste
606 1657 795 1702 Augustino
805 1666 933 1693 contra·
945 1657 1103 1693 Nicaenos
1116 1659 1185 1695 Ca-

295 1714 402 1744 nones
427 1704 460 1737 in
483 1706 739 1750 Coepiscopum
761 1708 988 1753 sublevando„
1009 1709 1051 1743 fic
1065 1708 1184 1747 scribit:

294 1755 478 1788 Formidans
501 1758 700 1795 Venerabilis
726 1761 822 1792 Senex
835 1759 994 1800 Valerius,
1017 1765 1074 1803 egit
1091 1758 1185 1802 flecte·

290 1810 331 1835 1-1's
355 1805 467 1837 litteris
490 1809 574 1848 apud
601 1811 776 1842 Primatem'
795 1808 1007 1852 Epist-‘operum
1025 1809 1186 1856 Cartbagi-

290 1851 408 1895 nensem
423 1878 433 1893 ‚
456 1856 598 1896 allegans.
619 1858 997 1902 imbecillitatemstorporls
1010 1858 1061 1901 sul
1075 1876 1087 1900 5
1111 1871 1187 1894 aeta·

291 1902 386 1946 nsque
407 1909 593 1946 gravitatem
605 1924 627 1943 ,-
643 1906 859 1950 &obscenam
886 1920 919 1942 ut
940 1909 1185 1951 HipponenliEf»

293 1952 392 1994 clefiae„
408 1955 599 1986 ordinaretur
625 1953 790 1995 Episcopus
806 1979 816 1994 ,
841 1964 892 1996 qui·
908 1957 974 1997 suae
996 1958 1160 1993 cathedra
1176 1982 1184 1995 ‚

295 2015 352 2037 aion
375 2011 438 2036 tam
455 2003 650 2047 ficccederet,
670 2000 728 2046 sed
752 2002 936 2046 consacerdos
960 2006 1110 2038 accederet
1131 2012 1185 2038 Au·

286 2053 425 2096 gustinus
439 2078 446 2086 .
475 2060 516 2089 Et
535 2064 601 2094 quae
616 2059 737 2094 optavit
750 2055 783 2087 (tt
806 2060 931 2098 rogavit
945 2077 955 2093 ,
979 2053 1120 2095 rescripto
1131 2063 1184 2087 im·

292 2108 459 2145 patravit.
490 2103 553 2142 Post
578 2115 667 2144 quam
677 2109 856 2145 petitionem
881 2105 925 2136 ad
943 2103 1177 2143 visteandumad

293 2159 434 2187 veniente
461 2155 506 2185 ad
527 2153 686 2194 Ecclefiam
709 2152 927 2195 Hipponensem
953 2164 1022 2186 tunc
1047 2157 1184 2187 Primate

294 2205 453 2237 Numidia*
476 2204 602 2245 Megalio
621 2203 792 2245 Calamenfi
811 2203 980 2247 Episcopo,
1004 2205 1061 2237 &a
1075 2204 1183 2239 Vocat

295 2253 482 2296 Megalium
511 2252 678 2288 Numidiae
701 2254 874 2288 dumtaxat
898 2253 1075 2288 Primatem
1096 2279 1107 2295 ,
1146 2255 1183 2288 E·

296 2304 469 2346 piscopum
495 2303 572 2336 vero
586 2303 879 2348 Carthaginensem
897 2314 991 2338 vocat
1006 2303 1182 2338 Primatem

298 2353 539 2395 Episcoporum
574 2365 581 2384 2
609 2354 724 2397 utique
750 2355 990 2398 Epist-oporam
1013 2356 1185 2395 omnium,

298 2405 396 2438 eriam
422 2403 681 2437 provincialium
710 2404 895 2438 Primatum
918 2430 924 2438 .
966 2404 1035 2447 lpse
1055 2415 1123 2438 erat
1150 2405 1183 2438 in

300 2453 416 2488 Africa
431 2452 618 2486 patriarcha
640 2454 803 2487 maximus
820 2478 830 2494 ,
851 2466 887 2487 ac
903 2455 1082 2497 Episcopus
1096 2455 1184 2498 Epis-

300 2514 475 2545 coporum.
506 2504 618 2545 Atque
632 2502 695 2537 hoc
706 2505 750 2538 est
768 2528 778 2543 ,
798 2505 886 2547 quod
899 2505 1118 2549 significatum
1131 2517 1185 2538 vo-

299 2554 363 2586 luit
389 2554 512 2586 sanctus
541 2553 610 2586 Leo
636 2553 720 2596 Papa
735 2565 863 2595 nonus,
885 2554 964 2588 dum
987 2555 1072 2588 dixit
1093 2556 1133 2589 de
1147 2555 1185 2587 E·

301 2603 436 2646 piscopo
451 2602 709 2646 Carthaginenli.
728 2603 891 2647 Episcopus
900 2603 1089 2648 consecrandi
1099 2611 1185 2647 prin—

302 2655 400 2694 cipale
414 2655 447 2686 (9⁰
461 2658 622 2695 antiquum
637 2656 692 2694 J'us
704 2654 810 2688 babet.
838 2655 1058 2699 Habebatque
1079 2656 1184 2690 adhuc

301 2703 402 2736 aliam
427 2703 546 2736 variam
571 2705 784 2747 principalem
810 2706 1000 2748 potestatem
1025 2730 1032 2738 .
1060 2705 1185 2745 Primo,

302 2752 395 2786 illam
415 2777 424 2792 ,
452 2753 492 2786 de
517 2764 578 2796 qua
603 2754 666 2797 jam
691 2755 875 2789 audivimus
898 2756 1086 2798 loquentem
1110 2758 1184 2790 san-

301 2804 386 2836 ctum
401 2802 599 2837 Poffidium.
630 2804 710 2838 Eam
725 2829 734 2844 ,
748 2805 883 2847 inquam
895 2806 1087 2848 potestatem
1099 2830 1110 2846 ,
1122 2817 1185 2849 qua

305 2853 392 2886 solus
419 2852 600 2895 dispensare
626 2865 752 2896 poterat
776 2856 808 2888 in
834 2855 960 2899 legibus
981 2857 1184 2900 generalium

301 2913 358 2937 aut
382 2902 481 2936 etiam
495 2903 728 2938 Nationalium
742 2905 976 2941 Conciliorum
991 2931 998 2938 .
1021 2906 1185 2947 Secundo,

302 2953 395 2986 illam
409 2977 418 2992 ,
445 2953 484 2985 de
508 2965 570 2997 qua
587 2954 629 2987 fic
654 2954 735 2987 dicit
757 2956 888 2988 tertium
906 2957 1087 2990 concilium
1103 2957 1185 2990 Car-

301 3002 497 3047 thaginense
508 3028 515 3034 .
545 3005 661 3037 Placuit
670 3014 793 3046 propter
805 3017 950 3047 errorem,
964 3013 1014 3048 qui
1023 3004 1106 3049 [αρε
1112 3006 1186 3049 solet

300 3053 424 3093 oboriri,
449 3063 481 3085 ut
501 3065 598 3085 omnes
613 3053 763 3095 Africanae
786 3062 955 3095 provinciae
973 3055 1121 3099 Episcopi
1144 3056 1188 3089 ob·

298 3102 499 3144 servationem
515 3102 687 3145 Pascbalem
713 3104 751 3136 ab
765 3108 792 3136 E
796 3104 888 3146 cclefia
901 3106 1136 3150 Carthaginensi
1142 3118 1186 3139 cu·

300 3162 368 3185 rent
392 3159 538 3194 accipere.
567 3153 687 3186 Tertio
702 3179 712 3193 ,
739 3156 828 3188 illam
844 3179 854 3195 ,
878 3154 920 3189 de
942 3168 1004 3196 qua
1023 3157 1066 3190 iic
1092 3155 1187 3190 habe·

301 3213 372 3234 mus
394 3202 426 3235 in
450 3203 565 3237 codice
587 3204 703 3237 Graeco
732 3217 898 3238 canonum
931 3205 1186 3240 Africanorum.

301 3253 333 3284 51*
357 3262 422 3292 quae
443 3253 552 3286 litterae
576 3253 729 3286 diliandae
749 3259 781 3285 in
800 3256 917 3288 concilio
933 3258 1101 3297 placuerint
1115 3281 1124 3297 ,
1137 3267 1186 3289 ve-

301 3302 455 3335 nerandus
481 3300 648 3345 Episcopus
665 3326 675 3341 ,
707 3309 757 3345 qui
778 3302 843 3336 huic
859 3304 925 3346 sedi
943 3305 1081 3347 praefidet
1096 3329 1107 3344 ,
1132 3318 1186 3338 om-

302 3356 384 3384 nium
397 3356 511 3384 nomine
525 3353 640 3387 amare
652 3355 686 3388 δ’
703 3351 884 3396 subscribere
897 3356 1033 3396 dignetur
1046 3380 1057 3396 ,
1076 3362 1108 3388 in
1122 3363 1187 3398 qui·

301 3400 357 3434 bus
369 3405 461 3432 etiam
476 3403 521 3433 ad
540 3402 699 3445 Episcopos
717 3407 842 3446 Legata:
854 3427 864 3443 ,
886 3410 936 3443 qui
947 3412 1002 3445 per
1011 3411 1187 3445 provincias

298 3449 461 3495 africanas
473 3456 505 3485 in
517 3451 611 3495 cauffa
622 3453 845 3496 Donatistarum
858 3455 1003 3488 mittendi
1008 3453 1082 3498 sum
1089 3480 1100 3498 ,
1121 3457 1189 3500 plag

110 1769 192 1814 etp.
211 1768 242 1808 8.

120 3003 202 3049 Cap.
224 3016 252 3041 1.

127 3254 211 3300 Cap.
225 3259 279 3303 85.

1270 554 1301 587 sa
1324 554 1443 588 visitari
1467 565 1535 588 non
1559 565 1708 598 poterant
1731 553 1901 598 provincia
1935 552 2150 595 Tripolitana.

1270 615 1367 648 atque
1378 604 1581 648 Arguzitana
1597 627 1605 637 .
1621 604 1904 651 Qintodenique
1919 612 2039 643 ,nemo
2056 602 2150 645 Epis·
2165 591 2205 626 C·
2221 590 2300 627 ¹0⁶⁴

1268 666 1370 697 copus
1394 654 1550 697 proficisci
1563 666 1690 699 poterat
1709 655 1751 688 ad
1774 655 1898 687 sactum
1917 652 2058 697 Augusti
2073 654 2148 687 Co-

1269 705 1509 744 miratumsme
1522 705 1674 740 Licentia
1695 716 1733 738 ac
1757 703 1874 738 litteris
1897 704 2046 739 formatis
2061 704 2150 748 Epis-

1266 756 1342 798 copi
1366 754 1646 799 Carthaginensis.

1317 806 1359 838 Et
1376 804 1443 838 haec
1466 806 1564 839 sancii
1579 804 1706 840 Aurelii
1727 806 1760 838 in
1771 814 1886 839 omnes
1899 801 2070 839 Africanas
2083 804 2145 839 Ec·

1263 856 1370 889 ctesias
1392 854 1573 898 plenissima
1586 855 1725 898 potestas
1739 855 1784 889 est
1808 854 1910 898 prima
1935 855 2062 894 caussa,
2089 855 2145 889 cui

1266 906 1479 940 Eremiticum
1502 907 1603 939 sancti
1626 905 1806 950 Augustini
1831 904 2020 939 institutum
2046 903 2145 940 debet

1263 957 1352 989 suam
1376 967 1431 998 per
1441 967 1560 990 omnes
1571 955 1741 990 Africanas
1755 955 1912 990 Ecclefias
1925 956 2143 999 propaginem

1261 1017 1298 1040 ac
1321 1005 1551 1041 diffusionem.
1581 1005 1709 1041 Videns
1734 1017 1878 1050 namque
1903 1004 2059 1040 Aurelius
2081 1004 2139 1038 fibi

1263 1057 1447 1099 impolitam
1469 1057 1622 1090 omnium
1645 1057 1779 1090 istarum
1811 1055 2029 1091 Ecclefiarum
2054 1055 2144 1089 solli-

1258 1106 1462 1147 citudinem,
1485 1107 1634 1151 adeoque
1655 1117 1768 1141 earum
1791 1106 1938 1150 inopiam
1955 1106 2020 1140 effe
2040 1116 2096 1148 per
2110 1107 2143 1145 se,

1257 1155 1511 1197 sublevandam,
1531 1158 1706 1199 ruinasque
1726 1156 1969 1196 instaurandas,
1993 1156 2078 1189 mifit
2091 1156 2143 1192 so·

1255 1206 1397 1239 lemnem
1423 1206 1641 1250 Legationem
1655 1206 1695 1239 ad
1721 1205 1752 1238 S.
1775 1204 1983 1238 Anastafium
1995 1204 2141 1237 Pontifi-

1253 1267 1322 1288 cem
1336 1279 1347 1294 ‚
1368 1267 1405 1289 ac
1420 1256 1607 1291 Venereum
1623 1254 1823 1298 Episcopum
1837 1252 2139 1293 Mediolanensem,

1253 1306 1463 1339 successorem
1480 1307 1509 1339 S.
1537 1306 1723 1348 Cypriani,
1744 1303 1872 1349 aliquot
1885 1304 2029 1348 insignes
2048 1305 2141 1339 cleri·

1252 1367 1308 1390 cos
1330 1355 1370 1388 ab
1391 1355 1455 1389 illis
1468 1356 1746 1390 emendicaturam
1759 1379 1766 1386 .
1794 1354 1895 1388 Erant
1919 1364 1990 1388 tum
2002 1354 2137 1398 quidem

1253 1407 1286 1442 in
1311 1404 1425 1439 Africa
1446 1405 1706 1450 Augustinenses
1734 1404 1887 1441 Eremitae
1907 1428 1919 1444 ‚
1949 1415 1992 1438 eo
2017 1405 2138 1448 quippe

1253 1465 1399 1498 tempore
1422 1456 1631 1501 Augustinus
1641 1455 1704 1497 jam
1718 1453 1841 1499 pridem
1853 1464 1921 1489 erat
1935 1453 2135 1497 Episcopus.

1250 1505 1360 1548 eisque
1370 1506 1472 1540 etiam
1494 1507 1559 1549 jam
1571 1506 1688 1540 oculos
1711 1517 1748 1539 ac
1775 1516 1891 1539 manus
1903 1503 2054 1548 injecerat
2067 1503 2137 1550 Au?

1251 1556 1349 1590 relius
1363 1568 1371 1588 :
1396 1555 1631 1590 Nihilominus
1643 1555 1837 1600 quibusdam
1851 1554 1892 1589 de
1902 1553 2017 1589 cauffis
2026 1554 2137 1588 decre-

1252 1606 1300 1640 vit
1318 1617 1356 1640 ac
1369 1607 1559 1640 militistam
1574 1606 1798 1651 legationem.
1827 1603 2045 1649 Neque,vero
2069 1603 2139 1639 fuit-

1251 1657 1375 1691 inanis.
1401 1657 1545 1701 Aliquos
1557 1668 1699 1702 namque
1711 1655 1898 1691 Anastasius
1910 1678 1920 1695 ‚
1931 1654 2060 1699 aliquos
2069 1653 2134 1689 cle·

1250 1706 1331 1742 ticos
1347 1706 1432 1740 milit
1446 1707 1636 1750 Venereus,
1658 1717 1756 1751 atque
1778 1705 1951 1742 interillos
1972 1705 2134 1749 insignem

1250 1757 1346 1790 istum
1369 1757 1506 1792 Haerefis
1531 1753 1716 1803 Pelagianae
1739 1756 1912 1791 inimicum
1925 1781 1936 1797 ,
1957 1766 1995 1788 ac
2013 1756 2132 1790 vitaeS.

1250 1807 1413 1841 Ambrosii
1436 1809 1691 1852 conscriptorem
1705 1832 1715 1848 ,
1738 1807 1927 1841 Diaconum
1951 1804 2133 1841 Paulinum

1248 1859 1304 1901 qui
1328 1858 1368 1891 ad
1394 1858 1567 1901 *Judicium
1593 1857 1786 1902 Episcopale
1798 1855 2060 1900 Carthaginense
2072 1854 2136 1899 pri-

1249 1919 1321 1941 mus
1347 1909 1487 1951 pettaxit
1510 1909 1648 1951 impium
1663 1908 1874 1943 Caelestinum
1889 1929 1900 1945 ,
1922 1906 2035 1949 estque
2047 1904 2134 1948 post-

1248 1958 1386 1991 modum
1412 1969 1583 2000 promotus
1594 1959 1634 1993 ad
1649 1959 1760 1992 nescio
1774 1957 1865 2001 cujus
1879 1956 2029 1990 Eccleliae
2046 1954 2133 1989 Afri-

1247 2017 1334 2038 canae
1347 2006 1582 2048 Episcopatum
1594 2030 1602 2038 .
1631 2007 1742 2048 Hujus
1754 2018 1896 2048 namque
1907 2005 2040 2038 Paulini
2053 2004 2135 2047 Epi·

1247 2053 1362 2088 stolam
1374 2064 1456 2097 puto
1469 2056 1531 2088 effe
1544 2054 1636 2088 illam
1649 2079 1660 2094 ‚
1681 2065 1753 2098 quae
1767 2055 1853 2088 inter
1866 2052 2130 2097 Augustinianas

1245 2103 1291 2136 est
1319 2103 1566 2146 quadragesima
1581 2105 1695 2136 octava
1714 2125 1724 2141 ‚
1753 2104 1961 2145 nimiumque
1978 2100 2131 2144 imperite

1224 2146 1382 2198 {quidam
1408 2162 1522 2195 putant
1546 2163 1618 2186 eam
1639 2154 1701 2186 elle
1714 2152 1848 2185 Paulini
1875 2151 2029 2194 Episcopi
2050 2151 2131 2185 No«

1224 2202 1357 2236 llensis.
1384 2202 1520 2236 Interim
1540 2202 1635 2245 pauci
1649 2214 1690 2236 ex
1715 2201 1784 2235 istis
1795 2201 1882 2235 Italis
1908 2200 2060 2235 videntur
2084 2200 2132 2234 A·

1246 2254 1302 2286 fris
1312 2252 1441 2295 populis
1454 2253 1547 2286 fuisse
1560 2251 1712 2286 fructuofi
1724 2276 1735 2292 ,
1763 2262 1869 2294 neque
1883 2250 1966 2285 bene
1975 2251 2129 2286 cumillis

1246 2302 1432 2337 convenisse
1444 2326 1452 2334 .
1482 2301 1586 2348 Qod
1600 2312 1748 2346 ,namque
1757 2301 1832 2335 Itali
1845 2302 1879 2335 δε
1891 2301 1965 2336 Afri
1989 2301 2130 2335 diverso·

1247 2364 1322 2386 rum
1337 2352 1514 2386 humorum
1527 2353 1587 2385 sint
1601 2377 1611 2392 ‚
1624 2362 1712 2395 patet
1724 2363 1766 2384 ex
1779 2352 1818 2384 iis
1833 2376 1843 2390 ,
1853 2362 1922 2391 quae
1934 2351 1968 2384 in
1981 2353 2128 2384 virorum

1248 2403 1425 2437 illustrium
1456 2402 1612 2446 catalogo
1648 2401 1760 2435 scribit
1784 2401 1811 2434 S.
1834 2400 2065 2442 Hieronymus
2087 2399 2130 2434 de

1248 2453 1463 2486 Tertulliano
1484 2476 1490 2484 .
1521 2455 1574 2484 Hic
1594 2463 1659 2485 cum
1679 2450 1769 2493 usque
1792 2452 1836 2482 ad
1854 2451 1983 2482 mediam
2007 2458 2129 2483 atatem

1248 2503 1404 2541 Presbyter
1428 2500 1563 2542 Ecclefiae
1581 2500 1796 2543 permanfiffet,
1826 2500 1951 2532 invidia
1970 2499 2072 2541 postea
2092 2501 2129 2533 ὁ·

1247 2554 1433 2593 contumeliis
1455 2553 1635 2586 clericorum
1646 2555 1790 2584 Romanae
1800 2548 1932 2591 Ecclefiae
1946 2574 1957 2589 ,
1977 2550 2021 2582 ad
2045 2552 2129 2581 Mon-

1246 2609 1313 2635 tani
1323 2604 1429 2648 dogma
1448 2600 1587 2645 delapsus
1598 2601 1636 2641 est
1647 2626 1654 2633 .
1696 2601 1739 2634 Et
1752 2612 1793 2634 ex
1807 2601 1845 2634 iis
1857 2625 1868 2641 ‚
1894 2610 1965 2643 quae
1978 2598 2086 2633 scribit
2095 2600 2127 2640 S.

1249 2653 1457 2697 Augustinus
1478 2653 1512 2685 in
1537 2651 1630 2686 libris
1651 2650 1691 2685 de
1711 2650 1853 2690 ordine,
1872 2661 1973 2694 agens
1983 2650 2023 2684 de
2035 2649 2127 2682 vario

1248 2703 1348 2737 modo
1371 2702 1610 2746 pronunciandi
1625 2702 1770 2746 linguam
1783 2699 1938 2734 latinam.
1966 2697 2127 2741 Meipsum,
2142 2705 2220 2742 L-2-
2235 2717 2266 2740 e,

1247 2759 1291 2786 cut·
1303 2765 1413 2796 magna
1426 2754 1571 2792 neceffitas
1591 2751 1660 2793 fuit
1684 2752 1739 2791 ista
1760 2748 1950 2793 perdiscere,
1972 2749 2074 2783 adbuc
2093 2755 2128 2783 m
2146 2765 2202 2803 ¹7·

1247 2804 1349 2836 multis
1373 2802 1529 2836 verborum
1546 2801 1628 2845 sonis
1642 2803 1713 2835 Itali
1732 2806 1918 2844 exagitant,
1942 2802 1976 2834 Θ·
1988 2803 2008 2832 ἃ
2020 2811 2064 2832 me
2077 2805 2129 2833 vl·

1248 2854 1332 2894 ci'ffim
1341 2878 1352 2894 ,
1375 2855 1454 2896 quod
1464 2854 1508 2886 ad
1520 2851 1616 2895 ipsum
1624 2850 1729 2895 sonum
1740 2855 1852 2884 attinet
1864 2874 1875 2890 ‚
1888 2849 2126 2892 reprehendun-

1247 2914 1296 2936 tur
1308 2929 1315 2936 .
1347 2904 1439 2936 Aliud
1454 2903 1492 2943 est
1503 2908 1581 2936 enim
1603 2903 1655 2946 effe
1666 2911 1734 2933 arte
1746 2925 1756 2940 ‚
1782 2902 1965 2944 aliudgente
1982 2898 2126 2943 securum.

1249 2954 1343 2990 Patet
1356 2954 1387 2986 id
1401 2954 1569 2996 praesertim
1581 2963 1620 2985 ex
1632 2951 1695 2984 isto
1710 2951 1872 2985 Africano
1882 2955 2034 2990 canone,
2059 2960 2128 2993 quo

1248 3004 1306 3039 sub
1329 3016 1416 3047 paena
1437 3002 1790 3037 excommunicationis
1809 3000 1964 3036 omnibus
1985 3000 2048 3033 suis
2059 3000 2129 3034 cle·

1247 3054 1321 3088 ricis
1334 3054 1491 3088 Africana
1511 3052 1654 3086 concilia
1675 3052 1916 3086 interdixerunt
1929 3050 2125 3094 appellatio-

1246 3115 1322 3137 nem
1346 3103 1388 3137 ad
1399 3104 1580 3147 Episcopus
1603 3102 1857 3140 transmarinos,
1877 3100 1991 3143 utique
2002 3099 2105 3133 Italos
2119 3124 2130 3134 .

1245 3154 1347 3188 Latus
1359 3165 1500 3197 namque
1517 3152 1562 3187 est
1577 3163 1686 3186 canon
1699 3152 1757 3185 iste
1771 3151 1790 3184 ὲ
1813 3151 1842 3184 8.
1856 3149 2047 3193 Cypriane,
2070 3149 2131 3184 ad-

1245 3205 1373 3238 versum
1384 3203 1529 3248 quinque
1541 3203 1618 3236 suos
1634 3201 1812 3244 perduelles
1826 3200 2030 3244 presbyteros
2042 3224 2052 3239 ,
2069 3199 2128 3240 qui

1244 3255 1263 3299 a
1281 3254 1417 3288 Novato
1438 3253 1582 3298 quodam
1595 3276 1606 3291 ‚
1624 3250 1816 3295 impiiffimo
1839 3251 1925 3285 Italo
1948 3251 2129 3294 Episcopo,

1244 3304 1419 3347 instigati,
1445 3307 1484 3337 ad
1506 3303 1607 3338 Italos
1619 3302 1821 3344 appellarant
1835 3306 1969 3344 ,eaque
1984 3300 2132 3342 appella·

1244 3355 1340 3389 tione
1375 3355 1507 3398 egregie
1532 3351 1768 3386 conturbaraut
1785 3362 1921 3386 omnem
1945 3350 2127 3383 Ecclefiam

1247 3404 1440 3438 Africanam
1467 3429 1474 3436 .
1502 3403 1621 3437 Errant
1646 3402 1723 3436 vero
1749 3400 1848 3435 nostri
1872 3400 2004 3444 Leproli
2031 3400 2130 3444 Mag-

1243 3454 1464 3500 deburgenses
1488 3476 1500 3496 ,
1519 3454 1603 3491 dum
1627 3462 1686 3501 exa
1705 3450 1769 3488 isto
1789 3461 1916 3489 canone
1939 3451 2128 3534 {piemon

1975 3510 2090 3536 omani
