2384 3770
407 167 507 209 προ
996 152 1158 198 DrsP.
1198 152 1256 199 X.

369 230 545 279 tudinum5
576 233 640 270 five
664 259 675 277 ,
705 243 739 270 ut
764 233 844 270 reste
869 234 952 271 dicit
980 236 1158 280 Caietanus
1184 238 1262 273 loco·

367 283 479 319 mam,
504 285 548 316 est
561 283 743 324 similitudo
754 285 987 331 habitudinum
1002 286 1056 331 seu
1086 288 1243 333 proporti-

367 339 493 384 onum:
521 344 600 379 ergo
609 335 812 380 aliquainter
823 337 854 377 se
873 335 994 371 habere
1014 340 1244 383 proportiona-

367 378 514 424 l¹t³tzm,
539 386 583 417 est
593 385 649 419 illa
667 386 784 421 habere
812 386 1060 424 fimilitudinem
1082 388 1244 427 habitudi-

366 439 447 468 num
464 454 474 470 ,
497 435 557 467 live
569 433 778 471 habitudines
796 437 913 471 similes
928 463 936 471 .

419 479 472 517 68.
500 487 644 529 Minorem
655 487 841 533 veroprabo:
871 488 961 536 Qa
977 491 1163 536 proportio,
1192 488 1244 525 ha·

367 529 483 571 bitudo
503 558 513 575 ,
543 536 597 570 seu
618 538 734 572 relatio
760 538 1007 582 analogatarum
1028 537 1069 578 ad
1103 540 1242 583 formam

368 582 603 627 analogantem
626 587 670 620 est
686 586 916 628 inexistentia,
938 588 990 632 vel
1012 590 1098 622 certe
1124 590 1243 624 funda-

367 639 421 667 ,tur
433 634 467 666 in
480 635 686 671 inexistentia
697 637 808 682 formae
819 638 961 683 analoga
968 638 1033 673 ntis
1043 638 1078 671 in
1092 639 1155 673 suis
1168 651 1241 674 ana·

367 679 490 726 logatis
505 697 516 718 .·
544 687 940 734 atquiformaanalogans
952 699 1021 730 non
1050 691 1154 734 potest
1178 690 1241 732 suis

366 733 552 777 analogatis
564 736 735 771 inexistere
745 735 858 783 eadem
870 747 926 773 aut
939 738 1036 773 simili
1050 739 1241 774 'inexisten-

367 781 439 826 tia;
464 785 518 820 sed
541 786 714 821 necessario
736 786 802 821 illis
824 788 994 824 inexistere
1006 787 1102 826 debet
1115 789 1240 828 diversa

366 831 422 875 seu
449 835 593 870 diffimili
620 836 854 880 inexistentia,
883 840 937 878 seu
963 838 1111 875 diffimili
1139 840 1240 883 inexi-

365 882 471 919 stendi
499 884 623 935 modo?
650 897 687 924 ut
712 886 868 934 battenus
896 884 1028 935 dictum
1048 889 1110 924 est.
1142 890 1233 935 Ergo

366 932 574 979 habitudines
607 937 859 982 analogatorum
886 939 925 974 ad
965 940 1105 986 formam
1133 940 1242 975 analo-

366 993 499 1031 gantem
510 996 578 1023 non
596 987 727 1031 possunt
749 987 809 1022 fibi
832 988 994 1025 ullatenus
1014 991 1077 1028 effe
1097 989 1240 1035 limiles3

365 1033 418 1067 sed
433 1034 607 1070 necessarie>
617 1035 736 1083 debent
750 1040 812 1073 effe
822 1039 989 1086 dissimiles
1000 1065 1007 1073 .
1032 1044 1078 1073 Et
1090 1038 1241 1083 confirma·

365 1090 432 1115 tur:
460 1086 551 1132 Quia
562 1085 603 1121 de
615 1087 874 1133 quibuscumque
886 1089 1000 1130 rebus,
1026 1091 1192 1135 quaeinter
1210 1092 1241 1131 se

365 1132 840 1181 habent'proportionalitatem
855 1140 895 1173 ad
910 1139 1042 1186 aliquod
1066 1140 1155 1174 idem
1181 1150 1240 1177 ter-

368 1183 476 1235 tium,
503 1186 710 1232 restedwere
723 1187 862 1224 dicimus
878 1214 889 1233 ‚
913 1190 993 1224 licut
1007 1191 1037 1224 se
1051 1189 1147 1224 habet
1175 1188 1240 1231 hoc

364 1233 405 1266 ad
417 1236 498 1271 illud
513 1260 525 1277 ,
536 1269 541 1274 ,
552 1238 597 1272 ita
609 1238 708 1273 etiam
722 1240 752 1273 se
766 1237 863 1283 habet
875 1239 961 1273 istud
974 1238 1013 1272 ad
1025 1239 1128 1273 illud:
1153 1251 1239 1283 nam,

364 1286 414 1319 uti
428 1287 537 1331 statim
549 1287 697 1324 dicebam
715 1313 726 1329 ,
753 1289 811 1323 ista
823 1289 867 1323 est
883 1288 1021 1324 formul-a
1037 1290 1208 1333 verborum
1228 1314 1239 1338 2

364 1336 482 1385 quibus
517 1337 680 1377 ordinarie
717 1339 1058 1382 proportionalitatem
1087 1340 1239 1384 exprimi-

363 1396 455 1420 mus.
484 1388 589 1431 Atqui
610 1388 651 1422 de
674 1390 855 1434 analoga-tis
879 1400 1045 1434 nunquam
1069 1392 1140 1424 vere
1160 1388 1239 1429 dici-

363 1447 437 1470 mus
447 1462 457 1479 ,
486 1437 567 1471 licut
580 1438 611 1471 se
623 1438 721 1481 habet
733 1439 798 1473 hoc
812 1440 1024 1485 analogatum
1038 1439 1077 1475 ad
1098 1441 1238 1482 formam

363 1487 596 1531 analogantem
610 1512 620 1528 ‚
649 1490 799 1523 itaetiam
815 1488 950 1532 sehabet
968 1490 1049 1525 illud
1061 1490 1102 1526 ad
1126 1489 1217 1525 illam
1231 1501 1239 1532 ς

362 1539 414 1571 uti
436 1536 532 1571 facile
551 1549 656 1580 patere
683 1539 787 1583 potest
800 1551 840 1579 ex
856 1540 1047 1585 induitione
1060 1565 1071 1581 ‚
1092 1532 1178 1585 ‘verba
1190 1552 1238 1585 gr.

363 1597 432 1620 non
445 1588 518 1621 vere
529 1588 670 1621 dicimus
681 1611 692 1629 ,
719 1589 800 1625 ficut
815 1590 845 1622 se
859 1588 956 1625 habet
967 1590 1091 1624 animal
1103 1590 1143 1624 ad
1157 1591 1239 1624 sani-

363 1647 487 1678 tatem,
514 1637 559 1681 ita
573 1636 713 1672 sehabet
726 1638 889 1685 medicina
913 1639 953 1674 ad
970 1640 1076 1682 illam:
1104 1641 1184 1679 ficut
1207 1641 1239 1683 se

363 1685 460 1726 habet
483 1686 586 1730 homo
599 1688 638 1722 ad
653 1688 774 1728 risum,
799 1689 840 1722 lic
865 1689 895 1723 se
923 1688 1020 1730 habet
1048 1701 1175 1733 pratum
1197 1690 1238 1733 ad

363 1737 455 1771 illam
469 1760 481 1775 ‚
506 1737 568 1772 διε.
582 1739 697 1772 Homo
710 1739 831 1783 quippe
844 1737 939 1772 habet
951 1740 983 1783 se
994 1740 1033 1774 ad
1048 1740 1147 1782 risum
1160 1739 1239 1773 ficut

363 1786 539 1830 subjeetum
550 1788 590 1821 ad
603 1789 743 1831 formam
756 1789 812 1822 fibi
832 1787 1045 1823 inhaerentem
1064 1789 1156 1830 vere;
1172 1799 1239 1832 pra-

363 1847 434 1870 tum
450 1836 702 1880 verotamquam
718 1837 758 1871 ad
781 1838 920 1882 formam
945 1839 1002 1879 sibi
1028 1837 1237 1881 inhaerentem

363 1884 572 1920 solummodo
584 1882 860 1931 fimilitudinarief
889 1888 978 1931 Ergo
990 1888 1133 1932 analoga
1158 1900 1238 1921 nun·

364 1948 461 1980 quam
472 1938 554 1969 inter
567 1936 597 1969 se
610 1935 726 1970 habere
739 1937 869 1979 possunt
884 1938 1238 1983 proportionalitatem,

366 1998 437 2030 quae
447 1986 723 2031 respicitformam
736 1986 986 2030 analogantem‚
1046 2027 1050 2030 .
1229 1986 1233 1991 '

378 2036 380 2039 ’
418 2037 472 2084 69.
499 2036 574 2069 Hac
585 2037 664 2081 ergo
683 2037 716 2080 in
729 2047 818 2079 parte
841 2046 894 2084 per
916 2036 1115 2076 diametrum
1135 2046 1237 2078 oppo-

367 2098 429 2121 nor
444 2086 623 2130 Cajetano:
654 2086 710 2118 ille
724 2086 814 2119 enim
825 2084 896 2127 vult
911 2085 1082 2126 pei-festam
1108 2094 1238 2126 propot-

368 2136 586 2175 tionalitatcm
607 2134 670 2167 effe
691 2133 943 2166 fundamentum
969 2133 1109 2175 perfectae
1129 2132 1239 2164 analo·

368 2186 450 2230 giae:
478 2182 926 2228 ibiqueeffeperfetstiffimam
952 2180 1158 2225 analogiam,
1182 2180 1236 2221 ubi

367 2235 413 2269 est
429 2234 648 2278 perfectissima
671 2229 974 2276 proportionalitas.
1005 2231 1079 2274 Ego
1103 2230 1178 2264 vero
1198 2240 1238 2271 eat

368 2285 517 2329 opposito
528 2284 606 2317 dico
629 2283 797 2325 perfectam
812 2279 1153 2323 proportionalitatem
1178 2279 1239 2322 else

366 2333 618 2371 fundamentum
629 2331 663 2364 ἀ
674 2332 813 2365 cauffam
827 2330 968 2374 perfectae
980 2329 1238 2373 univocationis;

368 2383 479 2428 ibique
490 2384 557 2416 esse
580 2380 831 2424 perfestiffimam
852 2378 1151 2419 univocationem,
1181 2376 1237 2412 ubi

369 2434 414 2469 est
435 2432 657 2478 perfetiiffima
680 2431 987 2475 proportionalitas:
1014 2434 1104 2463 Ratio
1123 2429 1160 2477 est
1186 2430 1237 2470 cla·

370 2497 431 2519 ra:
451 2483 529 2528 quia
550 2481 597 2516 ibi
619 2481 663 2515 est
678 2480 900 2532 perfestisfima
922 2480 1115 2515 univocatio
1134 2504 1145 2520 ,
1183 2478 1240 2512 ubi

371 2538 448 2570 sunt
468 2531 688 2577 perfetiiffima
710 2531 884 2574 univocata
898 2544 908 2563 .·
935 2532 1024 2574 atqui
1052 2541 1099 2574 res
1121 2526 1238 2562 haben·

370 2596 419 2619 nes
431 2577 766 2628 proportionalitatem
785 2580 1039 2623 perfestiffimam
1052 2580 1092 2613 ad
1103 2579 1238 2619 eandem

370 2636 510 2669 formam
534 2658 543 2673 ‚
578 2634 653 2666 sunt
686 2630 1132 2676 perfeGiffimaunivocata:
1161 2629 1240 2673 ergo

373 2685 422 2719 ibi
445 2685 487 2718 est
515 2683 733 2728 perfeCiiffima
755 2681 947 2719 univocatio
970 2705 980 2722 ‚
999 2681 1052 2714 ubi
1078 2679 1122 2712 est
1144 2679 1239 2721 perfe-

370 2733 659 2783 stiffimaplurium
684 2734 722 2775 ad
746 2731 893 2766 eamdem
918 2732 1054 2765 formam
1084 2729 1238 2778 proporti-

369 2785 556 2820 tionalitas.
585 2783 732 2816 Probatur
745 2786 841 2814 minor
853 2797 864 2816 .·
888 2782 964 2827 quia
977 2780 1149 2816 univocata
1162 2780 1237 2812 sunt

372 2847 419 2870 res
440 2836 547 2879 plures
573 2833 659 2867 idem
680 2832 818 2876 ejusdem
835 2832 925 2865 vocis
951 2829 1129 2873 principale
1142 2829 1237 2872 figni-

372 2887 505 2919 ficatum
523 2907 533 2924 ,
560 2872 624 2923 nie
646 2881 782 2917 eandem
804 2881 948 2924 ejusdem
977 2881 1067 2921 vocis
1093 2879 1233 2911 formam

372 2936 530 2978 habentes
556 2935 587 2967 se
614 2933 647 2966 in
674 2933 812 2967 eodem:
840 2930 929 2974 atqui
958 2941 1005 2964 res
1031 2929 1071 2963 ad
1097 2927 1235 2962 eandem

363 2987 507 3027 formam
523 2982 676 3017 habentes
689 2981 1040 3027 proportionalitatem,
1056 2977 1178 3013 habent
1202 2979 1237 3011 il-

350 3037 438 3070 lam
451 3036 589 3076 formam
601 3033 717 3068 eodem
727 3029 827 3069 modo
842 3043 898 3064 :ac
909 3041 957 3074 res
969 3030 1009 3064 ad
1022 3028 1158 3069 eandem
1173 3030 1233 3062 for·

373 3097 460 3120 mam
482 3084 637 3118 habentes
662 3082 918 3128 perfectissimam
951 3078 1235 3123 proportionalita-

374 3147 439 3169 tem
453 3134 594 3178 ,liabent
607 3133 697 3177 illam
716 3134 855 3167 formam
878 3128 1098 3175 perfectissime
1118 3128 1235 3168 eodem

375 3186 493 3219 modo.
524 3184 612 3228 Ergo
633 3196 680 3218 res
698 3183 737 3217 ad
758 3181 894 3216 eandem
918 3182 1058 3222 formam
1081 3179 1237 3213 habentes

376 3234 630 3276 perfestiffimam
644 3232 986 3277 proportionalitatem
999 3230 1238 3274 suntperfestis-
1252 3221 1254 3243 ³

376 3285 656 3327 fimaunivocat23
682 3282 867 3326 habentque
899 3282 983 3315 inter
1014 3282 1046 3314 se
1061 3279 1238 3323 perfectiffi-

375 3343 462 3366 marn
482 3335 749 3368 univocationem
774 3357 781 3364 .
823 3331 909 3364 Proh.
931 3337 1002 3363 min.
1030 3330 1106 3374 quia
1126 3340 1174 3364 res
1196 3328 1237 3363 ad

374 3382 509 3415 eandem
541 3385 679 3418 formam
708 3382 862 3425 habentes
896 3380 1236 3425 proportionalitatem

374 3431 450 3465 sunt
467 3442 513 3464 res
524 3429 677 3469 hahentes
686 3432 823 3467 similem
840 3455 850 3471 ,
873 3431 936 3464 live
947 3431 1085 3465 eandem
1109 3429 1236 3465 habitu-

373 3480 483 3516 dinem
497 3479 536 3515 ad
548 3480 639 3515 istam
654 3484 790 3517 Formam
807 3495 813 3513 :
836 3482 956 3522 anjam
964 3480 1067 3522 statim
1079 3483 1148 3515 dixi
1160 3506 1167 3513 ·
1182 3480 1237 3520 Ate

1307 150 1446 199 Dua.
1490 153 1611 201 V111.
1660 147 1667 154 ³

1303 237 1358 281 qui
1370 236 1531 281 habitudo
1541 238 1588 282 ‘rei
1601 235 1640 272 ad
1653 238 1795 282 formam
1806 236 1851 279 est
1865 235 2017 274 habentia
2031 238 2140 272 sormae
2160 229 2182 272 ἱ

1303 299 1336 321 re
1348 312 1359 328 ,
1386 289 1449 322 five
1459 289 1503 323 est
1516 287 1720 323 inexistentia
1733 313 1743 329 ,
1774 289 1827 322 seu
1839 289 1955 329 modus
1978 289 2176 325 inexistendi

1305 334 1416 372 formae
1430 340 1464 372 in
1479 350 1528 372 re:
1554 344 1700 381 ¹utitinam
1719 338 1830 380 ostend}
1843 362 1850 370 .
1879 336 2038 383 Adeoque
2048 340 2089 374 ad
2101 350 2176 374 ean·

1304 388 1378 422 dem
1391 389 1496 432 forma
1518 388 1636 427 habere
1648 389 1786 426 ssmilem
1801 386 2027 428 habitudinem
2039 390 2085 424 est
2102 401 2176 425 ean-

1304 437 1379 471 dem
1389 438 1527 472 formam
1540 439 1659 476 habere
1670 440 1788 474 eodem
1803 450 1839 472 ac
1850 437 1948 471 fimili
1961 439 2062 473 modo
2073 452 2083 479 .:
2094 450 2176 486 ergo

1303 498 1353 530 tes
1363 488 1403 522 ad
1415 488 1553 523 eandem
1564 488 1706 524 formam
1721 489 1879 524 habentes
1892 487 2174 531 proportionalita-

1304 548 1371 572 tem
1383 536 1504 582 habent
1519 539 1614 583 istam
1626 540 1770 585 formam
1786 541 1822 583 in
1838 541 1870 582 se
1894 538 2014 581 eodem
2029 549 2069 579 ac
2080 538 2175 581 fimili

1305 588 1424 631 modo,

1353 647 1408 686 70.
1438 637 1551 674 Altera
1561 639 1781 684 analogorum
1794 637 1908 679 divisio
1920 648 1991 673 erat
2015 637 2050 679 in
2061 638 2178 673 analo,

1304 700 1344 732 ga
1354 687 1854 733 'aequalitatis&inaequalitatis.
1883 693 1972 723 circa
1985 699 2073 731 quam
2095 697 2179 731 prae·

1302 740 1385 781 cipu?
1408 743 1552 781 quaeritur
1566 751 1573 772 :
1602 751 1644 774 an
1656 739 1774 774 dentur
1785 738 1923 784 analoga
1937 738 2178 782 inaequalitatis,

1304 789 1368 831 five
1389 801 1431 825 an
1451 789 1519 827 sola
1540 790 1723 834 aliquarum
1762 799 1867 823 rerum
1914 789 1947 829 in
1982 789 2178 832 perfectione

1304 839 1529 881 inaequalitatis
1552 862 1563 881 ,
1600 841 1637 874 fit
1668 839 1828 883 sufficiens
1852 838 2102 883 fundamentum
2135 849 2176 879 ae

1302 891 1407 924 caussa
1428 890 1588 936 analogiae
1604 891 1620 923 ἒ
1641 890 1782 934 analoga
1820 889 1910 927 enirn
1939 889 2169 934 inaequalitatis

1304 950 1424 977 vocant
1439 941 1542 985 plures
1552 951 1601 984 res
1621 940 1819 985 significatas
1828 950 1881 983 per
1894 938 2032 982 ,eandem
2045 949 2174 980 vocem,

1303 991 1335 1023 in
1351 990 1547 1034 perfectione
1567 989 1728 1031 essentiali
1746 989 1938 1033 inaequales.
1966 988 2086 1035 Qales
2101 1000 2128 1022 v.
2141 1001 2174 1034 g.

1304 1041 1376 1080 sunt
1389 1040 1482 1077 Deus
1500 1040 1533 1075 ὅ(
1555 1050 1697 1075 creatura
1710 1062 1720 1078 ‚
1746 1039 1921 1081 substantia
1941 1040 1975 1082 ec
1998 1039 2175 1079 accidens,

1303 1091 1442 1134 respectu
1463 1090 1554 1124 vocis
1574 1102 1644 1124 ens.
1671 1086 1830 1133 ,Quaeritur
1840 1092 1932 1134 erga.-
1958 1100 2000 1124 an
2024 1090 2092 1125 sola
2116 1089 2176 1123 ista

1302 1140 1482 1174 effcntialis
1493 1140 1692 1184 inaequalitas
1702 1139 1737 1173 sit
1749 1140 1910 1175 sufficiens
1921 1140 2082 1184 analogiae
2103 1140 2178 1172 fun-

1301 1189 1492 1231 damentum
1507 1191 1519 1223 ?
1533 1190 1566 1233 ὄε
1576 1189 1751 1224 dicendum
1765 1189 1809 1222 est
1821 1189 1911 1232 quod
1923 1199 1990 1223 non
2000 1215 2009 1224 .
2029 1192 2118 1229 Ratio
2127 1188 2175 1232 est:

1301 1239 1376 1284 quia
1386 1240 1539 1285 analogia
1550 1240 1611 1274 elle
1624 1250 1692 1273 non
1704 1239 1808 1282 potest
1827 1238 1897 1279 fine
1919 1238 2048 1275 diverso
2070 1237 2176 1277 modo

1302 1288 1515 1334 participandi
1528 1289 1615 1323 idem
1627 1288 1770 1331 ejusdem
1784 1288 1873 1329 vocis
1895 1289 2032 1324 formale
2057 1288 2178 1333 fignifi-

1301 1349 1409 1373 catum
1422 1352 1429 1372 τ
1444 1345 1488 1375 uti
1497 1348 1586 1387 paret
1595 1350 1633 1374 ex
1646 1337 1789 1379 habimus
1799 1338 1890 1380 diffls
1900 1363 1908 1370 .
1939 1339 2041 1384 Atqui
2054 1339 2175 1382 aliqua·

1301 1399 1371 1433 rum
1383 1401 1488 1424 rerum
1502 1390 1535 1424 in
1551 1388 1747 1434 perfectione
1756 1388 1958 1432 inaequalitas
1971 1399 2038 1428 non
2051 1389 2175 1431 semper

1301 1440 1407 1474 secum
1421 1440 1518 1484 trahit
1531 1439 1694 1481 diversum
1707 1439 1844 1480 modum
1856 1437 2071 1487 participandi
2087 1449 2097 1495 ξ
2120 1435 2176 1473 sed
2198 1476 2200 1478 ,

1300 1489 1422 1532 optime
1434 1490 1515 1524 stare
1528 1490 1631 1534 potest
1644 1500 1719 1529 cum
1737 1488 1852 1523 eodem
1865 1487 1969 1523 modo
1983 1487 2176 1532 participan-

1299 1539 1332 1574 di
1346 1539 1429 1573 idem
1444 1538 1587 1582 ejusdem
1609 1538 1845 1579 vocisformale
1869 1537 2104 1581 fignificatum:
2127 1547 2176 1571 er·

1299 1589 1344 1633 go
1357 1590 1423 1623 sola
1437 1588 1639 1633 perfectionis
1650 1589 1854 1631 inaequalitas
1868 1599 1935 1623 non
1947 1587 1992 1621 est
2010 1587 2175 1623 sufficiens

1301 1639 1554 1674 fundamentum
1576 1638 1754 1682 analogiae.
1782 1637 1930 1671 Probatur
1953 1640 2045 1670 minor
2061 1650 2073 1670 .·
2096 1637 2175 1680 quia.

1302 1687 1405 1731 homo
1419 1688 1550 1726 brutum
1562 1689 1702 1732 respectu
1715 1687 1886 1728 animalis,
1913 1687 1992 1720 item
2003 1686 2127 1722 animal
2139 1687 2176 1721 &

1302 1738 1409 1782 planta
1422 1739 1562 1782 respectu
1577 1739 1716 1785 viventis
1729 1762 1740 1779 ,
1761 1738 1841 1773 item
1855 1734 1958 1771 homo
1969 1736 2000 1773 &
2014 1738 2103 1771 Deus
2115 1737 2177 1771 tes-

1301 1785 1394 1832 pecta
1406 1788 1587 1832 substantiae
1599 1788 1630 1822 δε
1643 1789 1726 1822 entis
1741 1812 1751 1827 ,
1776 1787 1838 1820 &c.
1850 1786 2108 1830 suntinaequales
2137 1785 2176 1819 in

1302 1838 1518 1880 perfectione:
1547 1838 1636 1886 atqui
1652 1848 1759 1879 tamen
1781 1836 1897 1870 eodem
1919 1835 2025 1876 modo
2041 1835 2172 1884 partici-

1301 1898 1380 1932 pant
1418 1888 1504 1929 idem
1540 1888 1680 1931 ejusdem
1720 1887 1810 1923 vocis
1846 1885 1981 1924 formale
2006 1885 2175 1930 fignifica-

1301 1935 1394 1971 tum:
1420 1938 1468 1979 μή
1495 1938 1540 1970 est
1568 1938 1717 1981 clarum.
1765 1935 1856 1980 Ergo
1882 1934 2082 1978 inaeqnalitas
2110 1945 2176 1981 per·

1302 1986 1452 2019 fectionis
1478 1985 1559 2024 stare
1586 1988 1689 2029 potest
1718 1996 1792 2026 cum
1820 1983 1988 2018 identitate
2015 1983 2109 2018 modi
2120 1984 2175 2018 bn·

1303 2034 1421 2077 bendi:
1447 2033 1593 2079 adeoque
1620 2036 1687 2072 sola
1718 2034 1775 2069 ista
1802 2033 2011 2078 perfeetionis
2035 2033 2177 2077 inaequa-

1302 2086 1376 2117 litas
1393 2107 1404 2123 ,
1442 2084 1498 2116 nisi
1527 2084 1660 2119 accedat
1686 2084 1828 2125 diversus
1855 2081 1996 2125 habendi
2035 2085 2176 2124 modus,

1302 2131 1415 2177 nequit
1442 2132 1580 2174 cauffare
1606 2133 1814 2174 analogiam.

1351 2192 1406 2229 71.
1423 2180 1548 2216 Eodem
1560 2190 1757 2225 argumento
1768 2178 1916 2223 probabis
1927 2204 1939 2220 ‚
1965 2180 2055 2223 quod
2067 2191 2174 2223 neque

1299 2231 1451 2275 analogia
1472 2230 1527 2263 fita
1549 2231 1587 2264 fit
1608 2230 1642 2264 in
1669 2230 1756 2271 vocis
1780 2228 2035 2272 transcendentia
2057 2255 2068 2272 ,
2106 2231 2175 2270 five

1301 2280 1389 2325 quod
1404 2279 1470 2321 loia
1484 2279 1747 2317 transcendentia
1773 2290 1841 2311 non
1861 2279 1897 2320 fit
1916 2275 2078 2313 sufficiens
2101 2281 2174 2313 fun-

1301 2329 1493 2370 damentum
1505 2353 1515 2368 ‚
1542 2329 1691 2370 &caussa
1703 2326 1877 2372 analogiae.
1907 2328 1999 2375 Qia
2010 2327 2094 2371 nihil
2115 2339 2174 2372 po-

1302 2379 1360 2414 test
1373 2379 1512 2421 cauffare
1522 2378 1708 2423 analogiam
1721 2403 1731 2419 ,
1760 2379 1816 2411 nifi
1828 2376 1916 2422 quod
1929 2377 2042 2420 fundat
2065 2378 2100 2419 ,ὄι
2123 2389 2173 2413 ca·

1303 2430 1382 2464 uffat
1406 2429 1567 2463 diversum
1593 2428 1729 2463 modum
1755 2427 1896 2467 habendi
1921 2428 2007 2462 idem
2028 2428 2172 2472 ejuldem

1304 2479 1540 2529 vocisformale
1551 2478 1784 2528 fignificatum:
1805 2477 1895 2521 atqui
1918 2478 1986 2515 sola
2010 2479 2173 2520 transcen-

1301 2529 1409 2565 dentia
1424 2528 1512 2563 hunc
1524 2528 1685 2570 diversum
1707 2527 1842 2562 modum
1866 2538 1932 2560 non
1951 2527 2088 2570 fundat:
2117 2527 2171 2562 sed

1300 2578 1424 2622 optime
1435 2579 1493 2612 stat
1505 2589 1579 2611 cum
1591 2576 1759 2618 identitate
1787 2577 1876 2609 modi
1898 2574 1981 2611 habe
2007 2577 2061 2618 di:
2087 2588 2170 2622 ergo

1301 2629 1366 2670 s9¹²
1379 2627 1636 2669 transcendentia
1652 2638 1719 2661 non
1730 2627 1775 2660 est
1786 2627 1857 2661 suffi
1879 2625 1886 2633 ⁸
1910 2637 1945 2660 ns
1967 2627 2169 2668 fundamen·-

1300 2689 1368 2712 tum
1382 2677 1539 2721 analogiae
1554 2702 1559 2708 .
1578 2677 1723 2710 Probatur
1734 2682 1829 2708 minor
1842 2689 1853 2709 .·
1867 2677 1943 2719 quia
1960 2687 2019 2710 ens
2029 2676 2074 2711 est
2085 2685 2168 2712 tran-

1299 2728 1453 2771 scendens
1475 2728 1613 2770 respestu
1629 2726 1780 2761 omnium
1798 2727 1928 2762 suorum
1943 2723 2136 2767 inferiorum
2157 2739 2166 2759 :

1299 2780 1387 2822 atqui
1410 2788 1518 2811 tamen
1545 2778 1658 2811 omnia
1678 2776 1832 2821 inferiora
1854 2776 1939 2817 entis
1961 2776 2048 2816 idem
2080 2777 2167 2812 entis

1298 2829 1433 2872 formale
1446 2827 1659 2872 significatum
1675 2827 1708 2861 in
1721 2827 1750 2859 se
1761 2824 1882 2860 habent
1903 2826 2019 2861 eodem
2044 2827 2167 2864 modo:

1297 2884 1340 2912 uti
1352 2880 1419 2915 dixi
1432 2878 1520 2920 dubio
1533 2889 1561 2923 7.
1591 2875 1680 2921 Ergo
1691 2876 1952 2911 transcendentia
1965 2876 2091 2919 optime
2104 2888 2168 2911 co·-

1298 2928 1393 2962 haeret
1404 2939 1479 2962 cum
1492 2926 1660 2969 identitate
1671 2926 1764 2959 modi
1773 2923 1913 2960 habendi
1926 2924 2011 2970 idem
2022 2926 2167 2970 ejusdem

1298 2980 1386 3022 vocis
1407 2978 1545 3013 formale
1562 2977 1777 3021 significatum
1793 3000 1800 3008 .

1348 3040 1401 3077 72.
1429 3028 1546 3069 Tertia
1555 3027 1770 3072 analogorum
1784 3025 1897 3066 divisio
1910 3025 2022 3066 eratin
2043 3025 2166 3059 extrin-

1297 3081 1363 3121 seca
1376 3102 1387 3118 ‚
1412 3078 1650 3120 &intrinsecaz
1674 3076 1890 3120 praecipueque
1910 3075 2063 3119 quaeritur
2082 3088 2090 3114 ς
2108 3080 2164 3117 *an

1296 3129 1412 3163 dentur
1423 3128 1562 3173 analoga
1576 3127 1746 3168 intrinseca
1759 3127 1771 3158 ?
1783 3136 1942 3162 vocantur
1956 3124 2031 3159 vero
2050 3119 2162 3160 anald-

1296 3190 1336 3223 ga
1347 3179 1524 3213 extrinseca
1536 3202 1547 3219 ,
1561 3177 1666 3221 plures
1677 3186 1722 3210 res
1738 3175 1923 3219 fignificatae
1934 3176 2001 3219 'per
2025 3170 2164 3213 eandem

1296 3227 1433 3269 vocem,
1460 3239 1598 3273 quarum
1619 3237 1683 3260 una
1696 3225 1782 3260 idem
1804 3224 1892 3264 istius
1914 3226 2003 3264 vocis
2025 3224 2164 3259 formale

1296 3278 1510 3323 significatum
1533 3276 1630 3312 habet
1653 3275 1711 3309 fibi
1731 3275 1967 3318 intrinsecum3
1993 3274 2057 3309 alia
2085 3273 2162 3318 vero

1297 3326 1391 3363 habet
1406 3329 1486 3372 illud
1501 3327 1555 3362 libi
1566 3325 1782 3370 extrinsecum
1796 3350 1803 3357 .
1829 3324 1930 3359 Talia
1942 3326 2014 3358 sunt
2027 3323 2163 3364 animal,

1297 3379 1461 3414 medicina
1475 3403 1487 3419 ‚
1501 3378 1615 3421 urina,
1635 3377 1776 3420 refpediu
1795 3375 1884 3410 vocis
1903 3373 2032 3418 sanum:
2059 3373 2163 3409 homo

1297 3430 1444 3473 pietus&
1457 3429 1548 3464 vivus
1562 3427 1700 3470 respectu
1729 3426 1821 3459 vocis
1844 3424 1946 3466 bomq;
1973 3423 2165 3458 hnmanitas

1296 3480 1416 3524 quippe
1440 3476 1665 3526 principaliter
1692 3475 1869 3523 fignificata
1899 3484 1952 3520 pet
1977 3485 2092 3509 vocem
2116 3474 2166 3507 ho·

2049 3534 2094 3558 mo
2105 3547 2117 3564 ,
