2384 3770
849 128 1518 179 Dareusrouts,

280 213 401 249 facitis.
431 211 520 246 Nam
530 223 644 247 omnes
657 210 706 245 illi
719 218 781 255 tres
792 211 985 258 Syllogismi
999 213 1071 248 sunt
1083 213 1145 247 for-

278 263 405 298 maliter
417 263 495 297 boni
512 287 523 303 ,
548 263 727 306 &quidem
750 263 879 306 perfeffl
894 286 905 302 ‚
931 273 970 296 ac
987 261 1146 299 diressiin

267 337 271 340 .
279 312 381 356 prima
393 313 496 358 figura
508 327 516 346 ε
528 313 771 356 Cujuscumque
784 299 865 355 ergti
878 313 1144 355 consequentiam

279 363 477 407 negaveritis
495 385 506 401 ‚
531 363 617 397 male
639 360 769 406 egeritis
788 385 796 392 .
827 360 1010 397 Audiamus
1033 373 1143 398 tamen

270 414 378 447 etiam
391 424 503 448 eorum
514 413 699 447 instantiam
711 434 719 443 .
746 410 836 447 Calor
850 423 887 446 ex
897 418 1023 454 propria
1035 420 1145 450 natura

275 459 331 504 l‘ua
352 463 539 505 calefaEiva.
553 462 692 504 producit
719 461 863 494 calorem:
891 466 1009 506 Ergone
1028 461 1144 506 fi’mper

278 519 393 547 virtute
412 513 565 556 propria?
590 515 643 550 Uti
660 519 749 552 patet
773 511 898 554 inferro
909 518 1024 556 ignito,
1049 524 1142 557 nega-

274 573 328 596 tur
341 588 347 596 .
361 566 407 597 Et
417 569 463 600 ita
475 565 566 601 etjam
578 566 610 593 in
622 561 691 596 aliis
700 567 844 602 potemur
854 586 861 594 .
884 563 922 597 In
934 563 1051 606 quibus
1061 574 1142 606 quae-

277 617 337 649 so?
362 616 447 661 Qis
468 623 611 656 unquam
633 612 677 646 ita
703 610 956 654 philosophatus
977 612 1040 651 fuit
1062 637 1075 653 ,
1103 623 1138 652 ut

274 667 438 708 potentias
448 665 578 702 actuum
599 662 731 699 suorum
743 663 866 700 caussas
878 663 1139 700 instrumentales

273 714 415 750 dixerit?
441 713 628 747 Franciscus
639 713 759 751 Svarea
773 710 807 745 id
820 712 953 755 quidem
968 713 1138 752 affirmavit

274 766 316 799 de
335 763 491 809 potentiis
511 763 654 806 respestu
671 763 802 801 assuum
826 762 1137 805 supernaturalium3

274 826 308 849 at
320 814 395 849 vero
406 815 543 858 respefiu
559 812 690 850 astuum
713 811 910 845 naturalium
923 837 934 853 ,
961 813 1069 850 nullus
1081 824 1136 846 un·

272 875 370 908 quam
392 864 555 905 &nemos
583 862 617 896 Si
631 871 690 894 vos
701 861 799 904 primi
824 862 889 895 esse
911 863 1041 903 velitis,
1068 875 1135 896 non

273 914 407 957 potestis
430 911 512 951 illud
531 913 713 954 supponere
735 935 746 953 ‚
773 910 829 947 sed
866 911 990 948 debetis
1028 911 1137 955 proba-

268 975 331 1001 re,-
357 963 490 1002 Etenim
509 959 667 996 sententia
691 958 711 992 ὲ
740 960 791 1000 via
820 962 993 1000 communi
1012 960 1137 998 exorbi-

271 1024 347 1048 tans
357 1022 526 1058 nunquam
546 1012 592 1046 est
614 1010 849 1054 supponenda,
875 1012 929 1051 sed
953 1012 1137 1052 firmiffimis

264 1074 309 1097 ac
319 1061 545 1103 efficaciffimis
556 1059 740 1100 rationibus
760 1060 948 1104 probanda.
977 1063 1064 1109 Qis
1077 1074 1133 1096 un-

271 1124 371 1157 quam
391 1113 534 1148 calorem
544 1112 631 1148 dixit
647 1111 789 1155 respeQu
803 1111 932 1149 alterius
948 1112 1066 1148 caloris
1076 1114 1137 1146 esse

267 1163 412 1198 cauffam
438 1159 718 1201 instrumentalem
743 1162 758 1195 2
789 1160 866 1201 Scio
887 1186 899 1203 ‚
924 1162 1078 1197 dixerunt
1099 1162 1132 1196 id

271 1214 376 1258 aliqui
402 1212 605 1251 Thomistae:
636 1210 686 1245 At
709 1211 809 1245 nimis
829 1211 931 1252 male.
963 1211 1054 1250 Nam
1078 1223 1136 1246 cur

269 1264 359 1297 calor
367 1264 412 1297 est
425 1263 533 1301 minus
553 1261 742 1307 principalis
753 1261 859 1303 caussa
870 1262 987 1296 caloris
999 1287 1009 1302 ,
1036 1273 1133 1307 quam

205 1349 207 1352 ,
222 1350 227 1354 ,
266 1311 373 1348 homo
384 1311 531 1354 hominis
543 1336 555 1353 ,
580 1322 637 1348 aut
650 1311 781 1346 brutum
794 1310 906 1350 bruti?
930 1310 968 1345 ld
986 1323 1051 1357 ego
1065 1323 1131 1346 non

268 1362 380 1397 video.
412 1363 527 1401 Tanta
547 1362 639 1400 enim
661 1383 672 1400 ,
698 1360 769 1406 inno
788 1362 931 1402 omnino
949 1361 1063 1400 eadem
1086 1362 1131 1396 est

266 1413 440 1457 proportio
450 1415 535 1450 inter
546 1412 690 1452 calorem
711 1411 745 1449 &
756 1412 899 1450 calorem
908 1434 919 1451 ,
944 1424 1015 1456 quae
1026 1411 1072 1446 est
1087 1412 1133 1445 in·

267 1474 315 1497 ter
325 1462 495 1502 hominem
505 1462 540 1496 δι
551 1462 722 1499 hominem
734 1486 746 1502 ‚
771 1461 856 1501 inter
871 1461 1003 1502 brutum
1015 1461 1050 1499 ἀ
1063 1460 1131 1501 bru-

268 1522 339 1546 tum
352 1527 364 1546 .-
391 1513 482 1551 Nam
493 1511 614 1554 ubique
625 1512 670 1545 est
682 1511 853 1552 proportio
865 1511 975 1543 fimilis
996 1511 1038 1544 ad
1051 1510 1132 1544 fimi-

265 1561 298 1595 le
313 1586 320 1593 .
347 1560 454 1605 Atqui
467 1560 637 1604 proportio
657 1567 781 1601 reperta
803 1557 888 1594 inter
909 1557 1079 1598 hominem
1098 1562 1131 1595 ἀ

264 1610 460 1651 hominem,
487 1620 544 1647 aut
556 1609 642 1644 inter
651 1617 773 1647 equum
796 1607 830 1640 &
843 1618 964 1650 equum
977 1632 988 1647 ‚
1013 1609 1130 1644 fundat

266 1661 497 1697 cauffalitatem
509 1657 722 1703 principalem
734 1669 741 1689 :
771 1655 862 1700 Ergo
873 1657 960 1695 idem
971 1657 1051 1692 facit
1060 1668 1130 1700 pro·

265 1712 378 1755 portio
389 1719 511 1754 reperta
521 1710 606 1747 inter
617 1707 761 1747 calorem
772 1706 804 1742 ἀ
816 1707 956 1743 calorem
970 1733 978 1740 .
1005 1708 1039 1745 Si
1052 1708 1130 1752 ergo

266 1759 403 1804 reperire
416 1759 538 1797 aveatis
555 1760 735 1802 separatum
760 1755 926 1792 activitate
938 1757 1129 1792 instrumen-

267 1820 337 1850 tum
350 1835 361 1851 ,
386 1809 546 1844 adducere
557 1808 684 1842 debetis
696 1806 787 1850 aliud
799 1807 933 1852 aliquod
943 1831 955 1848 ,
980 1818 1017 1852 ae
1025 1808 1130 1852 magis

266 1870 421 1905 apparens
440 1858 630 1904 exemplum
642 1881 651 1892 .
858 1859 861 1861 ’

415 1955 973 1997 SECT10111.

264 2065 372 2109 Neque
380 2061 458 2098 calar
467 2057 556 2101 ferro,
578 2057 723 2092 candenti
732 2057 893 2098 inexistens
903 2056 941 2099 est
950 2056 1126 2103 separatum

477 2108 479 2110 ’
490 2108 647 2150 αιῖὶυίταιε
657 2107 876 2148 instrumentum
887 2132 895 2149 ,

266 2211 297 2245 8.
394 2209 433 2243 T
442 2219 530 2248 ecce,
540 2207 709 2242 adducunt
720 2205 816 2241 nobis
826 2207 915 2239 aliud
928 2205 1124 2247 exemplum.

420 2258 588 2291 Nimirum
619 2280 630 2295 ‚
658 2255 801 2289 calorem
828 2254 902 2290 ferri
936 2254 1105 2287 candentis
1117 2277 1127 2292 ,

261 2309 322 2347 qui
336 2308 370 2342 in
383 2307 474 2350 stupa
494 2305 550 2340 fibi
563 2304 725 2348 applicata
737 2303 887 2347 producit
908 2304 1048 2337 formam
1060 2301 1127 2335 sub-

265 2357 449 2393 stantialem
474 2355 563 2399 ignis
582 2369 590 2388 :
616 2354 698 2388 Non
721 2363 758 2387 ut
784 2354 890 2388 cauffa
912 2351 1126 2396 principalis;

263 2408 309 2440 est
323 2407 409 2441 enim
422 2405 621 2440 substantiali
644 2404 703 2438 ista
715 2405 820 2438 forma
832 2427 844 2444 ,
869 2414 945 2438 cum
959 2403 997 2435 fit
1008 2412 1125 2445 purum

265 2457 415 2494 accidens
426 2480 438 2497 ,
456 2455 640 2501 ignobilior
651 2467 662 2488 .·
674 2452 764 2498 Ergo,
775 2455 923 2490 utcaussa
934 2451 1125 2488 instrumen-

263 2506 357 2545 talin
370 2506 547 2546 Producit,
558 2506 694 2549 inquam
706 2528 717 2544 ,
728 2505 866 2542 formam
877 2502 970 2536 istam
982 2501 1126 2541 substan·

262 2550 377 2593 tia'lem
383 2565 550 2600 tamquam
562 2555 831 2597 instrumentum;
842 2564 910 2587 non
921 2552 1054 2596 quidem
1062 2553 1125 2586 fer-

262 2610 290 2640 ri
304 2606 483 2648 praesentis,
506 2605 560 2639 sed
571 2604 658 2648 ignis
670 2603 810 2638 absentis
822 2627 833 2643 ,
857 2614 895 2637 ac
904 2601 1119 2638 fibiadistam

263 2655 355 2689 istius
373 2653 590 2688 substantialis
609 2655 720 2686 formae
744 2653 991 2695 produfflonem
1002 2663 1118 2696 nequa-

262 2716 362 2748 quam
379 2704 585 2747 cooperantis
602 2716 613 2736 .·
641 2701 697 2736 Est
714 2701 794 2745 ergo
812 2703 901 2739 calor
924 2702 984 2738 iste
1008 2703 1122 2741 instrue

262 2765 412 2791 mentum
432 2753 596 2788 auivitate
619 2752 798 2795 separatum
820 2775 828 2784 .
846 2750 981 2792 ¹Verum
1003 2763 1119 2794 nequa-

262 2816 362 2848 quam
380 2805 424 2839 ita
441 2804 504 2838 est.
530 2803 587 2837 An
600 2801 690 2839 calor
711 2800 858 2836 effestive
877 2801 1019 2845 attingat
1041 2825 1053 2841 ‚
1077 2813 1118 2836 eo

261 2853 365 2889 modo
386 2866 452 2897 quo
472 2853 631 2897 attingere
652 2852 756 2886 solent
778 2851 1015 2891 instrumenta,
1042 2850 1117 2889 sub-

226 2930 228 2933 -
261 2905 441 2942 stantialem
464 2902 680 2940 substantialis
705 2902 818 2935 formae
849 2901 1116 2943 productionem,

258 2956 343 2991 nolo
364 2955 522 2990 discutere
541 2952 790 2988 autexaminare
802 2975 809 2983 .
837 2951 994 2995 Attingat
1005 2974 1017 2991 ,
1044 2962 1114 2986 non

230 3006 232 3009 '
260 3006 421 3049 attingat:
448 3004 486 3039 ld
511 3014 622 3047 parurn
646 3002 758 3037 refert.
784 3000 818 3035 si
831 3011 941 3039 tamen
952 3001 1115 3046 attingat,

260 3067 330 3089 non
346 3055 483 3099 attingit
504 3063 670 3096 tamquam
690 3051 942 3085 instrumentum
953 3050 1115 3088 attivitate

262 3106 441 3146 separatum
462 3128 474 3145 ‚
499 3103 553 3140 scd
581 3112 749 3146 tamquam
770 3100 1021 3140 instrumentum
1038 3111 1113 3137 cum

263 3156 318 3188 sua
332 3152 503 3198 principali
514 3153 620 3191 cauffa
630 3151 739 3195 quoad
751 3150 947 3187 astivitatem
970 3151 1005 3188 ἀ
1015 3151 1112 3188 aetio·

261 3215 339 3238 nem
350 3204 490 3238 omnino
501 3204 709 3247 conjunctum
721 3223 730 3233 .
742 3199 890 3245 Attingit
900 3200 990 3234 enim
1003 3200 1113 3241 illam,

262 3264 332 3288 non
352 3262 520 3296 tamquam
530 3254 776 3291 instrumentum
796 3251 893 3291 ferri,
919 3260 1025 3294 neque
1035 3260 1113 3284 tam·

261 3313 360 3349 quam
373 3301 623 3339 instrumentum
636 3301 720 3347 ignis
730 3298 888 3342 absentis;
900 3299 954 3336 sed
965 3310 1112 3344 tamqum

260 3354 515 3393 instrumentum
525 3351 626 3396 igneae
638 3350 851 3386 substantialis
870 3349 979 3383 formae
989 3350 1024 3383 in
1035 3361 1114 3384 can-

262 3403 356 3438 denti
367 3404 450 3437 ferro
459 3400 625 3436 existentis
636 3399 883 3436 &informantis
891 3424 899 3432 .
908 3400 947 3435 In
957 3399 1110 3435 candenti

250 3454 383 3499 ,quippe
403 3452 488 3488 ferro
505 3450 644 3490 omnino
661 3451 705 3485 est
719 3451 804 3494 ignis
820 3450 960 3494 &ignea
971 3449 1109 3493 substan-

362 3500 575 3545 Chrss.'L-up1'
601 3505 699 3544 Opera
721 3502 880 3541 Tam-XII.

1944 147 2039 194 347

1210 211 1299 252 ,tialis
1309 213 1415 252 forma
1425 235 1438 253 ‚
1462 222 1535 256 ‚quae
1544 211 1578 247 in
1590 211 1679 257 ignis
1688 212 1902 258 produffione
1923 225 1962 251 ae
1970 215 2069 262 stupa:

1211 260 1474 304 inflammatione
1487 261 1676 305 calorem(ut
1689 265 1836 309 gratuito
1848 266 2069 307 concedamus

1212 312 1307 346 illum
1327 310 1368 345 ad
1380 310 1437 345 has
1448 312 1590 351 adfirmes
1600 324 1788 349 concurrere
1801 316 1814 357 )
1827 316 1959 358 adjuvet
1968 340 1979 356 ,
2007 318 2069 353 ele·

1212 371 1281 402 vet,
1308 361 1428 407 dirigat
1448 383 1459 401 a
1483 360 1638 401 fortificet
1655 388 1668 405 ,
1689 365 1750 399 &c-
1777 366 1939 409 Adeoque
1961 378 2066 411 neque

1211 410 1266 452 hic
1278 410 1368 446 calor
1377 412 1422 446 est
1435 410 1648 451 commodum
1660 412 1790 455 separari
1803 417 1911 461 quoad
1923 417 2066 458 36ὶίνᾷςῆ-

1210 472 1276 496 tem
1288 461 1496 495 instrumenti
1517 462 1706 504 exemplum
1721 486 1727 493 .

1258 522 1288 559 9.
1316 511 1377 547 Ast
1399 512 1570 553 quomodo
1591 512 1625 545 ὅ(
1646 511 1783 553 qualiter
1804 515 1890 558 ignis
1910 528 1947 550 ac
1960 518 2064 551 forma

1207 561 1424 596 substantialis
1432 562 1499 606 ‘jus
1509 561 1617 596 existit
1639 562 1673 595 in
1687 562 1839 596 candenti
1851 566 1959 599 ferro?
1985 567 2065 601 Hoc

1205 624 1309 656 opus,
1338 610 1393 651 hic
1416 613 1507 649 labor
1517 612 1581 645 est.
1610 612 1725 658 Ignem
1747 612 1795 646 ibi
1819 616 1887 647 vere
1909 617 2063 658 existere,

1205 674 1273 700 non
1284 661 1401 698 dubito
1415 686 1426 702 ‚
1453 673 1559 706 neque
1580 662 1821 700 rationabiliter
1842 662 1987 699 dubitari
2009 678 2065 709 po-

1204 713 1284 756 test;
1311 712 1356 744 ast
1370 712 1489 752 modus
1509 711 1691 752 existentiae
1711 711 1805 754 hujus
1818 723 1886 746 non
1905 715 1950 752 est
1965 725 2064 759 nego·

1203 763 1286 802 tium
1297 762 1380 801 adeo
1392 762 1487 797 facile
1499 785 1506 793 .
1534 761 1649 802 Aliqui
1662 761 1817 797 dixerunt
1829 764 1940 806 ignem
1952 765 2064 798 existe-

1202 824 1234 846 re
1256 813 1290 846 in
1304 813 1388 849 ferro
1412 823 1466 854 per
1485 811 1638 845 intimam
1659 813 1919 855 penetrationem
1933 827 1944 846 .·
1965 815 2013 851 Ira
2026 826 2062 849 ur

1202 872 1310 896 toturn
1321 863 1439 895 ferrum
1458 861 1476 894 ὲ
1490 871 1563 895 toto
1578 862 1653 906 igpe
1663 885 1674 901 ‚
1701 862 1734 895 δε
1745 873 1838 896 totus
1861 863 1975 906 ignisa
1987 874 2062 899 toto

1201 921 1383 955 penetretur
1405 911 1489 946 ferro
1506 935 1514 943 .
1541 915 1649 954 Neque
1667 911 1743 951 deest
1764 913 1827 944 illis
1848 917 1946 945 ratio:
1972 913 2062 960 Qia

1201 963 1289 1006 ignis
1301 961 1458 999 traiicitur
1466 971 1520 1004 per
1533 959 1652 998 ferrum
1663 986 1674 1002 ‚
1701 973 1771 998 non
1785 962 1867 996 illud
1876 961 2062 1006 dirumpen-

1199 1011 1245 1047 do
1267 1023 1323 1049 aur
1341 1010 1571 1051 concidendo,
1597 1011 1651 1045 sed
1670 1020 1778 1046 totum
1800 1012 2005 1054 pervadendo
2026 1014 2061 1048 δε

1200 1060 1387 1105 implendo:
1398 1061 1502 1106 Atqui
1514 1061 1618 1099 traiici
1630 1072 1684 1104 per
1694 1062 1827 1105 aliquod
1840 1072 1956 1105 corpus
1966 1086 1978 1103 ‚
1992 1073 2059 1097 non

1200 1112 1282 1149 illud
1304 1111 1512 1151 concidendo
1541 1111 1573 1144 &
1602 1109 1818 1154 dirumpendo
1839 1136 1851 1153 ,
1876 1112 1930 1150 sed
1951 1121 2060 1157 toturn

1200 1159 1407 1205 pervadendo
1428 1161 1463 1201 ὅ(
1484 1160 1653 1203 implendo
1666 1185 1677 1200 ,
1702 1161 1746 1197 est
1772 1161 1854 1196 illud
1877 1172 2054 1205 penetrare:

1202 1211 1268 1247 Uti
1282 1211 1380 1246 tradit
1403 1213 1433 1246 S.
1447 1209 1651 1256 Augustinus
1662 1212 1683 1243 l.
1696 1221 1725 1256 7.
1737 1210 1900 1254 Confeffiuc.
1918 1223 1947 1248 1.
1969 1213 2060 1257 Ergo

1201 1262 1288 1306 ignis
1297 1261 1406 1296 existit
1417 1261 1453 1295 in
1478 1261 1633 1295 candenti
1646 1261 1732 1295 ferro
1747 1272 1801 1304 per
1815 1261 1966 1295 intimam
1979 1273 2061 1305 praeu

1201 1312 1338 1350 sentiam
1359 1323 1396 1346 ac
1410 1310 1667 1355 penetrationem
1678 1334 1686 1342 .
1714 1310 1761 1350 Ast
1772 1310 1820 1344 bis
1834 1322 1883 1355 ego
1903 1322 1961 1344 non
1971 1312 2063 1355 uffen-

1198 1367 1276 1400 tiar:
1302 1361 1438 1400 Etenim
1449 1386 1461 1402 ,
1487 1362 1564 1396 licet
1574 1360 1703 1401 credam
1722 1361 1902 1397 naturalem
1917 1372 2061 1405 penetra-

1199 1412 1327 1450 tionem
1356 1423 1531 1456 corporum
1559 1410 1721 1455 supposito
1756 1411 2033 1448 identificatorum
2043 1436 2056 1453 ‚

1200 1473 1267 1500 non
1279 1462 1377 1497 credo
1392 1470 1502 1499 tamen
1515 1461 1695 1498 naturalem
1717 1461 1976 1505 penetrationem
1990 1473 2062 1497 cor·

1200 1522 1316 1555 porum
1327 1513 1491 1556 suppofito
1512 1511 1758 1553 distinctorum,
1785 1511 1894 1555 qualia
1917 1511 2063 1546 suntfer-

1199 1573 1271 1595 rum
1291 1562 1441 1606 &ignis.
1469 1563 1524 1597 De
1545 1572 1614 1603 quo
1629 1560 1780 1605 latiffime
1804 1567 1837 1603 in
1846 1560 2009 1603 ιταιῖἷαηεο
2022 1562 2061 1596 de

1197 1610 1332 1651 natarali
1350 1617 1490 1651 penetrat
1502 1633 1510 1641 .
1539 1616 1656 1649 corpor.

1250 1669 1305 1696 10.
1332 1659 1388 1692 Ab
1399 1658 1462 1691 hac
1483 1657 1678 1691 difficultate
1690 1658 1722 1691 se
1737 1658 1831 1691 facile
1843 1661 1976 1702 expedit
1989 1659 2065 1697 Cla·¹

1197 1707 1335 1743 riffimus
1345 1705 1497 1748 Thomas
1506 1705 1628 1741 Fienus
1638 1731 1648 1747 ,
1660 1710 1697 1739 In
1709 1709 1823 1750 Apolog.
1836 1717 1938 1741 contra
1951 1713 2063 1747 Santra,-

1195 1762 1304 1798 Grux,
1324 1757 1382 1800 fol.
1393 1767 1449 1805 50.
1469 1759 1503 1792 (av
1515 1752 1597 1800 seqq.
1610 1757 1710 1796 Putat
1720 1757 1855 1800 ignem,
1882 1760 1935 1793 seu
1950 1761 2061 1802 potius

1196 1809 1389 1852 igneitatem
1411 1807 1474 1844 effe
1497 1807 1668 1854 rixidem,
1697 1807 1747 1845 uti
1771 1807 1845 1843 sunt
1869 1810 1978 1848 calor,
2007 1808 2062 1843 fri-r

1195 1868 1273 1901 gns,
1287 1857 1399 1892 lumen
1410 1882 1421 1898 ,
1440 1856 1533 1897 color
1543 1880 1556 1898 ‚
1582 1856 1616 1896 ὃς
1627 1857 1690 1890 alia
1703 1856 1736 1889 id
1748 1868 1869 1900 genus.
1898 1859 2060 1903 Adeoque

1195 1907 1275 1942 ficut
1283 1916 1419 1950 corpora
1439 1907 1512 1939 sunt
1523 1905 1566 1940 ab
1577 1904 1664 1939 hisce
1684 1907 1895 1950 qualitatibus
1908 1908 2061 1947 naturali·

1195 1966 1242 1991 ter
1252 1955 1482 1999 penetrabilia;
1509 1956 1554 1989 ita
1565 1967 1697 1999 quoque
1718 1967 1812 2000 putat
1834 1959 1896 1993 effe
1908 1958 2060 1994 naturali-

1195 2018 1242 2045 ter
1252 2006 1360 2050 pervia
1371 2007 1403 2045 er
1415 2005 1628 2050 penetrabilia
1640 2006 1680 2042 ab.
1693 2006 1853 2050 igneitate
1864 2032 1871 2039 .
1897 2008 2058 2043 Attamen

1194 2056 1379 2091 Clariffimo
1387 2056 1464 2090 huic
1475 2055 1679 2099 philosopho
1691 2068 1759 2099 non
1772 2058 1898 2100 poffum
1908 2056 1992 2097 hanc
2004 2057 2058 2097 hav

1195 2107 1268 2142 bere
1282 2106 1380 2139 fidem
1391 2129 1400 2143 ,
1427 2106 1569 2142 Credere
1583 2117 1652 2142 non
1664 2107 1789 2148 possum
1810 2107 1999 2151 igneitatem
2012 2110 2059 2143 ‹es-⁴

1196 2156 1226 2189 se
1237 2153 1387 2193 accidens
1403 2166 1411 2186 :
1437 2153 1548 2191 Credoj
1557 2164 1629 2186 earn
1641 2157 1703 2188 effe
1713 2157 1853 2190 formam
1866 2157 2057 2196 substanti&

1193 2204 1256 2236 lem
1276 2204 1430 2238 elementi
1452 2203 1557 2245 ignis,
1585 2202 1675 2244 quod
1696 2203 1769 2244 vere
1791 2205 1967 2241 substantia
1983 2208 2029 2241 est
2042 2232 2054 2248 ,

1192 2252 1245 2285 De
1266 2263 1333 2296 quo
1354 2251 1433 2284 alibi
1455 2262 1495 2283 ex
1507 2252 1646 2292 professo
1658 2273 1666 2281 -
1694 2250 1783 2285 Vide
1794 2261 1903 2291 tamen
1916 2255 2057 2291 Clariffi-

1192 2312 1282 2338 mum
1306 2301 1350 2334 D.
1362 2299 1547 2343 Plempium
1562 2324 1573 2340 ‚
1594 2301 1615 2332 l.
1638 2310 1671 2334 2.
1693 2300 1731 2333 de
1733 2300 1879 2341 fundam.
1897 2314 1922 2335 c.
1946 2316 1977 2341 2-
1993 2306 2053 2347 fit.

1192 2363 1244 2398 17.
1267 2353 1300 2389 <2⁴
1308 2349 1392 2396 seqq.
1414 2348 1703 2397 UbiFienisrnum
1724 2348 1813 2386 hunc
1830 2352 1997 2395 examinat
2017 2356 2052 2391 ἀ

1188 2403 1306 2440 refutat
1317 2426 1325 2435 .
1374 2403 1376 2405 ’

1240 2463 1291 2488 11.
1318 2450 1508 2497 Collegium
1530 2450 1823 2492 Conimbricense‚
1848 2454 1867 2486 l.
1887 2463 1920 2500 4.
1941 2452 2049 2495 Pbyfic.

1184 2513 1209 2537 c.
1221 2514 1253 2550 ς.
1264 2514 1293 2544 q.
1307 2513 1339 2548 4.
1352 2512 1413 2536 art.
1430 2513 1456 2536 1.
1467 2501 1532 2537 alia
1550 2499 1729 2546 ingreditur
1740 2502 1792 2537 via
1802 2526 1811 2534 .
1841 2502 2048 2547 Negatintra

1180 2552 1300 2590 ferrum
1312 2552 1454 2589 candens
1465 2551 1627 2588 contineri
1647 2550 1777 2595 ignem:
1805 2550 1956 2588 Affirmat
1967 2565 2046 2590 conq

1180 2602 1275 2640 tineri
1286 2602 1391 2637 solum
1403 2603 1544 2640 calorem
1556 2626 1563 2634 .
1585 2600 1654 2648 Qi
1667 2626 1679 2643 ,
1700 2603 1778 2645 quia
1788 2601 1824 2638 iu
1836 2604 1969 2641 materia
1982 2604 2045 2637 val-

1180 2651 1220 2687 de
1230 2652 1326 2687 densa
1349 2651 1442 2686 valde
1460 2652 1604 2690 intensus
1615 2647 1685 2692 est,
1711 2652 1925 2694 putaturteffe
1935 2653 2041 2697 ignis:

1181 2701 1237 2737 Est
1259 2702 1331 2747 igni
1352 2702 1389 2737 in
1409 2700 1600 2744 fortitudine
1620 2701 1750 2743 aequalis
1772 2713 1780 2733 :
1808 2701 1892 2735 Non
1912 2704 2044 2746 minus,

1179 2762 1277 2795 quarn
1296 2752 1404 2796 ignis,
1429 2751 1589 2787 amburit.
1616 2750 1677 2789 Ast
1689 2750 1755 2786 hoc
1773 2762 1980 2795 nequaquam
1988 2753 2042 2787 ad-

1178 2802 1268 2838 mitti
1278 2801 1383 2846 potest
1392 2816 1404 2837 :
1431 2802 1567 2838 Etenim
1580 2801 1717 2839 nimium
1729 2802 1817 2840 favet
1828 2802 2040 2847 Marpurgen·

1177 2851 1277 2888 sibus.-
1306 2852 1415 2887 Debet
1435 2847 1623 2896 longiffime
1644 2849 1827 2885 eliminari.
1856 2852 1898 2885 Et
1911 2852 1988 2895 quid
2000 2854 2036 2888 ni

1175 2901 1361 2936 eliminetur
1371 2903 1390 2934 ἓν
1414 2901 1591 2945 Repugnat
1601 2901 1692 2935 enim
1708 2903 1876 2940 communi
1891 2900 2037 2937 Philoso-

1174 2950 1314 2995 phorum
1323 2952 1429 2987 sensui
1443 2963 1452 2983 τ
1471 2951 1593 2986 Putant
1603 2951 1720 2994 quippe
1730 2951 1765 2984 &
1776 2951 1936 2985 affirmant
1948 2963 2038 2986 com·

1175 3001 1318 3039 munitet
1330 3000 1549 3043 Philosophi,
1575 3002 1660 3038 intra
1669 3001 1790 3042 ferrum
1801 3001 1943 3043 candens
1956 3014 2037 3039 con-

1173 3051 1271 3087 tineri
1294 3062 1405 3086 verum
1435 3050 1674 3089 substantialem
1699 3049 1812 3095 ignem
1830 3075 1838 3083 .
1878 3050 1920 3085 Et
1948 3053 2036 3087 favet

1173 3101 1397 3145 experientia:
1421 3101 1511 3149 Qia
1531 3101 1650 3135 ferrum
1672 3100 1815 3134 candens
1836 3112 1903 3134 non
1926 3101 2035 3143 solum¹

1172 3152 1255 3185 calet
1278 3151 1461 3192 &candet3
1490 3151 1543 3185 sed
1563 3152 1662 3188 etiam
1685 3150 1800 3195 flagrat
1820 3151 2033 3186 &fiammatz

1175 3201 1306 3240 Etenim
1327 3200 1462 3239 modicae
1472 3200 1609 3246 favillae,
1633 3210 1842 3238 nontantum
1865 3201 2008 3240 scintillas
2020 3225 2035 3244 ,v

1173 3250 1227 3287 sed
1238 3251 1336 3290 etiam
1348 3250 1486 3288 modicae
1497 3250 1616 3284 favillae
1625 3262 1665 3284 ex
1677 3249 1736 3284 illo
1745 3251 2035 3292 erumpere&evo-,

1172 3299 1237 3333 lare
1247 3311 1437 3340 cernuntur.
1467 3299 1571 3343 Atqui
1592 3299 1784 3334 favillaeistae
1806 3311 1875 3334 non
1895 3302 1971 3334 sunt
1983 3303 2031 3335 so·

1172 3349 1221 3383 lus
1233 3350 1346 3392 calor;
1374 3351 1427 3387 sed
1440 3351 1513 3394 sunt
1524 3350 1595 3385 vere
1608 3349 1822 3384 substantialis
1833 3350 1919 3395 ignis
1930 3376 1938 3383 .
1949 3352 2032 3385 Hoc⁴

1172 3399 1244 3441 quis
1255 3402 1372 3445 neget?
1398 3401 1532 3440 Etenim
1545 3401 1634 3434 calor
1646 3411 1714 3434 non
1729 3399 1830 3443 potest
1842 3411 2026 3443 erumpere,

1172 3461 1276 3495 neque
1285 3449 1412 3487 evolare
1431 3460 1523 3490 extra
1533 3451 1624 3490 suum
1644 3448 1839 3493 subjeetum.-
1865 3450 1926 3495 Sed
1936 3448 2026 3490 quod

1560 3500 1626 3547 (ἐς
1676 3511 1701 3544 2,
1847 3498 1975 3538 evolat,
