2384 3770
64 1518 133 1556 L-z.
153 1529 216 1556 c.1.

61 1719 135 1755 Lib,
164 1733 214 1760 11.

61 1782 131 1815 cap.
159 1782 214 1821 29.

60 1895 134 1930 Lib.
161 1906 212 1935 ιο.

59 1957 128 1990 cap.
158 1957 213 1994 29.

56 2295 102 2330 Ca
106 2307 132 2339 p.
148 2307 174 2346 3.

50 3094 87 3129 L.
108 3107 135 3132 1.
164 3098 204 3134 de

728 102 1007 147 Snucri
1059 101 1538 145 Aucomwnn

239 207 317 231 nunc
336 199 426 233 etiam
445 189 673 232 defensitantem
685 213 696 229 ,
725 201 800 222 nunc
821 189 1034 231 improbantem
1046 200 1111 231 quae

1962 115 2017 159 35

1156 201 1160 237 Ι
1171 188 1316 228 pollutis,
1340 182 1637 227 sedconcupiscentiae
1652 188 1870 227 perdomandae
1893 212 1903 229 ‚
1929 190 1962 222 <Et
1983 191 2055 222 dile-

238 254 327 280 antea
333 241 512 288 probavisset
524 263 535 280 ‚
548 242 581 274 (5
594 239 782 273 nibilominus
789 246 821 272 in
833 238 988 282 aliafalsa
1000 245 1110 271 irruen·
1157 238 1160 262 Ι
1174 237 1260 269 c‘liont'
1272 235 1410 278 fratrum
1432 236 1596 269 retinendae
1621 239 1763 278 invigilat
1784 244 1877 271 omnis
1891 239 2050 278 industria.

238 305 298 329 tem
311 319 320 335 ,
349 304 426 326 nunc
447 290 624 334 affenfionem
632 288 862 334 suspendentem
870 287 956 329 suam
966 311 976 327 ,
997 291 1030 321 (a
1051 290 1113 329 ple-

237 355 358 385 rumque
385 340 557 385 perspicuas
585 343 821 372 ratiocinationes
855 337 1076 381 formidantem
1107 358 1130 375 ,Α

235 404 314 426 nunc
336 391 539 435 desperantem
561 390 597 422 de
610 397 673 421 tota
691 393 862 421 inventione
885 394 1029 421 veritatis
1042 413 1052 428 ‚
1078 390 1112 422 cb·

233 444 370 486 stulttttae
390 441 517 476 tenebris
533 439 654 481 penitus
672 437 867 471 tnbaerentem
881 463 891 478 ‚
921 449 996 472 nunc
1008 449 1109 472 conan-

235 501 295 528 tem
307 499 338 525 in
349 494 440 526 lucem
452 489 636 532 intelligendi
645 511 655 527 ,
679 486 853 530 rursumque
866 487 1052 531 fatigatione
1062 490 1110 520 de·

237 545 379 577 cidentem
389 556 400 575 :
426 545 500 573 Cum
510 540 625 571 interca
636 538 832 579 cupiditatum
843 538 921 577 islud
930 550 1051 583 regnum
1073 548 1110 576 ty-

237 589 479 633 rannicesaeviat
487 612 498 627 ‚
512 590 545 625 (9¹
556 593 654 621 variis
665 593 880 630 contrariisque
891 588 1109 629 tempestatibus

237 638 335 677 totum*
352 640 477 673 bominis
488 642 621 670 animum
633 643 787 680 vitamque
793 638 962 679 perturbet:
991 643 1065 671 Hinc
1076 643 1110 670 ti*-

238 683 315 725 more
325 713 335 729 ,
360 691 430 723 inde
450 687 610 730 delt‘derio;
635 686 702 719 hinc
726 694 879 720 anxietate
892 713 901 727 ‚
931 689 1000 722 inde
1027 693 1112 723 inani

230 737 375 784 falsaque
393 738 505 773 laett‘tia
517 750 530 780 ‚·
557 737 625 770 hinc
635 736 762 770 cruciatu
770 745 811 770 rei
822 739 934 780 amiffae
945 763 954 777 ,
966 750 1031 779 quae
1046 736 1111 770 dili-

233 790 360 835 gebatur
372 812 384 830 ‚
409 789 479 822 inde
504 789 609 819 ardore
628 783 827 828 adipiscenda
840 799 907 829 quae
921 799 975 819 non
986 785 1113 821 habeba-

238 851 308 881 tur3
334 838 400 871 binc
420 845 545 879 acceptae
568 838 689 878 injuria
709 837 855 870 doloribus
869 861 879 877 ,
906 840 976 872 inde
988 837 1111 878 facibus

237 890 433 924 vindicandae
444 900 453 931 3
464 884 698 933 quaquaversum
705 887 796 927 potest
808 887 956 920 coart‘iare
965 891 1111 924 avaritia,

237 939 368 981 diffipare
377 940 495 972 luxuria
503 961 514 977 ‚
540 937 676 971 addicere
686 935 806 970 ambitio
818 961 829 977 ‚
852 937 957 977 inflare
962 936 1112 982 superbia,

236 996 370 1033 torquere
382 989 499 1021 invidit·
510 1010 521 1026 ,
546 984 656 1027 defidia
659 984 784 1030 sepelire
797 1012 806 1026 ,
829 993 999 1028 pervicacia
1018 993 1111 1019 conci-

235 1047 303 1071 tare
316 1063 325 1078 ,
351 1038 497 1080 afflic7are
515 1034 655 1081 subjec‘lio
664 1060 674 1075 ,
701 1038 734 1072 (ν
747 1047 934 1079 quaecumque
956 1039 1018 1070 alia
1029 1043 1111 1069 innu-

236 1088 392 1123 merabilia
407 1098 528 1132 regnum
538 1086 619 1119 illius
630 1085 763 1121 libidinis
768 1087 967 1129 frequentant
981 1088 1014 1120 ὑ·
1032 1098 1111 1120 exer·

235 1147 304 1173 cent
319 1162 326 1172 .
353 1136 536 1182 Possumusne
547 1138 670 1170 tandem
684 1138 795 1169 nullam
807 1137 890 1175 islam
895 1146 1017 1179 paenam
1024 1145 1111 1178 puta-

235 1199 269 1222 re
280 1211 291 1227 ,
315 1199 406 1229 quam
415 1212 424 1227 ‚
450 1195 481 1219 ut
502 1191 596 1220 cernis
607 1209 616 1224 ,
631 1197 732 1218 omnes
746 1211 755 1225 ,
782 1192 897 1230 quinon
907 1187 1055 1220 inbaerent
1065 1184 1115 1228 sa·

232 1243 360 1280 pientiae
371 1237 494 1279 ‚neceffe
513 1235 552 1274 est
569 1237 707 1277 perpeti?
735 1237 803 1270 Hic
825 1248 904 1281 ergo
917 1237 1022 1281 lapsus
1047 1248 1112 1269 non

236 1287 281 1321 est
294 1286 382 1319 aliud
394 1310 405 1327 ,
419 1295 516 1329 quam
529 1295 742 1327 aggregatum
754 1295 794 1318 ex
806 1286 946 1322 tenebris
966 1287 1102 1331 ignoran

237 1336 291 1369 tiae
301 1335 469 1379 &impetu
481 1334 761 1376 concupiscentiae,
772 1335 813 1368 de
824 1335 957 1379 quibus,
965 1336 1114 1378 quemad-

234 1385 372 1420 modum
382 1392 510 1428 oportet
520 1407 531 1423 ,
556 1382 664 1418 dicere
676 1395 742 1418 non
756 1384 800 1418 est
815 1384 907 1428 hujus
922 1385 984 1418 loci
999 1410 1006 1419 .

286 1435 412 1470 Verum
441 1443 588 1476 quaenam
615 1434 764 1468 adversus
791 1434 875 1469 hanc
897 1434 1113 1470 miserandam

235 1485 364 1531 plagam
375 1483 557 1519 medicina?
583 1482 705 1518 Tradit
716 1495 786 1517 eam
802 1485 1005 1528 Augustinus
1017 1486 1057 1518 fic
1070 1486 1103 1519 di

234 1545 309 1569 cens
330 1533 363 1582 in
381 1534 444 1569 suis
455 1544 518 1567 con
524 1532 710 1567 sessionibus
725 1558 731 1565 .
747 1533 900 1579 Dulcescas
911 1535 987 1569 mibi
996 1537 1116 1568 dulcedo

235 1596 294 1618 non
298 1583 406 1627 fallax
417 1608 428 1624 ,
455 1584 575 1616 dulcedo
593 1583 675 1626 felix
689 1586 722 1617 (vt
728 1583 834 1626 secura
846 1609 857 1624 ,
883 1587 916 1617 (9·
926 1587 1059 1630 colligens
1071 1597 1116 1618 me

232 1636 253 1667 ci
265 1632 434 1678 disperfione
443 1656 454 1674 ,
478 1638 510 1665 in
520 1645 580 1676 qua
585 1632 740 1675 frustatim
751 1633 948 1678 disciffusfiim
958 1661 969 1678 ,
996 1636 1066 1668 dum
1076 1636 1116 1673 ab

233 1695 290 1719 uno
302 1694 331 1717 te
342 1682 468 1726 aversus
482 1689 515 1717 in
527 1685 618 1717 multa
633 1684 785 1716 contabui.
817 1686 857 1719 Et
873 1686 905 1718 in
917 1685 1031 1719 eodem
1045 1697 1112 1729 ope-

233 1745 267 1769 re
283 1758 290 1766 .
317 1737 382 1778 Ego
393 1740 424 1766 in
434 1741 564 1775 tempora
575 1734 676 1773 diffilui
686 1758 696 1774 ,
723 1735 756 1767 <9⁶
769 1734 951 1778 tumultuosis
962 1741 1114 1770 varietati-

231 1784 285 1818 bus
296 1784 484 1817 dilaniantur
493 1789 679 1827 cogitationes
690 1795 763 1817 meae
776 1808 786 1823 ,
810 1791 918 1817 intima
930 1784 1041 1828 vistera
1051 1792 1114 1820 ani·

232 1846 289 1868 mae
309 1846 382 1868 meae
394 1857 404 1873 ,
432 1834 519 1867 donec
543 1839 575 1866 in
594 1841 623 1867 te
633 1833 773 1874 confluam
781 1843 928 1879 purgatus
940 1837 1114 1878 &liquidus

232 1896 328 1918 amore
339 1890 383 1916 tui
395 1908 402 1915 .
433 1883 474 1916 Et
488 1883 613 1918 rursum
624 1907 631 1915 .
661 1886 720 1916 Per
730 1891 944 1918 continentiam
954 1887 1116 1930 colligtmur

231 1936 264 1968 ὑ
274 1936 405 1967 redimus
422 1940 454 1966 in
465 1945 557 1966 unum
565 1958 575 1973 ‚
603 1935 623 1965 ἃ
636 1944 691 1974 quo
702 1941 734 1966 in
745 1935 839 1967 multa
847 1935 1025 1974 defluximus
1036 1958 1042 1964 -
1060 1940 1110 1967 Mt-

232 1985 288 2015 nus
305 1989 381 2015 enim
394 1992 423 2015 te
430 1990 515 2013 amat
526 2005 536 2020 ,
550 1987 600 2022 qui
610 1992 703 2016 tecum
716 1983 837 2025 aliquid
844 1994 928 2015 amat
941 2008 951 2022 ‚
971 1987 1048 2025 quod
1059 1996 1116 2016 non

227 2039 350 2073 propter
361 2038 481 2063 teamat
494 2053 501 2060 .
532 2029 610 2062 Hoc
620 2030 662 2061 est
673 2054 684 2070 ‚
712 2033 808 2062 unica
822 2031 915 2072 hujus
930 2033 1030 2076 plagae
1055 2045 1113 2065 me>

231 2079 392 2113 dicinaest
406 2079 424 2111 a
437 2078 550 2111 multis
561 2079 650 2110 vanis
660 2090 698 2111 ac
710 2080 796 2110 fallis
809 2081 933 2120 regredi
947 2082 986 2112 ad
1013 2093 1114 2114 unum

230 2127 557 2164 solidum&verum,
584 2137 687 2159 unum
711 2126 823 2169 utique
837 2129 965 2167 Deum,
993 2139 1114 2171 germa-

228 2189 308 2212 num
321 2176 464 2211 nostrum
477 2175 664 2209 beatificum
677 2174 800 2209 bonum
815 2201 825 2215 ,
853 2177 950 2219 idque
977 2190 1030 2220 per
1041 2179 1114 2212 cha·

227 2229 356 2263 ritatem
379 2238 420 2259 ex
433 2236 508 2259 toto
518 2224 615 2259 corde
632 2249 641 2263 ,
652 2225 693 2259 de
701 2236 762 2268 qua
778 2226 980 2270 Augustinus
994 2231 1033 2261 ad
1047 2230 1114 2262 san·

222 2329 316 2369 plena
333 2325 449 2367 sanitas
463 2348 474 2363 ,
503 2325 622 2366 quando
638 2325 730 2365 plena
755 2324 890 2359 charitas
914 2350 924 2366 ,
960 2329 1114 2368 plenitudo

228 2384 305 2410 enim
318 2376 388 2418 legis
399 2373 532 2407 charitas
549 2397 556 2405 .
570 2377 648 2406 Tunc
659 2383 755 2407 autem
762 2376 852 2415 plena
862 2375 1009 2415 charitas,
1022 2390 1115 2419 quan-

227 2427 268 2459 do
276 2425 444 2458 videbimus
456 2435 520 2456 eum
533 2446 543 2462 ,
563 2422 647 2463 ficutt'
658 2423 712 2463 est.
741 2428 848 2467 Neque
869 2433 947 2458 enim
968 2434 1026 2459 erit
1038 2429 1116 2470 quod

226 2477 360 2508 addatur
381 2475 427 2506 ad
436 2472 619 2506 dileiJionem
630 2497 639 2513 ‚
665 2484 730 2506 cum
737 2473 816 2515 fides
828 2483 1001 2516 pervenerit
1011 2480 1054 2509 ad
1066 2483 1113 2510 vi-

219 2524 341 2568 fianem.
369 2524 443 2558 Sola
456 2533 596 2566 namque
609 2535 648 2556 ex
662 2535 736 2557 toto
749 2526 849 2558 corde
863 2527 998 2568 perfecta
1010 2527 1112 2561 chari-

226 2585 274 2611 tas
294 2585 438 2609 amorem
454 2575 598 2607 nostrum
622 2573 662 2607 ab
674 2573 765 2606 omni
777 2576 1007 2610 commutabili
1022 2577 1111 2611 bono

225 2624 264 2660 ad
292 2625 416 2659 bonum
440 2624 708 2657 incommutabile
720 2624 899 2667 pleniffime
911 2628 1074 2662 convertit
1100 2653 1110 2668 ,

223 2686 320 2719 atque
343 2675 387 2707 ita
399 2673 518 2707 eumin
531 2674 670 2716 plurima
694 2675 863 2709 deuectum
876 2687 914 2711 ac
934 2677 1108 2720 dispersum

225 2726 259 2758 in
282 2736 385 2758 unum
396 2724 523 2766 colligit
535 2747 545 2762 ‚
573 2723 718 2758 adunans
728 2725 760 2758 &
775 2726 887 2759 sanans
898 2738 1013 2760 omnes
1025 2753 1035 2768 ,
1044 2729 1108 2769 qui·

224 2774 283 2809 bus
298 2773 455 2808 frustatim
464 2772 614 2807 concitus
625 2782 690 2807 erat
702 2796 713 2813 ,
738 2773 910 2809 divisiones
923 2801 930 2808 .
961 2777 1108 2824 Qapro·

224 2836 295 2868 pter
308 2824 424 2859 Saccus
436 2823 589 2856 cilicinus
601 2847 610 2862 ,
639 2823 739 2869 longa
751 2823 872 2866 jejunia
885 2850 895 2864 ,
910 2828 988 2859 nudi
1003 2829 1108 2870 pedes,

221 2875 240 2909 a
262 2873 399 2908 carne&
413 2874 491 2907 vino
503 2872 699 2907 abstinentia
710 2898 720 2913 ‚
747 2875 878 2916 aliaeque
891 2876 920 2908 id
933 2886 1035 2919 genus
1053 2890 1105 2911 ex·

222 2925 349 2958 terioris
361 2922 504 2957 hominis
516 2923 616 2966 usque
629 2923 667 2956 ad
682 2935 790 2958 cutem
805 2927 916 2957 rasura:
940 2926 1014 2960 huic
1029 2928 1106 2961 sani-

221 2976 279 3009 tati
306 2975 441 3018 prosunt
456 2997 466 3012 ‚
493 2973 514 3006 si
532 2984 597 3006 non
609 2973 715 3007 obsint
731 2975 793 3007 Dei
805 2986 841 3007 ac
855 2975 995 3017 proximi
1007 2977 1106 3012 chari-

219 3026 299 3060 tati.
329 3022 465 3057 Pulchre
476 3022 565 3057 enim
579 3023 612 3058 δε
627 3023 699 3059 vere
709 3024 791 3058 dicit
806 3024 890 3057 idem
906 3025 960 3058 ille
982 3027 1107 3061 Dostor

219 3073 259 3108 de
274 3073 478 3108 monasteriis
495 3073 631 3116 Europae
644 3098 651 3106 .
679 3078 775 3115 Atque
796 3080 873 3106 inter
895 3074 957 3108 baec
971 3088 1052 3110 nemo
1061 3089 1104 3110 ur.

228 2280 296 2312 fios
312 2278 489 2320 Episcopos
503 2274 696 2318 Eutropium
721 2276 755 2309 δε
767 2274 922 2309 Paulum.
951 2280 1032 2310 Tunc
1058 2284 1137 2579 criel

53 3144 93 3178 M
96 3148 174 3184 mib‘
214 3130 346 3168 geturin
367 3122 497 3167 aspera,
522 3135 591 3166 quae
607 3122 695 3164 ferre
717 3136 774 3156 non
791 3124 882 3165 potest
899 3147 909 3163 ‚
933 3127 1007 3160 nulli
1031 3129 1107 3169 quod

53 3193 141 3230 Eccl.
176 3212 205 3234 c.

47 3251 68 3289 3
77 3254 106 3292 3·

219 3174 337 3213 recusat
347 3180 504 3214 imponitur
518 3196 527 3211 ‚
555 3184 605 3206 nec
617 3176 682 3206 ideo
696 3177 905 3207 condemnatur
926 3176 946 3206 ἃ
964 3184 1078 3210 caeteris
1093 3203 1102 3218 ‚

218 3225 300 3267 quod
308 3230 352 3259 eis
363 3225 522 3257 imitandis
532 3222 557 3266 s
553 3235 567 3256 e
571 3224 690 3265 fatetur
702 3227 871 3259 invalidum
883 3249 889 3255 .
903 3228 1103 3261 Meminerant

220 3280 300 3308 enim
312 3299 322 3314 ,
347 3282 529 3318 quantopere
535 3272 694 3315 scripturis
705 3275 841 3308 omnibus
855 3279 1056 3310 commendata
1062 3278 1101 3319 fit

219 3323 349 3357 charitas
366 3338 373 3357 ε
400 3328 599 3357 Meminerant
619 3330 716 3357 omnia
728 3327 841 3358 munda
853 3328 971 3359 mundis
983 3351 993 3365 ,
1002 3331 1034 3361 <ff
1046 3340 1102 3361 non

221 3377 301 3416 quod
315 3380 411 3406 intrat
423 3381 454 3407 in
469 3386 498 3406 os
512 3373 638 3413 vestrum
648 3399 659 3415 ‚
686 3387 739 3408 ves
751 3382 920 3417 coinquinat
932 3399 942 3414 ,
961 3375 1016 3419 [τά
1025 3380 1105 3421 quod
1113 3411 1116 3423 ι

218 3431 302 3460 exit.
333 3429 436 3468 Itaque
449 3436 506 3459 non
517 3426 682 3459 reiiciendis
700 3426 856 3471 generibus
879 3425 1004 3462 ciborum
1024 3427 1119 3471 quaſsi

1177 287 1218 320 Et
1234 286 1322 320 'infra
1335 310 1342 317 .
1369 284 1517 318 Charitas
1538 288 1690 326 praecipue
1708 287 1861 325 custoditur
1876 313 1885 327 ,
1912 288 2069 322 charitati

1174 336 1273 370 vibius
1286 359 1296 374 ,
1325 334 1471 369 charitati
1477 333 1576 378 sermo
1589 359 1598 373 ,
1625 333 1772 366 charitati
1792 337 1912 371 habitus
1927 363 1937 378 ‚
1962 338 2059 371 cbari-

1174 393 1232 419 tati
1255 387 1357 418 vultus
1369 394 1511 428 optatur.
1541 388 1644 418 Coitur
1658 390 1689 416 in
1712 396 1802 416 unam
1822 386 2056 431 conspiraturque

1174 435 1370 468 charitatem.
1401 442 1486 471 Hanc
1497 436 1611 470 violare
1623 443 1777 476 tamquam
1802 438 1891 468 Deum
1906 438 1991 480 nefm
2005 440 2057 471 du-

1174 491 1249 519 citur
1263 498 1271 527 3
1296 483 1396 526 huicfi
1403 491 1469 525 quis
1480 484 1579 526 refiliit
1593 509 1603 524 ,
1627 493 1817 529 expugnatur
1830 495 1917 526 atque
1932 488 2056 530 elicitum

1175 535 1250 567 hanc
1262 533 1290 575 fi
1306 541 1373 576 quis
1391 534 1533 575 offendit,
1562 546 1618 567 uno
1640 537 1687 567 die
1708 536 1815 565 durare
1844 546 1899 567 non
1918 536 2022 573 sinitur
2047 563 2057 572 .

1175 586 1272 618 Sciunt
1293 591 1338 617 ita
1356 586 1597 618 commendatam
1612 584 1663 626 effe
1683 586 1702 615 ἃ
1716 583 1828 622 cbristo
1839 585 1872 617 ὢ·
1886 586 2022 625 apostolis
2046 611 2058 628 ,

1175 646 1207 667 ut
1222 635 1247 675 fi
1257 634 1318 669 baec
1328 646 1388 668 una
1400 634 1474 678 abfit
1485 659 1496 674 ,
1526 640 1631 668 inania
1643 646 1652 679 3
1675 633 1772 676 fihaec
1784 632 1858 673 adstt
1867 658 1877 674 ,
1900 636 1993 676 plena
2002 635 2060 675 lint

1175 692 1274 718 omnia
1287 708 1295 716 .

1231 736 1313 781 Qae
1323 735 1434 769 omnia
1447 734 1653 778 Augustinus
1665 732 1729 766 alte
1740 733 1968 776 introspiciens
1981 758 1991 773 ,
2018 733 2061 767 fic

1179 785 1346 819 exorditur
1369 786 1456 818 suam
1478 785 1623 828 regulam
1650 807 1657 816 .
1688 788 1762 816 Ante
1781 788 1879 816 omnia
1900 805 1910 822 ,
1940 782 2062 826 fratres

1178 835 1330 874 cbariffimi
1342 859 1353 875 ‚
1380 835 1522 880 diligatur
1536 838 1617 868 Deus
1629 858 1639 873 ‚
1666 834 1774 867 deinde
1781 839 1940 877 proximus
1953 845 1962 873 r:
1977 836 2063 877 ,Quia

1177 886 1230 926 ista
1248 893 1402 927 praecepta
1410 884 1479 926 fient
1487 886 1696 926 principaliter
1709 883 1789 917 nobis
1801 884 1891 917 data.
1922 890 1999 919 Haec
2011 889 2063 927 igi.

1177 944 1228 968 tur
1235 933 1325 979 sunt,
1355 947 1422 979 quae
1445 944 1477 967 ut
1493 933 1652 977 observetis
1664 939 1901 976 praecipt'musin
1924 933 2065 972 monaste·
2092 950 2094 952 r

1179 992 1221 1018 rio
1245 983 1411 1023 constituti.
1441 986 1576 1018 Primum
1596 993 1718 1027 propter
1738 985 1818 1026 quod
1839 990 1869 1015 in
1896 994 1985 1016 unum
1997 983 2063 1021 estis

1181 1039 1346 1078 congregati
1361 1058 1370 1073 ‚
1398 1043 1430 1067 ut
1455 1041 1609 1067 unanimes
1631 1034 1774 1067 habitetis
1799 1040 1832 1065 in
1853 1035 1954 1071 domo,
1983 1032 2064 1074 &fic

1182 1085 1264 1118 vobis
1285 1089 1387 1116 anima
1399 1095 1459 1116 una
1471 1085 1504 1116 (ν’
1514 1095 1560 1118 cor
1575 1095 1665 1116 unum
1679 1091 1709 1115 in
1725 1087 1784 1116 Deo
1794 1108 1801 1115 .
1830 1086 1873 1114 Et
1885 1094 1942 1115 non
1954 1085 2064 1116 dicatis

1179 1135 1298 1178 aliquid
1313 1139 1468 1175 proprium
1485 1158 1495 1173 ,
1518 1131 1575 1175 sed
1583 1132 1645 1173 fini
1664 1134 1747 1166 vobis
1773 1139 1872 1164 omnia
1885 1139 2061 1165 communia.

1182 1189 1210 1218 E
1214 1196 1226 1217 t
1237 1184 1435 1222 distrtbuaiur
1448 1188 1598 1226 unicuique
1625 1182 1753 1222 vestrum
1774 1184 1794 1214 ἃ
1808 1181 1961 1224 Praepost‘to
1973 1181 2065 1222 vestro

1180 1235 1278 1268 vitius
1304 1236 1337 1267 (9·
1350 1243 1548 1278 tegumentum
1561 1258 1571 1273 ,
1600 1244 1655 1265 non
1667 1234 1822 1274 aequalt'ter
1833 1231 1964 1266 omnibus
1973 1254 1982 1270 ,
1992 1237 2065 1274 quia

1181 1297 1238 1317 non
1251 1286 1407 1328 aqualiter
1421 1286 1532 1317 valetis
1547 1295 1644 1316 omnes
1655 1308 1664 1322 ‚
1687 1282 1746 1325 sed
1768 1282 1869 1324 potius
1886 1287 2041 1323 unicuique
2054 1306 2065 1322 ‚

1175 1333 1245 1375 ficut
1266 1340 1368 1374 cuique
1387 1343 1460 1376 opus
1477 1333 1576 1375 fuerit
1592 1357 1598 1366 .
1626 1336 1671 1365 sic
1683 1339 1761 1365 enim
1782 1334 1879 1376 legitis
1891 1337 1922 1364 in
1936 1332 2066 1364 aciabus

1183 1384 1393 1426 Apostolorum,
1422 1386 1478 1418 &a
1502 1385 1569 1417 Hic
1581 1383 1624 1417 est
1639 1382 1735 1417 cardo
1753 1407 1763 1425 ,
1792 1384 1826 1416 in
1852 1394 1918 1427 quo
1933 1383 2067 1415 vertitur

1182 1446 1219 1468 ac
1231 1434 1348 1477 pendet
1363 1444 1432 1467 tota
1446 1435 1554 1478 tegula
1568 1458 1578 1473 ‚
1606 1444 1740 1476 totaque
1758 1433 1936 1467 monastica
1954 1433 2069 1475 Augu-

1182 1485 1257 1518 stini
1282 1483 1472 1527 disciplina.
1502 1484 1714 1518 observatam
1746 1484 1850 1516 voluit
1863 1484 1962 1516 vitam
1976 1484 2070 1525 Apo·

1184 1535 1341 1568 stolorum
1364 1559 1375 1575 ,
1402 1534 1459 1577 qui
1483 1535 1599 1577 utique
1619 1544 1785 1574 tamquam
1809 1533 1897 1566 orbis
1921 1533 2070 1575 magistri

1183 1596 1280 1627 quam
1293 1583 1416 1627 optime
1430 1594 1546 1618 norant
1561 1608 1571 1625 ,
1587 1585 1757 1627 quomodo
1772 1594 1885 1616 natura
1904 1582 2071 1615 rationalis

1181 1635 1199 1670 a
1219 1634 1306 1677 lapsu
1322 1636 1355 1667 in
1373 1634 1478 1667 multa
1489 1634 1564 1667 effer
1580 1633 1763 1666 revocanda
1778 1633 1819 1666 ad
1835 1644 1937 1666 unum
1949 1657 1957 1664 .

1234 1684 1440 1729 Augustinus
1451 1694 1531 1731 ergo
1546 1683 1723 1727 disciplinae
1735 1684 1795 1717 suae
1807 1681 1902 1716 basim
1917 1707 1927 1722 ,
1947 1682 2072 1716 colum-

1186 1746 1262 1768 nam
1284 1745 1321 1768 ae
1342 1735 1594 1770 fundamentum
1616 1735 1678 1767 effe
1699 1733 1803 1768 voluit
1827 1757 1837 1772 ‚
1867 1745 1934 1766 non
1963 1732 2074 1766 bardo-

1181 1784 1348 1818 cucullum
1368 1794 1421 1817 aut
1443 1786 1569 1818 saccum
1594 1784 1775 1827 pannosum
1794 1808 1802 1822 ,
1826 1794 1891 1816 non
1908 1783 2011 1817 nudos
2023 1793 2075 1825 pe-

1180 1835 1258 1876 des,
1286 1847 1352 1869 non
1378 1836 1478 1868 vitam
1501 1834 1682 1873 donarem,
1706 1834 1755 1867 sed
1781 1834 1948 1876 perfestam
1969 1833 2072 1864 unita-

1181 1897 1245 1919 tem
1269 1896 1305 1919 ac
1325 1884 1597 1918 communitatem
1610 1908 1620 1923 ‚
1649 1885 1680 1916 in
1696 1894 1758 1925 qua
1774 1882 1856 1914 nihil
1877 1882 2018 1914 omnino
2030 1883 2074 1915 es·

1183 1936 1226 1968 set
1252 1935 1369 1976 proprii
1385 1956 1394 1970 ‚
1420 1934 1532 1976 frigidi
1556 1933 1646 1964 istius
1670 1943 1707 1964 ac
1722 1932 1759 1965 ad
1773 1931 1874 1964 multa
1890 1933 2072 1974 propellen-

1181 1984 1229 2020 tis¹
1244 1982 1351 2014 verbi.
1380 1980 1498 2013 Voluit
1521 1991 1695 2015 commune
1706 1983 1790 2020 effe,
1818 1991 1885 2014 non
1898 1983 2073 2016 solummo-

1181 2031 1224 2064 do
1246 2030 1429 2064 monasterii
1448 2031 1560 2065 caelum
1585 2042 1621 2063 ac
1648 2030 1750 2063 solum
1774 2056 1782 2071 ‚
1823 2042 1927 2074 neque
1954 2033 2073 2066 solum-

1182 2080 1284 2112 modo
1294 2088 1469 2111 commune
1482 2079 1680 2112 caenaculum
1692 2081 1725 2114 ὃς
1736 2082 1879 2122 testum3
1909 2081 1959 2114 sed
1972 2084 2073 2116 etiam

1179 2138 1389 2160 communem
1405 2126 1540 2167 vistum,
1570 2138 1784 2163 communem
1798 2129 1946 2164 habitum
1961 2156 1971 2171 ‚
1985 2143 2075 2166 com-

1180 2189 1313 2210 munem
1337 2186 1507 2209 nummum
1529 2201 1538 2216 ‚
1567 2178 1699 2220 praecifis
1720 2178 1875 2212 ommbus
1902 2181 2073 2215 strumis&

1182 2229 1262 2261 varis
1277 2252 1287 2267 ,
1313 2237 1353 2260 ex
1377 2225 1438 2260 hac
1467 2228 1602 2269 perfetta
1623 2238 1724 2261 rerum
1738 2228 1954 2270 adjacentium
1966 2231 2074 2264 unita-

1179 2288 1209 2310 te
1231 2277 1289 2311 fibi
1311 2288 1380 2310 non
1412 2277 1494 2310 vane
1517 2275 1677 2320 spondens
1703 2279 1872 2321 perfestam
1906 2280 2070 2315 unitatem

1178 2328 1363 2360 animorum
1378 2328 1410 2359 in
1434 2328 1507 2360 Deo
1518 2349 1528 2364 ,
1554 2338 1590 2359 ac
1604 2329 1749 2371 vagantis
1764 2340 1816 2369 per
1830 2330 1967 2364 multam
1982 2342 2072 2365 amo-

1179 2378 1220 2410 ris
1241 2378 1274 2409 in
1297 2387 1398 2409 unum
1421 2376 1668 2411 collestionem.
1700 2378 1826 2421 Etlure
1839 2379 1955 2413 merito
1970 2393 1976 2412 :
1991 2381 2073 2415 Coi-

1179 2425 1318 2471 ligendis
1338 2437 1476 2469 namque
1494 2428 1527 2460 &
1559 2427 1783 2462 coadunandis
1810 2428 2069 2473 quibuscumque

1176 2478 1296 2512 amoris
1331 2477 1431 2509 nostri
1468 2476 1716 2519 dispersionibus
1754 2488 1791 2513 ac
1828 2480 2068 2515 concisionibus

1178 2527 1266 2561 nulla
1291 2525 1335 2560 est
1362 2527 1526 2561 efficacior
1549 2528 1596 2560 vis
1615 2552 1624 2567 ‚
1655 2539 1752 2571 quam
1775 2539 1880 2563 rerum
1907 2539 2070 2573 tempora-

1176 2578 1281 2617 lium,
1307 2577 1324 2610 ὲ
1343 2577 1416 2612 Deo
1440 2578 1611 2611 conditore
1634 2578 1666 2610 in
1691 2578 1838 2620 paradiso
1864 2580 2069 2622 primitusin-

1177 2628 1286 2661 stituta
1308 2651 1318 2666 ,
1346 2638 1382 2660 ac
1408 2627 1426 2660 a
1451 2626 1584 2660 Christo
1609 2628 1829 2671 Redemptore
1851 2631 1934 2672 quasi
1961 2629 2070 2673 postli-

1176 2679 1281 2713 minio
1303 2678 1337 2711 in
1366 2677 1540 2711 Ecclesiam
1562 2687 1729 2718 revocata,
1757 2678 1887 2720 syncera
1913 2692 1949 2713 ac
1974 2681 2069 2723 plena

1174 2729 1395 2762 communitas
1423 2752 1433 2768 ‚
1473 2738 1577 2772 neque
1605 2728 1797 2761 monasteria
1837 2729 1902 2772 pati
1936 2731 2069 2773 possunt

1173 2779 1319 2812 cloacam
1333 2778 1586 2821 pestilentiorem
1602 2802 1613 2817 ,
1639 2789 1736 2821 quam
1751 2781 1998 2820 proprietatem.
2016 2780 2067 2812 Ex

1173 2826 1233 2862 hac
1247 2829 1356 2862 cloaca
1369 2828 1450 2862 alius
1462 2826 1593 2872 quidem
1609 2827 1704 2861 esurit
1718 2852 1726 2867 ,
1738 2829 1820 2861 alius
1834 2840 1943 2863 autem
1957 2829 2065 2863 ebrius

1171 2879 1246 2920 est;
1274 2879 1355 2912 alius
1382 2880 1545 2921 pannosus
1575 2879 1620 2911 est
1645 2888 1700 2912 aur
1730 2879 1811 2913 lacer
1834 2903 1844 2918 ,
1871 2878 1952 2912 alIus
1980 2879 2065 2913 veste

1173 2928 1336 2972 splendet,
1364 2929 1492 2971 aliaque
1518 2928 1548 2962 id
1574 2929 1810 2971 genusmusta,
1838 2939 1906 2969 quae
1927 2940 2065 2973 quomo-

1170 2978 1215 3012 do
1238 2981 1365 3012 animos
1378 2978 1492 3011 uniant
1504 2990 1558 3011 aut
1574 2980 1715 3020 separent
1729 3002 1738 3016 ‚
1767 2977 1862 3011 facile
1883 2979 1927 3012 est
1955 2980 2063 3021 conje-

1169 3030 1307 3063 sturare.
1336 3029 1430 3061 Hinc
1453 3040 1532 3073 ergo
1555 3028 1635 3061 dicit
1650 3029 1774 3060 sanctus
1791 3028 1967 3063 Poffidius.
2000 3033 2061 3061 Fa·
2086 3034 2209 3082 Cal-„5

1170 3078 1234 3111 c‘lus
1250 3079 1406 3120 presbyter
1417 3078 1619 3118 monasterium
1633 3087 1717 3109 intra
1730 3077 1889 3119 Ecclesiam
1900 3091 1967 3111 mox
1979 3080 2060 3119 insti-

1170 3134 1248 3168 tuit,
1274 3130 1307 3162 &
1328 3141 1394 3161 cum
1416 3133 1469 3160 Dei
1491 3127 1591 3170 servis
1615 3133 1718 3161 vivere
1730 3126 1986 3171 caepitsecundum
2002 3141 2063 3161 mo-

1168 3180 1239 3211 dum
1253 3180 1285 3211 Θ*
1297 3180 1425 3222 regulam
1436 3176 1608 3219 subsanc‘t'is
1625 3177 1761 3218 Apostolis
1774 3178 1958 3217 constitutam
1972 3204 1977 3210 .
1994 3183 2059 3212 Ma-

1167 3231 1249 3261 xime*
1273 3239 1305 3260 ut
1330 3240 1410 3261 nemo
1433 3229 1598 3268 quidquam
1615 3234 1771 3270 proprium
1796 3234 1827 3260 in
1852 3230 1905 3261 illa
1921 3226 2061 3271 societate

1167 3279 1309 3317 haberet,
1331 3276 1387 3318 sed
1411 3276 1497 3318 effent
1522 3283 1563 3310 eis
1586 3283 1685 3310 omnia
1706 3284 1889 3317 communia,
1919 3279 2059 3319 &distri-

1167 3330 1302 3362 bueretur
1318 3332 1494 3369 unicuique,
1515 3326 1590 3368 sicut
1613 3336 1683 3368 opus
1710 3336 1790 3359 erat.
1822 3327 1982 3363 Particula
2001 3330 2059 3363 ista

1167 3377 1458 3419 maximeimportat
1474 3376 1698 3410 habitudinem
1712 3376 1916 3412 fundamenti
1932 3404 1938 3410 .
1969 3379 2061 3414 Hinc

1167 3428 1248 3463 dicit
1266 3427 1390 3461 Austor
1411 3426 1469 3460 iste
1481 3426 1670 3470 incognitus
1684 3426 1724 3461 de
1736 3427 1844 3462 sansto
1855 3428 2054 3473 Fulgentio.

1932 3482 2013 3512 Dice-
