2384 3770
397 178 468 226 94

358 256 606 292 conuentum,
631 251 721 296 atqui
744 253 834 297 quod
859 251 926 288 haec
937 253 1022 289 actio
1034 253 1186 298 procedat
1200 253 1241 288 ab

360 297 427 333 hoc
448 299 499 333 vel
526 299 588 335 illo
608 299 751 347 agente,
779 303 868 349 quod
890 304 1060 348 productio
1071 303 1167 348 hujus
1180 315 1241 338 co-

359 348 524 397 gnitionis
535 352 799 396 principietur'ab
809 353 875 388 hoc
890 355 940 390 vel
957 354 1019 389 isto
1043 355 1138 400 signo
1150 379 1162 396 ‚
1188 356 1241 388 su·-

360 411 419 447 per
429 400 570 436 actiones
579 401 651 437 illas
661 401 745 437 nihil
760 404 854 448 plane
866 404 1079 450 intrinsecum
1095 404 1241 450 superad-

362 452 429 489 ditt
459 451 513 486 sed
534 453 639 488 solum
662 465 761 499 agens
773 455 824 488 vel
837 455 962 499 signum
977 479 988 495 ,
1013 455 1031 490 ὲ
1054 466 1121 499 quo
1133 466 1242 499 proce-

362 502 473 544 διψῆν
491 502 526 537 &
545 504 804 547 principiantur:
831 504 987 548 quodque
1010 505 1076 539 illis
1089 506 1134 539 est
1147 504 1242 549 plane

361 553 606 597 “trinsecum3
632 554 710 588 ficut
732 557 821 588 enim
846 556 931 588 actio
953 566 1020 589 non
1035 556 1078 588 est
1094 555 1241 590 intrinse-

362 615 403 639 ca
412 603 523 649 agenti
535 628 546 645 ,
572 604 616 637 sic
631 615 736 647 neque
747 615 848 649 agens
861 605 906 638 est
921 605 1131 639 intrinsecum
1144 606 1240 640 aetio-

362 653 421 698 εἰς
437 664 517 699 ergo
545 653 607 691 illae
628 655 761 698 praefatae
781 654 1091 696 denominationes,
1119 655 1240 690 scilicet

362 705 540 752 procedere
564 703 706 748 afigno,
732 703 773 738 ab
785 705 860 750 igne
874 712 892 746 ‚*
913 705 1068 749 especie,
1094 705 1239 741 &asum

362 754 549 792 actionibus
576 754 765 789 immediate
801 754 1053 798 procedentibus
1088 755 1240 789 extrinse-

362 816 429 846 σε,
457 806 508 839 vel
535 804 557 838 si
578 803 656 850 quid
671 804 883 839 intrinsecum
894 806 1131 849 superaddant,
1157 817 1193 840 tu
1207 805 1240 839 il·

362 854 422 890 lud
450 854 546 889 nobis
570 853 724 888 edissere:
753 866 858 899 neque
883 856 973 890 enirn
1003 864 1039 889 tu
1068 853 1122 889 bic
1148 867 1240 901 argu·

362 905 501 940 mentari
529 913 622 948 potes
648 903 688 938 de
714 905 916 948 proceslione
941 906 1133 946 actionum,
1159 905 1240 940 ficut

362 962 630 1000 argumentamur
656 955 697 988 de
709 955 909 997 processione
920 957 1133 990 terminorum
1149 981 1159 995 ,
1187 967 1239 990 ne-

362 1015 427 1048 que
451 1005 558 1039 dicere
586 1003 729 1038 actiones
748 1005 921 1047 procedere
933 1017 989 1050 per
1006 1005 1238 1050 proeeffionem

361 1054 381 1088 ἃ
394 1057 424 1088 se
443 1052 615 1088 modaliter
641 1054 846 1095 diffinitam,
871 1055 992 1101 sibique
1008 1056 1214 1090 intrinsecam
1228 1080 1239 1096 ,

360 1104 444 1139 sicut
468 1103 552 1140 dieis
578 1103 619 1138 de
646 1106 817 1140 terminis:
847 1106 890 1139 sic
915 1106 1005 1140 enim
1031 1106 1122 1140 dares
1142 1108 1238 1141 astio-

362 1164 439 1189 nem
460 1154 500 1189 ad
517 1153 700 1196 actionem,
726 1156 808 1189 acin
824 1155 993 1191 infinitum
1006 1156 1129 1197 abires,
1158 1157 1242 1190 mul·

360 1213 460 1249 taque
470 1203 532 1238 alia
540 1205 718 1239 incurreres
728 1205 864 1241 absurda
881 1228 889 1237 .

410 1264 467 1302 23.
495 1254 761 1290 Advertetamen
774 1254 1147 1294 hasdenominationes:
1168 1266 1237 1299 pro-

360 1305 474 1340 cedere
499 1305 518 1342 ὲ
545 1306 658 1350 signo,
684 1306 859 1349 procedere
884 1305 926 1340 ab
951 1306 1052 1350 igne,
1080 1306 1238 1349 aspecie,

360 1354 422 1390 &a
436 1356 584 1399 quamvis
596 1356 775 1389 actionibus
786 1355 974 1390 immediate
985 1355 1236 1400 procedentibus

360 1403 448 1438 nihil
483 1405 699 1448 superaddant
729 1405 925 1442 intrinseci;
955 1417 1024 1440 non
1051 1407 1114 1440 effe
1126 1415 1234 1440 tamen

358 1453 648 1489 denominationes
670 1454 736 1488 illis
756 1455 904 1490 totaliter
930 1456 1123 1491 extrinsecas
1143 1468 1152 1489 :
1180 1456 1232 1490 sed

359 1504 423 1540 effe
444 1505 561 1548 partim
574 1505 790 1546 extrinsecas,
813 1507 928 1550 partim
942 1506 1148 1541 intrinsecas.
1176 1509 1236 1540 Ra·

358 1559 403 1589 tio
423 1554 555 1589 breviter
577 1555 635 1595 est:
663 1556 738 1599 quia
751 1555 980 1590 denominatio
993 1557 1108 1599 partim
1122 1556 1232 1590 intrin-

359 1605 430 1641 seca
449 1604 494 1639 est
517 1604 596 1645 illa,
621 1605 712 1648 cujus
731 1606 948 1650 significatum
961 1607 1096 1642 formale
1105 1606 1149 1640 est
1163 1606 1234 1640 suu

358 1653 444 1698 jecto
467 1655 526 1689 suo
548 1653 662 1698 partim
684 1655 921 1698 extrinsecum,
949 1657 1065 1700 partim
1091 1656 1234 1691 intrinse

358 1715 435 1738 cum
450 1727 460 1743 ,
486 1715 522 1738 ut
533 1704 628 1739 latius
639 1705 856 1740 declarabitur
868 1706 924 1740 suo
937 1707 1014 1740 loco
1029 1731 1039 1747 ‚
1066 1707 1156 1751 atqui
1173 1706 1235 1739 illae

357 1754 491 1798 praefatae
509 1754 797 1790 denominationes
820 1757 892 1790 sunt
917 1756 1018 1797 tales,
1045 1767 1147 1802 ergo,
1172 1756 1226 1791 &c

353 1803 500 1846 probatur
510 1810 584 1837 min.
605 1806 682 1848 quia
705 1804 753 1839 hae
765 1806 1050 1841 denominationes
1062 1806 1234 1850 procedere

355 1853 374 1889 ὲ
387 1854 496 1899 signo,
523 1854 695 1898 procedere
716 1854 758 1888 ab
770 1856 848 1899 igne
862 1880 873 1896 ,
898 1857 961 1892 &a
972 1856 1012 1890 de
1025 1857 1153 1890 formali
1167 1866 1234 1890 non

356 1904 535 1948 important
565 1903 668 1937 solum
688 1904 836 1948 signum,
862 1916 968 1948 neque
983 1907 1088 1941 solum
1101 1907 1212 1949 ignem
1225 1930 1235 1946 ,

356 1954 410 1988 sed
425 1953 656 1998 proceffionem
671 1953 688 1987 ὲ
702 1955 795 1998 figno
806 1978 816 1994 ,
843 1953 1077 1997 proceffionem
1093 1954 1134 1988 ab
1146 1955 1236 1999 igne,

356 2004 420 2041 ὄεσ-
438 2005 618 2047 important
641 2003 873 2048 proceffionern
885 2004 1124 2045 connotando,
1150 2016 1188 2050 ac
1199 2004 1236 2037 si-

355 2054 426 2089 mul
440 2054 647 2098 importando
668 2053 796 2097 signum
825 2054 858 2087 δι
871 2053 982 2097 ignem
995 2052 1161 2096 tamquam
1174 2064 1232 2087 ter-

354 2104 484 2138 minum
513 2105 574 2137 suae
599 2102 845 2145 dependentiae;
872 2103 934 2135 sive
945 2102 1055 2145 potius
1067 2112 1234 2144 tamquam

355 2154 555 2197 principium
579 2153 626 2187 sui
652 2152 777 2185 exitus:
806 2152 894 2194 atqui
908 2151 1062 2194 processio
1084 2151 1125 2184 ab
1137 2151 1234 2195 igne,

356 2203 514 2247 proceffio
525 2214 541 2236 a
554 2201 648 2247 signo
668 2201 711 2235 est
725 2199 848 2246 aliquid
859 2200 1039 2235 actionibus
1050 2199 1252 2245 immediate3

358 2251 611 2297 procedentibus
635 2252 750 2295 partim
776 2250 989 2285 intrinsecum
1005 2274 1027 2290 ,t
1044 2252 1160 2294 partim
1183 2256 1252 2287 eit-l

358 2303 531 2338 trinsecum
550 2314 559 2345 ς
587 2312 667 2347 ergo
690 2301 755 2334 istae
774 2299 1060 2335 denominationes
1069 2299 1110 2335 de
1122 2300 1253 2377 forma-¹

359 2353 385 2387 li
409 2353 587 2397 important
606 2350 729 2394 aliquid
753 2350 936 2385 actionibus
959 2349 1147 2385 immediate
1169 2360 1238 2394 pro-

359 2402 552 2437 cedentibus
576 2404 691 2446 partim
715 2401 949 2442 intrinsecum,
976 2401 1093 2445 partim
1116 2401 1236 2436 extrin-

360 2454 472 2489 secum
496 2478 503 2485 .
532 2455 624 2489 Patet
645 2457 714 2484 min.
737 2451 814 2495 quia
836 2452 869 2485 in
895 2452 1024 2485 actione
1047 2450 1238 2485 immediate

362 2502 553 2548 procedenti
580 2501 735 2546 proceffio
755 2501 773 2534 ὲ
794 2502 847 2535 sua
867 2502 959 2535 causa
983 2500 1067 2534 nihil
1088 2502 1132 2535 est
1147 2501 1253 2709 aliud*

363 2565 463 2599 quam
486 2552 624 2596 ipsamet
645 2552 728 2585 aestio
760 2547 918 2595 quatenus
940 2562 1126 2586 connotans
1147 2552 1238 2585 suam

363 2604 504 2638 caussam
518 2627 528 2643 ‚
556 2611 722 2645 tamquam
738 2602 933 2645 principium
945 2601 992 2635 sui
1003 2602 1132 2642 exitus,
1158 2601 1237 2644 quid

364 2654 456 2687 enirn
483 2652 527 2687 est
550 2652 664 2687 aliud?
680 2653 778 2698 atqui
802 2652 885 2685 auio
898 2652 957 2685 sibi
983 2651 1040 2695 ipsi
1063 2653 1236 2686 intrinseca

365 2704 409 2738 est
430 2728 441 2744 ‚
466 2703 570 2737 'caussa
593 2702 671 2736 vero
693 2703 746 2736 sua
770 2702 819 2735 ini
845 2702 1028 2736 extrinseca
1051 2702 1096 2736 est
1121 2715 1131 2745 ;
1158 2712 1237 2746 ergo

364 2753 533 2788 manifeste
554 2753 710 2797 processio
723 2752 855 2786 &caussa
869 2752 913 2785 est
930 2751 1050 2787 affloni
1071 2752 1238 2786 immedia-

365 2804 399 2838 te
423 2803 612 2848 procedenti
633 2802 711 2847 quid
723 2802 841 2846 partim
855 2802 1069 2837 intrinsecum
1084 2826 1095 2843 ,
1121 2802 1238 2846 partim

364 2853 583 2889 extrinsecum
595 2878 602 2886 .

418 2915 472 2950 24.
501 2907 589 2939 Peres
607 2911 786 2946 antequam
811 2902 925 2936 finiam
949 2927 959 2943 ,
985 2911 1075 2937 totus
1098 2913 1239 2944 namque

367 2954 463 2990 finire
483 2954 616 2994 ambio,
642 2955 675 2987 ἀ
698 2953 782 2989 ultra
803 2963 947 2986 mentem
970 2964 1076 2986 meam
1102 2951 1166 2987 hoc
1179 2954 1235 2986 du-

368 3003 461 3039 bium
485 3006 678 3047 pronae-'tum
691 3004 752 3037 est:
785 3003 1094 3047 quarefignificatio
1105 3003 1238 3038 actualis

367 3065 436 3089 non
462 3054 496 3087 sit
518 3054 583 3087 fola
596 3054 747 3098 cognitio
769 3053 856 3087 nude
868 3051 1045 3087 secundum
1059 3054 1107 3094 se,
1136 3053 1188 3087 sed
1201 3053 1237 3086 fit

369 3104 522 3150 cognitio
544 3104 636 3136 simul
657 3116 732 3137 cum
745 3104 791 3137 sui
804 3102 1239 3147 proeeffione&dependen-

370 3156 414 3187 tia
435 3155 453 3188 a
485 3155 600 3199 signo?
627 3153 771 3196 Respond.
794 3153 932 3188 brevitet
952 3177 963 3193 ,
981 3155 1057 3195 quia
1083 3154 1238 3197 significa·

371 3205 420 3237 tio
442 3205 485 3238 est
506 3204 591 3248 quasi
608 3205 813 3244 cauffafiras,
842 3204 893 3238 vel
923 3204 1032 3247 potius
1049 3203 1179 3237 effeetus
1205 3203 1238 3236 fi-

372 3253 429 3296 goi
450 3257 528 3298 (cur
551 3254 658 3288 dicam
681 3254 728 3286 vel
752 3254 862 3296 potius
879 3254 1011 3289 effectus
1038 3278 1048 3294 ,
1076 3252 1242 3298 intelliges

373 3302 480 3345 postea
494 3328 504 3343 ,
529 3304 607 3338 dum
628 3302 774 3348 designo
796 3304 925 3337 formali
940 3305 998 3338 erit
1012 3305 1115 3337 sermo
1129 3304 1239 3347 )atqui

371 3353 552 3386 causialitas
585 3365 650 3388 non
677 3354 721 3387 est
754 3355 837 3388 aelio
867 3353 954 3388 nude
990 3354 1167 3390 secundum
1193 3354 1240 3392 se,

376 3403 453 3436 item
476 3403 604 3435 effeetus
620 3415 689 3437 non
715 3404 759 3438 est
782 3415 830 3438 res
842 3403 951 3447 aliqua
966 3404 1050 3438 nude
1064 3404 1241 3438 secundum

378 3452 434 3492 fe,
461 3451 511 3485 sed
533 3452 577 3485 est
596 3452 699 3492 actio,
727 3453 777 3487 vel
798 3464 845 3489 res
856 3454 965 3496 aliqua
997 3463 1156 3498 quatenus
1170 3465 1239 3497 pro-

378 3502 497 3540 cedens
516 3500 533 3536 ὲ
553 3502 611 3536 suo
631 3500 789 3548 principio
812 3515 821 3546 3
854 3513 934 3549 ergo
960 3503 1108 3538 similiter
1126 3504 1243 3550 fignifi-

762 167 1115 211 Drseu'r.
1190 164 1259 212 11.

1315 168 1518 214 'Dum
1593 166 1662 214 11.

1304 254 1393 288 catio
1417 254 1551 288 actualis
1575 266 1643 288 non
1668 251 1773 298 potest
1786 251 1922 287 eflefola
1932 253 2084 298 eognitio
2098 251 2185 288 nude

1304 304 1483 340 secundum
1506 307 1535 338 se
1548 330 1560 346 ,
1586 305 1638 338 sed
1662 305 1705 338 est
1730 303 1885 348 cognitio
1896 314 2056 346 quatenus
2066 314 2184 347 proce·-

1303 355 1386 390 dens
1395 355 1413 390 ὲ
1425 354 1634 401 significandi
1647 356 1810 399 principio
1822 377 1834 394 ,
1860 354 1925 396 sine
1937 353 1957 387 ὲ
1966 354 2061 399 signo
2075 378 2084 386 .

1515 455 1551 491 D
1580 454 1620 491 U
1647 456 1675 489 B
1702 455 1716 489 I
1745 454 1784 489 U
1812 454 1853 488 M
1905 452 1983 487 ΙΙΙ.

1378 551 1468 599 ,Quid
1480 555 1521 599 fit
1542 554 1718 599 fignificario
1736 553 1842 588 afflata
1864 552 2099 597 aptitudinalts,

1534 608 1569 640 (⁶5
1594 605 1734 648 quomodo
1769 604 1964 649 drstrnguamr

1671 657 1692 687 ἃ
1708 651 1817 699 figno?
1887 664 1890 667 ·

1304 754 1423 841 258
1435 753 1625 800 Ignificatio
1647 753 1875 797 apt'itudinalis
1900 753 2001 789 activa
2020 752 2104 787 nihil
2132 750 2178 786 est

1450 804 1540 841 aliud
1564 829 1574 845 ,
1611 815 1709 849 quam
1743 799 1891 847 potentia
1916 806 1967 838 seu
2005 803 2179 846 aptitudo,

1304 867 1400 898 quam
1427 855 1524 890 habet
1542 853 1675 898 aliquod
1689 855 1816 899 signum
1829 879 1840 896 ,
1868 864 1904 888 ut
1917 856 2007 888 suum
2019 853 2178 898 significa-

1303 917 1374 940 tum
1398 906 1552 949 potentiae
1572 905 1810 950 cognoscitivae
1833 903 2055 948 repraesen'tet;
2083 902 2176 937 sicuti

1303 957 1496 1001 significatio
1523 951 1750 999 aptitudinalis
1769 956 1885 999 paffiva
1910 953 1993 988 nihil
2004 955 2048 987 est
2062 952 2175 992 aliud.

1303 1018 1399 1051 quam
1413 1006 1560 1051 porentia
1584 1006 1645 1039 sive
1656 1006 1808 1049 aptitudo
1818 1005 1985 1049 quiedam,
2010 1015 2107 1045 quam
2119 1002 2177 1036 ha-

1303 1057 1356 1091 bet
1379 1057 1600 1102 significatum
1615 1079 1626 1096 ,
1651 1066 1686 1090 ut
1709 1055 1832 1100 aeguo
1843 1055 1994 1098 potentia:
2004 1052 2176 1098 cognosci-

1302 1106 1375 1140 tivae
1398 1109 1661 1150 repraesentetur,
1687 1114 1749 1139 ver.
1763 1115 1810 1149 gr.
1829 1106 1982 1149 aptitudo
2003 1112 2072 1148 quae
2082 1103 2175 1138 estin

1303 1167 1405 1197 voce,
1429 1156 1531 1196 homo,
1558 1155 1598 1188 ad
1621 1154 1878 1199 significandam*
1897 1163 2044 1188 naturam
2064 1152 2176 1187 humu-

1303 1216 1401 1248 nam,
1427 1207 1471 1239 est
1483 1204 1680 1250 significatio
1699 1203 1925 1247 aprixudinalis
1950 1204 2071 1247 estiva3
2097 1202 2177 1237 steu-

1301 1257 1326 1290 ti
1340 1256 1364 1290 'e
1387 1266 1501 1290 contra
1521 1254 1693 1298 aptitudo,
1718 1265 1789 1298 quae
1805 1254 1852 1288 est
1879 1255 1914 1288 in
1933 1264 2047 1288 natura
2064 1252 2176 1287 huma·

1302 1318 1367 1346 na,
1393 1316 1430 1340 ut
1455 1317 1510 1349 per
1534 1305 1628 1339 istam
1653 1315 1766 1339 vocem
1787 1327 1798 1343 ‚
1824 1303 1927 1345 homo,
1947 1303 2173 1348 'fignifieetun

1299 1357 1343 1390 est
1368 1355 1568 1402 significatio
1593 1352 1818 1398 aptitudinalis
1840 1354 1956 1397 passiva
1977 1367 1985 1387 :
2013 1363 2084 1396 quae
2105 1353 2175 1386 aiio

1302 1406 1439 1441 nomine
1453 1405 1561 1439 vocari
1574 1406 1674 1448 poffet
1689 1403 1966 1449 significabilitas3
1997 1402 2083 1436 circa
2094 1412 2175 1443 quas

1299 1454 1551 1501 significationes
1576 1454 1695 1497 inquiri
1710 1453 1813 1497 potest
1826 1478 1836 1494 ‚
1864 1454 1944 1498 quid
1954 1451 2077 1496 praecise
2091 1451 2175 1491 sinn

1298 1507 1331 1541 &
1355 1504 1525 1549 quomodo
1549 1504 1795 1549 distinguantur
1811 1513 1880 1537 tum
1903 1504 1986 1537 inter
2008 1504 2040 1536 se
2060 1525 2071 1542 ,
2100 1512 2174 1536 turn

1298 1557 1397 1591 etiam
1418 1556 1436 1589 ἢ
1448 1556 1540 1601 signo
1552 1555 1586 1589 ἀ
1598 1555 1781 1600 significato
1796 1554 1812 1586 ἒ
1840 1555 1922 1587 inter
1935 1564 2014 1597 quas
2027 1551 2174 1595 quastio-

1299 1618 1356 1641 nes
1381 1606 1482 1650 prima
1505 1629 1517 1646 ,
1551 1616 1622 1647 quae
1641 1606 1681 1638 de
1701 1604 1938 1648 significatione
1963 1600 2175 1646 aptitudinaii

1298 1658 1403 1691 aestiva
1413 1656 1459 1690 est
1473 1680 1484 1696 ,
1511 1655 1698 1689 resolvenda
1710 1654 1754 1688 est
1769 1653 1965 1688 hoc'dubio:
1988 1653 2085 1686 altera
2099 1652 2176 1686 vero

1298 1718 1370 1751 quae
1396 1705 1438 1740 de
1463 1704 1761 1750 significabilitate,
1787 1704 1851 1737 five
1872 1703 1914 1738 de
1935 1702 2175 1748 significatione

1298 1755 1509 1800 aptitudinali
1544 1755 1664 1799 paffiva
1694 1754 1741 1789 est
1763 1779 1775 1795 ,
1809 1754 1986 1789 resolvetur
2005 1751 2109 1787 dubio
2130 1753 2175 1785 se-

1299 1815 1433 1849 quenti.
1543 1814 1548 1832 ³

1349 1856 1404 1894 26.
1429 1855 1521 1899 Resp.
1545 1855 1782 1898 earcoprrmot
1803 1853 2000 1899 significatio
2018 1851 2175 1896 aptkndb

1299 1907 1383 1949 nalis
1404 1907 1504 1941 affin
1532 1916 1598 1939 non
1619 1904 1835 1949 distinguitur
1849 1904 1974 1938 realiter
1983 1903 2026 1937 ab
2037 1905 2175 1937 entitat-

1299 1955 1382 2001 signi
1393 1954 1568 1989 naturalis:
1593 1954 1759 1995 probatur:
1787 1955 1864 1996 quia
1888 1963 1956 1987 non
1976 1954 2050 1986 sunt
2063 1951 2176 1984 multi·

1300 2004 1452 2049 plicanda
1474 2003 1563 2038 entia
1584 2001 1652 2036 sine
1675 2002 1858 2047 neceffitate
1870 2013 1885 2043 ,·
1912 2001 2005 2046 atqui
2027 1999 2117 2039 nulla
2127 1999 2175 2034 est

1299 2054 1467 2090 neceffitas
1489 2053 1716 2095 distinguendi
1748 2051 2174 2096 realiter.signisicationem
2214 2065 2221 2075 κ

1297 2102 1551 2146 aptitudinalem
1579 2100 1622 2134 ab
1644 2102 1784 2135 entitare
1795 2102 1876 2144 signi
1892 2100 2068 2142 naturalis3
2093 2108 2175 2143 ergo

1298 2163 1366 2186 non
1386 2151 1485 2186 debet
1511 2149 1684 2195 distingui.
1712 2150 1864 2183 Probatur
1885 2156 1956 2182 mm.
1967 2150 2044 2194 quia
2056 2148 2175 2183 entitas

1297 2201 1380 2247 signi
1402 2199 1555 2235 naturalis
1577 2201 1675 2243 seipsa
1701 2200 1790 2240 sola,
1817 2200 1882 2233 sine
1901 2199 1972 2233 ullo
1993 2199 2060 2233 alio
2072 2200 2176 2242 super·

1296 2252 1412 2286 addito
1423 2251 1586 2286 sufficiens
1608 2249 1654 2284 est
1669 2274 1681 2290 ‚
1711 2258 1747 2284 ut
1768 2257 1897 2283 moveat
1919 2250 2099 2292 potentiam
2119 2259 2175 2281 co—

1297 2301 1515 2347 gnoscitivam
1530 2324 1541 2340 ,
1562 2309 1698 2342 eamque
1722 2299 1863 2333 deducat
1887 2299 1922 2331 in
1942 2299 2174 2342 cognitionem

1297 2350 1497 2397 significati;
1523 2359 1603 2394 ergo
1630 2348 1720 2383 nulla
1747 2348 1792 2383 est
1807 2346 2177 2391 neccffitas-poneudifi-

1297 2402 1549 2447 gnificationem
1571 2398 1820 2444 aptitudinalem
1844 2398 1971 2433 realiter
1988 2397 2175 2432 distinam!

1298 2452 1429 2487 entitati
1464 2451 1554 2485 illius
1574 2447 1830 2493 superaddinm.
1856 2451 1947 2482 Paret
1980 2448 2173 2480 antecedens:

1298 2502 1373 2546 quia
1395 2513 1422 2535 v.
1436 2512 1467 2547 g.
1488 2500 1609 2534 entitas
1633 2498 1716 2533 fumi
1743 2498 1842 2541 seipsa
1867 2496 2028 2533 sufficiens
2041 2497 2111 2537 est,
2136 2505 2174 2530 ut

1298 2553 1439 2587 deducat
1463 2550 1645 2594 potentiam
1667 2549 1927 2594 cognoscitivam
1952 2548 1986 2581 in
2010 2546 2176 2590 cognitio·

1299 2613 1373 2637 nem
1398 2601 1486 2646 ignis
1505 2610 1716 2644 quocumque
1738 2599 1806 2634 alio
1830 2608 1958 2633 remoto
1983 2622 1994 2637 ‚
2019 2597 2061 2631 eo
2084 2594 2174 2638 quod

1298 2664 1339 2687 ex
1378 2662 1493 2686 natura
1532 2651 1587 2684 sua
1622 2650 1660 2683 sir
1681 2659 1729 2683 res
1749 2646 1915 2683 ordinarie
1935 2647 2046 2692 ignem
2073 2646 2175 2681 subse·

1298 2713 1420 2747 quens,
1447 2701 1479 2735 ἀ
1501 2701 1755 2735 concomitans:
1782 2697 1856 2734 vide
1876 2697 2120 2733 conclusionem
2131 2697 2175 2730 se-

1323 2763 1455 2786 uentem
1470 2775 1477 2783 .
2164 2759 2166 2762 ·

1299 2764 1320 2797 q
1351 2796 1507 2849 27.‘Dico
1536 2799 1693 2845 frenanda:
1731 2798 1928 2844 significatio
1947 2794 2174 2842 aptitudinalis

1300 2853 1403 2887 activa
1423 2853 1523 2886 etiam
1550 2851 1678 2886 realiter
1701 2860 1770 2883 non
1792 2848 1903 2883 differt
1924 2848 1966 2882 ab
1984 2849 2126 2882 entitate
2139 2846 2175 2880 si—

1300 2904 1359 2948 gni
1374 2902 1534 2937 arbitrarii
1548 2926 1555 2933 .
1582 2898 1728 2941 Conclusio
1740 2898 1804 2932 baec
1817 2898 1856 2939 est
1869 2899 1960 2933 valde
1967 2894 2174 2939 controversae

1302 2952 1417 2988 volunt
1439 2954 1529 2987 enim
1551 2951 1695 2996 plerique
1717 2949 1994 2994 significationem
2019 2947 2175 2991 aptitudi-

1301 3003 1408 3037 nalem
1430 3003 1512 3048 signi
1531 3000 1690 3036 arbitrarii
1717 3001 1779 3033 effe
1801 3000 1903 3042 ipsam
1927 2999 2016 3032 illius
2027 2998 2067 3030 ad
2079 2996 2176 3041 signi-

1301 3053 1467 3088 ficandum
1492 3050 1757 3095 impositionem,
1783 3050 1931 3092 adeoque
1942 3048 2081 3082 abillius
2092 3047 2175 3080 enti-

1302 3114 1369 3138 tate
1391 3104 1521 3138 realiter
1531 3100 1713 3136 distinctam
1727 3124 1734 3133 .
1763 3103 1877 3131 Contra
1886 3110 1959 3141 quos
1970 3097 2176 3139 conclufiopro·

1301 3154 1390 3186 batur
1414 3167 1425 3188 .·
1451 3150 1644 3199 significatio
1666 3148 1916 3194 aptitudinalis,
1943 3148 2006 3181 five
2027 3147 2174 3191 potentia

1303 3204 1510 3248 significandi
1534 3202 1577 3236 est
1604 3201 1687 3235 illud
1714 3224 1725 3240 ‚
1750 3211 1818 3243 quo
1844 3199 1971 3244 signum
1993 3197 2173 3243 significan

1303 3254 1382 3288 ficut
1405 3253 1553 3297 potentia
1576 3250 1788 3286 calefaciendi
1813 3248 1859 3284 est
1881 3247 1981 3289 illud,
2006 3258 2072 3291 quo
2087 3244 2175 3290 ignis

1312 3303 1481 3338 calefacit:
1510 3303 1601 3346 atqui
1623 3300 1726 3341 illud,
1744 3311 1812 3343 quo
1833 3301 1958 3345 signum
1970 3297 2175 3331 arbitrarium

1306 3353 1485 3398 significat,
1513 3365 1580 3388 non
1605 3352 1651 3385 est
1679 3349 1869 3393 impositio,
1898 3349 1950 3382 sed
1974 3347 2118 3391 ipfiffima
2140 3347 2178 3380 il-

1306 3403 1370 3437 lius
1394 3405 1535 3447 entitas;
1557 3412 1659 3447 ergo,
1687 3401 1750 3434 &c.
1772 3399 1921 3433 Probatur
1941 3404 2011 3431 min.
2035 3398 2110 3442 quia
2123 3407 2178 3440 per

1306 3453 1390 3488 illud
1407 3455 1533 3499 signum
1560 3451 1744 3498 significat,
1771 3462 1825 3493 pet
1851 3449 1962 3494 quod,
1987 3449 2021 3482 ἃ
2046 3459 2087 3482 ex
2109 3458 2177 3490 quo

1306 3504 1340 3539 in
1355 3503 1452 3541 nobis
1467 3505 1626 3541 caussatur
1636 3500 1831 3548 significatio
1842 3524 1854 3542 ,
1882 3500 1945 3535 five
1961 3499 2005 3534 rei
2022 3497 2179 3543 fignifica-

2086 3559 2125 3584 tae
