<?xml version="1.0" encoding="UTF-8"?>
<!DOCTYPE html PUBLIC "-//W3C//DTD XHTML 1.0 Transitional//EN"
    "http://www.w3.org/TR/xhtml1/DTD/xhtml1-transitional.dtd">
<html xmlns="http://www.w3.org/1999/xhtml" xml:lang="en" lang="en">
 <head>
  <title>
</title>
<meta http-equiv="Content-Type" content="text/html;charset=utf-8" />
  <meta name='ocr-system' content='tesseract 3.04.00' />
  <meta name='ocr-capabilities' content='ocr_page ocr_carea ocr_par ocr_line ocrx_word'/>
</head>
<body>
  <div class='ocr_page' id='page_1' title='image "./operaomniastudio12lupuuoft/operaomniastudio12lupuuoft_0261.png"; bbox 0 0 2384 3770; ppageno 0'>
   <div class='ocr_carea' id='block_1_1' title="bbox 419 90 1773 160">
    <p class='ocr_par' dir='ltr' id='par_1_1' title="bbox 419 90 1773 160">
     <span class='ocr_line' id='line_1_1' title="bbox 419 90 1773 160; baseline 0 -11"><span class='ocrx_word' id='word_1_1' title='bbox 419 103 528 149; x_wconf 72' lang='lat' dir='ltr'>Rm.</span> <span class='ocrx_word' id='word_1_2' title='bbox 566 104 718 160; x_wconf 60' lang='lat' dir='ltr'>Quiri).</span> <span class='ocrx_word' id='word_1_3' title='bbox 756 102 853 150; x_wconf 74' lang='lat' dir='ltr'>Pao</span> <span class='ocrx_word' id='word_1_4' title='bbox 893 103 1199 149; x_wconf 67' lang='lat' dir='ltr'>Dionosctnn.</span> <span class='ocrx_word' id='word_1_5' title='bbox 1237 105 1338 148; x_wconf 79' lang='lat' dir='ltr'>APP.</span> <span class='ocrx_word' id='word_1_6' title='bbox 1375 90 1519 148; x_wconf 60' lang='lat' dir='ltr'>Fortia.</span> <span class='ocrx_word' id='word_1_7' title='bbox 1556 104 1620 149; x_wconf 79' lang='lat' dir='ltr'>Et·</span> <span class='ocrx_word' id='word_1_8' title='bbox 1654 106 1773 152; x_wconf 79' lang='grc' dir='ltr'><strong>ΜΑτ.</strong></span> 
     </span>
    </p>
   </div>
   <div class='ocr_carea' id='block_1_2' title="bbox 221 186 1115 2222">
    <p class='ocr_par' dir='ltr' id='par_1_2' title="bbox 242 186 1115 526">
     <span class='ocr_line' id='line_1_2' title="bbox 249 186 1115 231; baseline 0 -10"><span class='ocrx_word' id='word_1_9' title='bbox 249 186 451 227; x_wconf 78' lang='lat' dir='ltr'><strong>terminans,</strong></span> <span class='ocrx_word' id='word_1_10' title='bbox 475 187 525 221; x_wconf 90' lang='lat' dir='ltr'>vel</span> <span class='ocrx_word' id='word_1_11' title='bbox 545 186 737 223; x_wconf 87' lang='lat' dir='ltr'>modificans</span> <span class='ocrx_word' id='word_1_12' title='bbox 758 188 857 229; x_wconf 85' lang='lat' dir='ltr'>aliam</span> <span class='ocrx_word' id='word_1_13' title='bbox 880 187 976 231; x_wconf 86' lang='lat' dir='ltr'>ponit</span> <span class='ocrx_word' id='word_1_14' title='bbox 998 187 1115 221; x_wconf 87' lang='lat' dir='ltr'>forma·</span> 
     </span>
     <span class='ocr_line' id='line_1_3' title="bbox 249 235 1114 282; baseline -0.003 -10"><span class='ocrx_word' id='word_1_15' title='bbox 249 237 281 272; x_wconf 89' lang='lat' dir='ltr'>le</span> <span class='ocrx_word' id='word_1_16' title='bbox 298 235 516 280; x_wconf 76' lang='lat' dir='ltr'>fignificatum</span> <span class='ocrx_word' id='word_1_17' title='bbox 537 239 628 281; x_wconf 87' lang='lat' dir='ltr'>supra</span> <span class='ocrx_word' id='word_1_18' title='bbox 640 237 730 273; x_wconf 88' lang='lat' dir='ltr'>illius</span> <span class='ocrx_word' id='word_1_19' title='bbox 742 237 958 282; x_wconf 71' lang='lat' dir='ltr'>significatum</span> <span class='ocrx_word' id='word_1_20' title='bbox 970 236 1092 270; x_wconf 65' lang='lat' dir='ltr'>rectum</span> <span class='ocrx_word' id='word_1_21' title='bbox 1107 248 1114 269; x_wconf 93' lang='lat'>:</span> 
     </span>
     <span class='ocr_line' id='line_1_4' title="bbox 246 285 1114 332; baseline -0.001 -12"><span class='ocrx_word' id='word_1_22' title='bbox 246 286 345 330; x_wconf 85' lang='lat' dir='ltr'>idque</span> <span class='ocrx_word' id='word_1_23' title='bbox 365 296 475 322; x_wconf 88' lang='lat' dir='ltr'>verum</span> <span class='ocrx_word' id='word_1_24' title='bbox 495 287 540 321; x_wconf 90' lang='lat' dir='ltr'>est</span> <span class='ocrx_word' id='word_1_25' title='bbox 562 288 624 323; x_wconf 86' lang='lat' dir='ltr'>live</span> <span class='ocrx_word' id='word_1_26' title='bbox 647 297 809 332; x_wconf 87' lang='lat' dir='ltr'>ponantur</span> <span class='ocrx_word' id='word_1_27' title='bbox 829 287 864 320; x_wconf 90' lang='lat' dir='ltr'>in</span> <span class='ocrx_word' id='word_1_28' title='bbox 886 285 1024 326; x_wconf 82' lang='lat' dir='ltr'>eodem,</span> <span class='ocrx_word' id='word_1_29' title='bbox 1052 286 1114 319; x_wconf 87' lang='lat' dir='ltr'>five</span> 
     </span>
     <span class='ocr_line' id='line_1_5' title="bbox 245 335 1113 381; baseline 0.001 -12"><span class='ocrx_word' id='word_1_30' title='bbox 245 335 280 375; x_wconf 80' lang='lat' dir='ltr'>in</span> <span class='ocrx_word' id='word_1_31' title='bbox 304 335 434 371; x_wconf 88' lang='lat' dir='ltr'>diverfis</span> <span class='ocrx_word' id='word_1_32' title='bbox 455 338 678 381; x_wconf 81' lang='lat' dir='ltr'>propofitionis</span> <span class='ocrx_word' id='word_1_33' title='bbox 702 335 853 371; x_wconf 80' lang='lat' dir='ltr'>extremis</span> <span class='ocrx_word' id='word_1_34' title='bbox 867 360 874 368; x_wconf 90' lang='lat'><strong><em>.</em></strong></span> <span class='ocrx_word' id='word_1_35' title='bbox 903 335 993 380; x_wconf 84' lang='lat' dir='ltr'>Ergo</span> <span class='ocrx_word' id='word_1_36' title='bbox 1013 336 1113 370; x_wconf 89' lang='lat' dir='ltr'>etiam</span> 
     </span>
     <span class='ocr_line' id='line_1_6' title="bbox 243 384 1112 431; baseline -0.002 -9"><span class='ocrx_word' id='word_1_37' title='bbox 243 386 376 422; x_wconf 77' lang='lat' dir='ltr'>termini</span> <span class='ocrx_word' id='word_1_38' title='bbox 397 387 575 422; x_wconf 79' lang='lat' dir='ltr'>numerales</span> <span class='ocrx_word' id='word_1_39' title='bbox 597 396 724 431; x_wconf 89' lang='lat' dir='ltr'>ponunt</span> <span class='ocrx_word' id='word_1_40' title='bbox 747 408 760 425; x_wconf 87' lang='lat'>,</span> <span class='ocrx_word' id='word_1_41' title='bbox 797 396 836 419; x_wconf 86' lang='lat' dir='ltr'>ac</span> <span class='ocrx_word' id='word_1_42' title='bbox 854 397 975 429; x_wconf 89' lang='lat' dir='ltr'>ponere</span> <span class='ocrx_word' id='word_1_43' title='bbox 993 384 1112 420; x_wconf 90' lang='lat' dir='ltr'>debent</span> 
     </span>
     <span class='ocr_line' id='line_1_7' title="bbox 245 435 1111 482; baseline 0.001 -12"><span class='ocrx_word' id='word_1_44' title='bbox 245 435 338 470; x_wconf 85' lang='lat' dir='ltr'>suum</span> <span class='ocrx_word' id='word_1_45' title='bbox 358 437 495 472; x_wconf 84' lang='lat' dir='ltr'>formale</span> <span class='ocrx_word' id='word_1_46' title='bbox 530 437 744 481; x_wconf 80' lang='lat' dir='ltr'>fignificatum</span> <span class='ocrx_word' id='word_1_47' title='bbox 766 435 859 478; x_wconf 87' lang='lat' dir='ltr'>supra</span> <span class='ocrx_word' id='word_1_48' title='bbox 891 436 1111 482; x_wconf 82' lang='lat' dir='ltr'>significatum</span> 
     </span>
     <span class='ocr_line' id='line_1_8' title="bbox 242 484 858 526; baseline 0 -8"><span class='ocrx_word' id='word_1_49' title='bbox 242 486 364 520; x_wconf 70' lang='lat' dir='ltr'>testum</span> <span class='ocrx_word' id='word_1_50' title='bbox 387 488 556 526; x_wconf 81' lang='lat' dir='ltr'>concreti,</span> <span class='ocrx_word' id='word_1_51' title='bbox 580 484 633 519; x_wconf 90' lang='lat' dir='ltr'>cui</span> <span class='ocrx_word' id='word_1_52' title='bbox 654 484 858 520; x_wconf 82' lang='lat' dir='ltr'>tribuuntur.</span> 
     </span>
    </p>

    <p class='ocr_par' dir='ltr' id='par_1_3' title="bbox 221 534 1110 2222">
     <span class='ocr_line' id='line_1_9' title="bbox 293 534 1110 582; baseline -0.002 -10"><span class='ocrx_word' id='word_1_53' title='bbox 293 537 352 572; x_wconf 86' lang='lat'>28.</span> <span class='ocrx_word' id='word_1_54' title='bbox 378 539 424 570; x_wconf 79' lang='lat' dir='ltr'>Er</span> <span class='ocrx_word' id='word_1_55' title='bbox 435 534 646 578; x_wconf 60' lang='lat' dir='ltr'>confirmatur:</span> <span class='ocrx_word' id='word_1_56' title='bbox 671 535 761 582; x_wconf 86' lang='lat' dir='ltr'>Qia</span> <span class='ocrx_word' id='word_1_57' title='bbox 782 534 912 570; x_wconf 87' lang='lat' dir='ltr'>termini</span> <span class='ocrx_word' id='word_1_58' title='bbox 929 534 1110 571; x_wconf 81' lang='lat' dir='ltr'>numerales</span> 
     </span>
     <span class='ocr_line' id='line_1_10' title="bbox 241 584 1108 630; baseline -0.001 -10"><span class='ocrx_word' id='word_1_59' title='bbox 241 584 425 630; x_wconf 88' lang='lat' dir='ltr'>appellant,</span> <span class='ocrx_word' id='word_1_60' title='bbox 450 597 488 619; x_wconf 83' lang='lat' dir='ltr'>ac</span> <span class='ocrx_word' id='word_1_61' title='bbox 508 585 604 619; x_wconf 80' lang='lat' dir='ltr'>suum</span> <span class='ocrx_word' id='word_1_62' title='bbox 626 584 761 619; x_wconf 85' lang='lat' dir='ltr'>formale</span> <span class='ocrx_word' id='word_1_63' title='bbox 782 586 998 630; x_wconf 86' lang='lat' dir='ltr'>significatum</span> <span class='ocrx_word' id='word_1_64' title='bbox 1010 585 1108 629; x_wconf 87' lang='lat' dir='ltr'>appli-</span> 
     </span>
     <span class='ocr_line' id='line_1_11' title="bbox 241 634 1109 681; baseline 0.001 -12"><span class='ocrx_word' id='word_1_65' title='bbox 241 645 318 671; x_wconf 86' lang='lat' dir='ltr'>cant</span> <span class='ocrx_word' id='word_1_66' title='bbox 327 637 417 678; x_wconf 81' lang='lat' dir='ltr'>snpra</span> <span class='ocrx_word' id='word_1_67' title='bbox 438 634 522 670; x_wconf 83' lang='lat' dir='ltr'>illud</span> <span class='ocrx_word' id='word_1_68' title='bbox 543 634 759 680; x_wconf 83' lang='lat' dir='ltr'>fignificatum</span> <span class='ocrx_word' id='word_1_69' title='bbox 772 636 939 677; x_wconf 88' lang='lat' dir='ltr'>concreti,</span> <span class='ocrx_word' id='word_1_70' title='bbox 966 637 1006 671; x_wconf 89' lang='lat' dir='ltr'>ad</span> <span class='ocrx_word' id='word_1_71' title='bbox 1018 636 1109 681; x_wconf 86' lang='lat' dir='ltr'>cujus</span> 
     </span>
     <span class='ocr_line' id='line_1_12' title="bbox 241 684 1108 730; baseline 0.001 -11"><span class='ocrx_word' id='word_1_72' title='bbox 241 684 554 728; x_wconf 74' lang='lat' dir='ltr'>multiplicationem</span> <span class='ocrx_word' id='word_1_73' title='bbox 573 688 728 721; x_wconf 82' lang='lat' dir='ltr'>concreta</span> <span class='ocrx_word' id='word_1_74' title='bbox 754 687 1013 730; x_wconf 84' lang='lat' dir='ltr'>multiplicantur</span> <span class='ocrx_word' id='word_1_75' title='bbox 1033 697 1044 728; x_wconf 87' lang='lat'>·‚</span> <span class='ocrx_word' id='word_1_76' title='bbox 1072 696 1108 720; x_wconf 90' lang='lat' dir='ltr'>ut</span> 
     </span>
     <span class='ocr_line' id='line_1_13' title="bbox 240 734 1107 780; baseline 0.001 -13"><span class='ocrx_word' id='word_1_77' title='bbox 240 745 340 768; x_wconf 88' lang='lat' dir='ltr'>nemo</span> <span class='ocrx_word' id='word_1_78' title='bbox 363 734 520 779; x_wconf 80' lang='lat' dir='ltr'>negabit:</span> <span class='ocrx_word' id='word_1_79' title='bbox 545 736 637 779; x_wconf 84' lang='lat' dir='ltr'>supra</span> <span class='ocrx_word' id='word_1_80' title='bbox 657 735 747 780; x_wconf 86' lang='lat' dir='ltr'>quod</span> <span class='ocrx_word' id='word_1_81' title='bbox 767 738 855 771; x_wconf 90' lang='lat' dir='ltr'>enim</span> <span class='ocrx_word' id='word_1_82' title='bbox 872 736 959 771; x_wconf 87' lang='lat' dir='ltr'>aliud</span> <span class='ocrx_word' id='word_1_83' title='bbox 971 736 1107 780; x_wconf 89' lang='lat' dir='ltr'>appella-</span> 
     </span>
     <span class='ocr_line' id='line_1_14' title="bbox 239 783 1106 829; baseline 0 -10"><span class='ocrx_word' id='word_1_84' title='bbox 239 785 333 819; x_wconf 79' lang='lat' dir='ltr'>rent?</span> <span class='ocrx_word' id='word_1_85' title='bbox 361 783 466 829; x_wconf 73' lang='lat' dir='ltr'>Atqui</span> <span class='ocrx_word' id='word_1_86' title='bbox 477 795 630 820; x_wconf 89' lang='lat' dir='ltr'>concreta</span> <span class='ocrx_word' id='word_1_87' title='bbox 642 796 730 826; x_wconf 84' lang='lat' dir='ltr'>,tam</span> <span class='ocrx_word' id='word_1_88' title='bbox 740 785 959 821; x_wconf 80' lang='lat' dir='ltr'>substantialia</span> <span class='ocrx_word' id='word_1_89' title='bbox 971 811 983 827; x_wconf 91' lang='lat'>,</span> <span class='ocrx_word' id='word_1_90' title='bbox 1009 796 1106 829; x_wconf 86' lang='lat' dir='ltr'>quam</span> 
     </span>
     <span class='ocr_line' id='line_1_15' title="bbox 238 833 1107 880; baseline 0 -12"><span class='ocrx_word' id='word_1_91' title='bbox 238 833 475 876; x_wconf 77' lang='lat' dir='ltr'>accidentalia,</span> <span class='ocrx_word' id='word_1_92' title='bbox 502 845 569 870; x_wconf 87' lang='lat' dir='ltr'>tam</span> <span class='ocrx_word' id='word_1_93' title='bbox 591 834 786 871; x_wconf 84' lang='lat' dir='ltr'>substantiva</span> <span class='ocrx_word' id='word_1_94' title='bbox 809 847 908 880; x_wconf 87' lang='lat' dir='ltr'>quam</span> <span class='ocrx_word' id='word_1_95' title='bbox 929 836 1107 879; x_wconf 71' lang='lat' dir='ltr'>adjectiva,</span> 
     </span>
     <span class='ocr_line' id='line_1_16' title="bbox 237 882 1107 930; baseline 0 -12"><span class='ocrx_word' id='word_1_96' title='bbox 237 882 518 927; x_wconf 81' lang='lat' dir='ltr'>multiplicantur,</span> <span class='ocrx_word' id='word_1_97' title='bbox 544 896 613 919; x_wconf 88' lang='lat' dir='ltr'>non</span> <span class='ocrx_word' id='word_1_98' title='bbox 637 885 679 919; x_wconf 88' lang='lat' dir='ltr'>ad</span> <span class='ocrx_word' id='word_1_99' title='bbox 701 885 1012 930; x_wconf 80' lang='lat' dir='ltr'>multiplicationem</span> <span class='ocrx_word' id='word_1_100' title='bbox 1036 886 1107 919; x_wconf 87' lang='lat' dir='ltr'>for-</span> 
     </span>
     <span class='ocr_line' id='line_1_17' title="bbox 236 932 1105 978; baseline 0.002 -11"><span class='ocrx_word' id='word_1_101' title='bbox 236 943 295 967; x_wconf 66' lang='lat' dir='ltr'>ma</span> <span class='ocrx_word' id='word_1_102' title='bbox 314 932 495 977; x_wconf 68' lang='lat' dir='ltr'>subjestatae</span> <span class='ocrx_word' id='word_1_103' title='bbox 517 935 568 969; x_wconf 80' lang='lat' dir='ltr'>vel</span> <span class='ocrx_word' id='word_1_104' title='bbox 587 935 789 978; x_wconf 68' lang='lat' dir='ltr'>suppositam</span> <span class='ocrx_word' id='word_1_105' title='bbox 807 947 816 978; x_wconf 90' lang='lat'>;</span> <span class='ocrx_word' id='word_1_106' title='bbox 858 936 912 970; x_wconf 89' lang='lat' dir='ltr'>sed</span> <span class='ocrx_word' id='word_1_107' title='bbox 935 935 977 969; x_wconf 89' lang='lat' dir='ltr'>ad</span> <span class='ocrx_word' id='word_1_108' title='bbox 1003 934 1105 970; x_wconf 90' lang='lat' dir='ltr'>solam</span> 
     </span>
     <span class='ocr_line' id='line_1_18' title="bbox 235 981 1106 1030; baseline 0.002 -15"><span class='ocrx_word' id='word_1_109' title='bbox 235 981 548 1027; x_wconf 79' lang='lat' dir='ltr'>multiplicationem</span> <span class='ocrx_word' id='word_1_110' title='bbox 562 983 775 1028; x_wconf 59' lang='lat' dir='ltr'>subies-iorum</span> <span class='ocrx_word' id='word_1_111' title='bbox 786 987 835 1020; x_wconf 92' lang='lat' dir='ltr'>vel</span> <span class='ocrx_word' id='word_1_112' title='bbox 849 985 1106 1030; x_wconf 81' lang='lat' dir='ltr'>suppositorum:</span> 
     </span>
     <span class='ocr_line' id='line_1_19' title="bbox 235 1032 1107 1079; baseline 0.005 -14"><span class='ocrx_word' id='word_1_113' title='bbox 235 1032 321 1067; x_wconf 86' lang='lat' dir='ltr'>verb.</span> <span class='ocrx_word' id='word_1_114' title='bbox 330 1043 412 1077; x_wconf 83' lang='lat' dir='ltr'>grat.</span> <span class='ocrx_word' id='word_1_115' title='bbox 425 1033 595 1076; x_wconf 89' lang='lat' dir='ltr'>homines,</span> <span class='ocrx_word' id='word_1_116' title='bbox 622 1036 782 1077; x_wconf 83' lang='lat' dir='ltr'>artifices,</span> <span class='ocrx_word' id='word_1_117' title='bbox 808 1034 880 1071; x_wconf 87' lang='lat' dir='ltr'>alba</span> <span class='ocrx_word' id='word_1_118' title='bbox 895 1060 906 1076; x_wconf 95' lang='lat'>,</span> <span class='ocrx_word' id='word_1_119' title='bbox 926 1036 1107 1079; x_wconf 81' lang='lat' dir='ltr'>similiaque</span> 
     </span>
     <span class='ocr_line' id='line_1_20' title="bbox 233 1083 1105 1129; baseline 0.002 -12"><span class='ocrx_word' id='word_1_120' title='bbox 233 1083 298 1119; x_wconf 91' lang='lat' dir='ltr'>alia</span> <span class='ocrx_word' id='word_1_121' title='bbox 319 1093 471 1119; x_wconf 89' lang='lat' dir='ltr'>concreta</span> <span class='ocrx_word' id='word_1_122' title='bbox 495 1096 565 1120; x_wconf 89' lang='lat' dir='ltr'>non</span> <span class='ocrx_word' id='word_1_123' title='bbox 587 1085 849 1129; x_wconf 88' lang='lat' dir='ltr'>multiplicantur</span> <span class='ocrx_word' id='word_1_124' title='bbox 859 1084 899 1120; x_wconf 90' lang='lat' dir='ltr'>ad</span> <span class='ocrx_word' id='word_1_125' title='bbox 913 1086 1105 1129; x_wconf 89' lang='lat' dir='ltr'>multiplica·</span> 
     </span>
     <span class='ocr_line' id='line_1_21' title="bbox 236 1131 1104 1178; baseline 0 -10"><span class='ocrx_word' id='word_1_126' title='bbox 236 1133 364 1168; x_wconf 89' lang='lat' dir='ltr'>tionem</span> <span class='ocrx_word' id='word_1_127' title='bbox 377 1131 616 1172; x_wconf 77' lang='lat' dir='ltr'>humanitatum</span> <span class='ocrx_word' id='word_1_128' title='bbox 637 1160 648 1176; x_wconf 90' lang='lat'>,</span> <span class='ocrx_word' id='word_1_129' title='bbox 674 1137 790 1171; x_wconf 88' lang='lat' dir='ltr'>artium</span> <span class='ocrx_word' id='word_1_130' title='bbox 810 1159 822 1176; x_wconf 89' lang='lat'>‚</span> <span class='ocrx_word' id='word_1_131' title='bbox 847 1135 1104 1178; x_wconf 66' lang='lat' dir='ltr'>&amp;albedunum</span> 
     </span>
     <span class='ocr_line' id='line_1_22' title="bbox 236 1182 1106 1231; baseline 0.006 -16"><span class='ocrx_word' id='word_1_132' title='bbox 236 1182 290 1217; x_wconf 88' lang='lat' dir='ltr'>sed</span> <span class='ocrx_word' id='word_1_133' title='bbox 302 1183 343 1218; x_wconf 88' lang='lat' dir='ltr'>ad</span> <span class='ocrx_word' id='word_1_134' title='bbox 354 1185 456 1221; x_wconf 90' lang='lat' dir='ltr'>solam</span> <span class='ocrx_word' id='word_1_135' title='bbox 473 1185 781 1229; x_wconf 76' lang='lat' dir='ltr'>multiplicationem</span> <span class='ocrx_word' id='word_1_136' title='bbox 804 1187 1038 1231; x_wconf 77' lang='lat' dir='ltr'>suppofimrum</span> <span class='ocrx_word' id='word_1_137' title='bbox 1048 1196 1106 1220; x_wconf 89' lang='lat' dir='ltr'>aut</span> 
     </span>
     <span class='ocr_line' id='line_1_23' title="bbox 235 1233 1107 1278; baseline 0.006 -14"><span class='ocrx_word' id='word_1_138' title='bbox 235 1233 453 1275; x_wconf 67' lang='lat' dir='ltr'>subjeaorum</span> <span class='ocrx_word' id='word_1_139' title='bbox 471 1234 709 1271; x_wconf 84' lang='lat' dir='ltr'>humanitatem</span> <span class='ocrx_word' id='word_1_140' title='bbox 728 1261 739 1276; x_wconf 95' lang='lat'><em>‚</em></span> <span class='ocrx_word' id='word_1_141' title='bbox 765 1247 866 1271; x_wconf 90' lang='lat' dir='ltr'>artem</span> <span class='ocrx_word' id='word_1_142' title='bbox 888 1261 899 1278; x_wconf 91' lang='lat'>,</span> <span class='ocrx_word' id='word_1_143' title='bbox 925 1237 960 1271; x_wconf 87' lang='lat'>&amp;</span> <span class='ocrx_word' id='word_1_144' title='bbox 985 1236 1107 1271; x_wconf 87' lang='lat' dir='ltr'>albedi-</span> 
     </span>
     <span class='ocr_line' id='line_1_24' title="bbox 233 1283 1105 1330; baseline 0.006 -16"><span class='ocrx_word' id='word_1_145' title='bbox 233 1291 314 1315; x_wconf 84' lang='lat' dir='ltr'>nem</span> <span class='ocrx_word' id='word_1_146' title='bbox 334 1283 604 1326; x_wconf 86' lang='lat' dir='ltr'>suppositantium</span> <span class='ocrx_word' id='word_1_147' title='bbox 625 1285 677 1319; x_wconf 85' lang='lat' dir='ltr'>vel</span> <span class='ocrx_word' id='word_1_148' title='bbox 703 1286 950 1330; x_wconf 66' lang='lat' dir='ltr'>subjessantium</span> <span class='ocrx_word' id='word_1_149' title='bbox 965 1311 973 1320; x_wconf 88' lang='lat'><strong>.</strong></span> <span class='ocrx_word' id='word_1_150' title='bbox 1015 1287 1105 1329; x_wconf 84' lang='lat' dir='ltr'>Ergo</span> 
     </span>
     <span class='ocr_line' id='line_1_25' title="bbox 233 1329 1105 1380; baseline 0.008 -15"><span class='ocrx_word' id='word_1_151' title='bbox 233 1329 367 1366; x_wconf 87' lang='lat' dir='ltr'>termini</span> <span class='ocrx_word' id='word_1_152' title='bbox 378 1333 577 1374; x_wconf 80' lang='lat' dir='ltr'>numerales,</span> <span class='ocrx_word' id='word_1_153' title='bbox 597 1335 858 1379; x_wconf 89' lang='lat' dir='ltr'>quibuscumque</span> <span class='ocrx_word' id='word_1_154' title='bbox 868 1358 879 1375; x_wconf 87' lang='lat'>,</span> <span class='ocrx_word' id='word_1_155' title='bbox 894 1346 932 1371; x_wconf 85' lang='lat' dir='ltr'>ac</span> <span class='ocrx_word' id='word_1_156' title='bbox 944 1333 1105 1380; x_wconf 85' lang='lat' dir='ltr'>qualibus·</span> 
     </span>
     <span class='ocr_line' id='line_1_26' title="bbox 232 1383 1104 1431; baseline 0.007 -16"><span class='ocrx_word' id='word_1_157' title='bbox 232 1392 376 1425; x_wconf 87' lang='lat' dir='ltr'>cumque</span> <span class='ocrx_word' id='word_1_158' title='bbox 395 1385 558 1420; x_wconf 78' lang='lat' dir='ltr'>concretis</span> <span class='ocrx_word' id='word_1_159' title='bbox 585 1385 793 1427; x_wconf 82' lang='lat' dir='ltr'>tribuantur,</span> <span class='ocrx_word' id='word_1_160' title='bbox 821 1397 989 1431; x_wconf 87' lang='lat' dir='ltr'>nunquam</span> <span class='ocrx_word' id='word_1_161' title='bbox 1001 1383 1104 1429; x_wconf 89' lang='lat' dir='ltr'>appel-</span> 
     </span>
     <span class='ocr_line' id='line_1_27' title="bbox 235 1431 1104 1479; baseline 0.006 -15"><span class='ocrx_word' id='word_1_162' title='bbox 235 1431 306 1464; x_wconf 79' lang='lat' dir='ltr'>lant</span> <span class='ocrx_word' id='word_1_163' title='bbox 317 1433 409 1474; x_wconf 88' lang='lat' dir='ltr'>supra</span> <span class='ocrx_word' id='word_1_164' title='bbox 432 1433 592 1477; x_wconf 66' lang='lat' dir='ltr'>forman-13</span> <span class='ocrx_word' id='word_1_165' title='bbox 618 1435 673 1469; x_wconf 85' lang='lat' dir='ltr'>sed</span> <span class='ocrx_word' id='word_1_166' title='bbox 687 1436 808 1479; x_wconf 78' lang='lat' dir='ltr'>semper</span> <span class='ocrx_word' id='word_1_167' title='bbox 826 1437 918 1479; x_wconf 91' lang='lat' dir='ltr'>supra</span> <span class='ocrx_word' id='word_1_168' title='bbox 929 1435 1104 1479; x_wconf 64' lang='lat' dir='ltr'>subjectum</span> 
     </span>
     <span class='ocr_line' id='line_1_28' title="bbox 232 1481 1104 1528; baseline 0.006 -15"><span class='ocrx_word' id='word_1_169' title='bbox 232 1481 288 1514; x_wconf 69' lang='lat' dir='ltr'>vel</span> <span class='ocrx_word' id='word_1_170' title='bbox 311 1482 526 1525; x_wconf 84' lang='lat' dir='ltr'>suppofitum:</span> <span class='ocrx_word' id='word_1_171' title='bbox 553 1485 700 1528; x_wconf 88' lang='lat' dir='ltr'>adeoque</span> <span class='ocrx_word' id='word_1_172' title='bbox 720 1485 884 1528; x_wconf 87' lang='lat' dir='ltr'>appellant</span> <span class='ocrx_word' id='word_1_173' title='bbox 904 1486 1028 1528; x_wconf 86' lang='lat' dir='ltr'>semper</span> <span class='ocrx_word' id='word_1_174' title='bbox 1050 1496 1104 1527; x_wconf 90' lang='lat' dir='ltr'>ap-</span> 
     </span>
     <span class='ocr_line' id='line_1_29' title="bbox 229 1529 1105 1577; baseline 0.007 -15"><span class='ocrx_word' id='word_1_175' title='bbox 229 1529 410 1574; x_wconf 81' lang='lat' dir='ltr'>pellatione</span> <span class='ocrx_word' id='word_1_176' title='bbox 420 1533 580 1567; x_wconf 85' lang='lat' dir='ltr'>materiali</span> <span class='ocrx_word' id='word_1_177' title='bbox 595 1557 608 1574; x_wconf 91' lang='lat'>,</span> <span class='ocrx_word' id='word_1_178' title='bbox 633 1545 804 1577; x_wconf 88' lang='lat' dir='ltr'>nunquam</span> <span class='ocrx_word' id='word_1_179' title='bbox 817 1534 967 1568; x_wconf 87' lang='lat' dir='ltr'>formali.</span> <span class='ocrx_word' id='word_1_180' title='bbox 995 1534 1105 1568; x_wconf 73' lang='lat' dir='ltr'>Proba·</span> 
     </span>
     <span class='ocr_line' id='line_1_30' title="bbox 229 1581 1103 1629; baseline 0.007 -17"><span class='ocrx_word' id='word_1_181' title='bbox 229 1588 281 1613; x_wconf 73' lang='lat' dir='ltr'>tur</span> <span class='ocrx_word' id='word_1_182' title='bbox 300 1586 413 1614; x_wconf 77' lang='lat' dir='ltr'>minor:</span> <span class='ocrx_word' id='word_1_183' title='bbox 441 1581 531 1629; x_wconf 84' lang='lat' dir='ltr'>Qia</span> <span class='ocrx_word' id='word_1_184' title='bbox 545 1594 698 1618; x_wconf 87' lang='lat' dir='ltr'>concrete</span> <span class='ocrx_word' id='word_1_185' title='bbox 719 1583 980 1627; x_wconf 84' lang='lat' dir='ltr'>multiplicantur</span> <span class='ocrx_word' id='word_1_186' title='bbox 994 1585 1103 1619; x_wconf 84' lang='lat' dir='ltr'>multi·</span> 
     </span>
     <span class='ocr_line' id='line_1_31' title="bbox 229 1628 1104 1678; baseline 0.007 -16"><span class='ocrx_word' id='word_1_187' title='bbox 229 1628 352 1673; x_wconf 83' lang='lat' dir='ltr'>plicato</span> <span class='ocrx_word' id='word_1_188' title='bbox 373 1632 430 1666; x_wconf 89' lang='lat' dir='ltr'>suo</span> <span class='ocrx_word' id='word_1_189' title='bbox 452 1633 636 1677; x_wconf 85' lang='lat' dir='ltr'>fignificato</span> <span class='ocrx_word' id='word_1_190' title='bbox 660 1635 767 1668; x_wconf 67' lang='lat' dir='ltr'>recto:</span> <span class='ocrx_word' id='word_1_191' title='bbox 794 1632 879 1667; x_wconf 87' lang='lat' dir='ltr'>verb.</span> <span class='ocrx_word' id='word_1_192' title='bbox 892 1645 940 1678; x_wconf 86' lang='lat' dir='ltr'>gr.</span> <span class='ocrx_word' id='word_1_193' title='bbox 952 1632 1104 1672; x_wconf 86' lang='lat' dir='ltr'>homines</span> 
     </span>
     <span class='ocr_line' id='line_1_32' title="bbox 228 1679 1105 1727; baseline 0.003 -12"><span class='ocrx_word' id='word_1_194' title='bbox 228 1679 490 1723; x_wconf 83' lang='lat' dir='ltr'>multiplicantur</span> <span class='ocrx_word' id='word_1_195' title='bbox 515 1682 736 1726; x_wconf 88' lang='lat' dir='ltr'>multiplicato</span> <span class='ocrx_word' id='word_1_196' title='bbox 757 1685 844 1718; x_wconf 68' lang='lat' dir='ltr'>resto</span> <span class='ocrx_word' id='word_1_197' title='bbox 856 1682 1036 1727; x_wconf 79' lang='lat' dir='ltr'>significato</span> <span class='ocrx_word' id='word_1_198' title='bbox 1049 1694 1105 1718; x_wconf 88' lang='lat' dir='ltr'>vo·</span> 
     </span>
     <span class='ocr_line' id='line_1_33' title="bbox 227 1728 1104 1778; baseline 0.007 -16"><span class='ocrx_word' id='word_1_199' title='bbox 227 1728 277 1762; x_wconf 91' lang='lat' dir='ltr'>cis</span> <span class='ocrx_word' id='word_1_200' title='bbox 297 1728 398 1764; x_wconf 81' lang='lat' dir='ltr'>bomo:</span> <span class='ocrx_word' id='word_1_201' title='bbox 427 1729 492 1766; x_wconf 87' lang='lat' dir='ltr'>hoc</span> <span class='ocrx_word' id='word_1_202' title='bbox 513 1733 586 1777; x_wconf 83' lang='lat' dir='ltr'>quis</span> <span class='ocrx_word' id='word_1_203' title='bbox 607 1734 731 1778; x_wconf 79' lang='lat' dir='ltr'>neget?</span> <span class='ocrx_word' id='word_1_204' title='bbox 756 1733 862 1778; x_wconf 84' lang='lat' dir='ltr'>Atqui</span> <span class='ocrx_word' id='word_1_205' title='bbox 888 1733 1104 1778; x_wconf 78' lang='lat' dir='ltr'>significatum</span> 
     </span>
     <span class='ocr_line' id='line_1_34' title="bbox 227 1780 1103 1827; baseline 0.005 -15"><span class='ocrx_word' id='word_1_206' title='bbox 227 1780 350 1814; x_wconf 69' lang='lat' dir='ltr'>rectum</span> <span class='ocrx_word' id='word_1_207' title='bbox 360 1780 394 1815; x_wconf 73' lang='lat' dir='ltr'>dc</span> <span class='ocrx_word' id='word_1_208' title='bbox 406 1781 571 1817; x_wconf 88' lang='lat' dir='ltr'>materiale</span> <span class='ocrx_word' id='word_1_209' title='bbox 581 1783 816 1827; x_wconf 88' lang='lat' dir='ltr'>cujuscumque</span> <span class='ocrx_word' id='word_1_210' title='bbox 828 1807 839 1823; x_wconf 92' lang='lat'>,</span> <span class='ocrx_word' id='word_1_211' title='bbox 859 1794 897 1817; x_wconf 88' lang='lat' dir='ltr'>ac</span> <span class='ocrx_word' id='word_1_212' title='bbox 908 1783 1103 1825; x_wconf 88' lang='lat' dir='ltr'>qualiscum-</span> 
     </span>
     <span class='ocr_line' id='line_1_35' title="bbox 226 1831 1102 1879; baseline 0.006 -17"><span class='ocrx_word' id='word_1_213' title='bbox 226 1838 292 1870; x_wconf 81' lang='lat' dir='ltr'>que</span> <span class='ocrx_word' id='word_1_214' title='bbox 302 1831 448 1865; x_wconf 88' lang='lat' dir='ltr'>concreti</span> <span class='ocrx_word' id='word_1_215' title='bbox 461 1842 529 1867; x_wconf 87' lang='lat' dir='ltr'>non</span> <span class='ocrx_word' id='word_1_216' title='bbox 541 1832 586 1867; x_wconf 80' lang='lat' dir='ltr'>est</span> <span class='ocrx_word' id='word_1_217' title='bbox 598 1832 704 1867; x_wconf 90' lang='lat' dir='ltr'>forma</span> <span class='ocrx_word' id='word_1_218' title='bbox 716 1846 731 1875; x_wconf 90' lang='lat'><em>;</em></span> <span class='ocrx_word' id='word_1_219' title='bbox 747 1832 921 1879; x_wconf 39' lang='lat' dir='ltr'>sed-formae</span> <span class='ocrx_word' id='word_1_220' title='bbox 933 1832 1102 1876; x_wconf 68' lang='lat' dir='ltr'>subJeaum</span> 
     </span>
     <span class='ocr_line' id='line_1_36' title="bbox 227 1877 1100 1930; baseline 0.006 -18"><span class='ocrx_word' id='word_1_221' title='bbox 227 1877 280 1912; x_wconf 82' lang='lat' dir='ltr'>vel</span> <span class='ocrx_word' id='word_1_222' title='bbox 299 1880 521 1924; x_wconf 80' lang='lat' dir='ltr'>suppositum.-</span> <span class='ocrx_word' id='word_1_223' title='bbox 549 1893 584 1916; x_wconf 92' lang='lat' dir='ltr'>ut</span> <span class='ocrx_word' id='word_1_224' title='bbox 604 1881 680 1920; x_wconf 72' lang='lat' dir='ltr'>dixi.</span> <span class='ocrx_word' id='word_1_225' title='bbox 699 1883 807 1927; x_wconf 87' lang='lat' dir='ltr'>snpra.</span> <span class='ocrx_word' id='word_1_226' title='bbox 836 1883 926 1928; x_wconf 85' lang='lat' dir='ltr'>Ergo</span> <span class='ocrx_word' id='word_1_227' title='bbox 947 1893 1100 1930; x_wconf 79' lang='lat' dir='ltr'>concreta</span> 
     </span>
     <span class='ocr_line' id='line_1_37' title="bbox 226 1930 1102 1974; baseline 0.003 -13"><span class='ocrx_word' id='word_1_228' title='bbox 226 1930 341 1962; x_wconf 82' lang='lat' dir='ltr'>omnia</span> <span class='ocrx_word' id='word_1_229' title='bbox 362 1930 503 1964; x_wconf 67' lang='lat' dir='ltr'>omnin&amp;</span> <span class='ocrx_word' id='word_1_230' title='bbox 521 1932 780 1974; x_wconf 86' lang='lat' dir='ltr'>multiplicantur</span> <span class='ocrx_word' id='word_1_231' title='bbox 803 1943 871 1965; x_wconf 89' lang='lat' dir='ltr'>non</span> <span class='ocrx_word' id='word_1_232' title='bbox 896 1933 937 1965; x_wconf 84' lang='lat' dir='ltr'>ad</span> <span class='ocrx_word' id='word_1_233' title='bbox 948 1933 1102 1972; x_wconf 85' lang='lat' dir='ltr'>multipli-</span> 
     </span>
     <span class='ocr_line' id='line_1_38' title="bbox 226 1977 1100 2022; baseline 0.006 -13"><span class='ocrx_word' id='word_1_234' title='bbox 226 1977 392 2012; x_wconf 83' lang='lat' dir='ltr'>cationem</span> <span class='ocrx_word' id='word_1_235' title='bbox 413 1979 542 2020; x_wconf 79' lang='lat' dir='ltr'>formae,</span> <span class='ocrx_word' id='word_1_236' title='bbox 568 1980 623 2014; x_wconf 89' lang='lat' dir='ltr'>sed</span> <span class='ocrx_word' id='word_1_237' title='bbox 645 1980 685 2015; x_wconf 92' lang='lat' dir='ltr'>ad</span> <span class='ocrx_word' id='word_1_238' title='bbox 706 1980 1016 2022; x_wconf 84' lang='lat' dir='ltr'>multiplicationem</span> <span class='ocrx_word' id='word_1_239' title='bbox 1030 1979 1100 2014; x_wconf 84' lang='lat' dir='ltr'>sub·</span> 
     </span>
     <span class='ocr_line' id='line_1_39' title="bbox 226 2023 1100 2074; baseline 0.006 -15"><span class='ocrx_word' id='word_1_240' title='bbox 226 2023 299 2069; x_wconf 65' lang='lat' dir='ltr'>jeai</span> <span class='ocrx_word' id='word_1_241' title='bbox 313 2027 362 2061; x_wconf 90' lang='lat' dir='ltr'>vel</span> <span class='ocrx_word' id='word_1_242' title='bbox 375 2027 527 2072; x_wconf 80' lang='lat' dir='ltr'>suppositi</span> <span class='ocrx_word' id='word_1_243' title='bbox 540 2053 548 2062; x_wconf 93' lang='lat'><strong>.</strong></span> <span class='ocrx_word' id='word_1_244' title='bbox 575 2028 652 2064; x_wconf 87' lang='lat' dir='ltr'>Scio</span> <span class='ocrx_word' id='word_1_245' title='bbox 671 2029 894 2074; x_wconf 56' lang='lat' dir='ltr'>&amp;quibusdam</span> <span class='ocrx_word' id='word_1_246' title='bbox 919 2030 1029 2074; x_wconf 88' lang='lat' dir='ltr'>negari</span> <span class='ocrx_word' id='word_1_247' title='bbox 1043 2030 1100 2064; x_wconf 89' lang='lat' dir='ltr'>mi·</span> 
     </span>
     <span class='ocr_line' id='line_1_40' title="bbox 226 2078 1100 2121; baseline 0.003 -13"><span class='ocrx_word' id='word_1_248' title='bbox 226 2085 361 2115; x_wconf 83' lang='lat' dir='ltr'>norem,</span> <span class='ocrx_word' id='word_1_249' title='bbox 389 2089 428 2111; x_wconf 89' lang='lat' dir='ltr'>ac</span> <span class='ocrx_word' id='word_1_250' title='bbox 449 2078 538 2118; x_wconf 89' lang='lat' dir='ltr'>dici,</span> <span class='ocrx_word' id='word_1_251' title='bbox 559 2079 651 2121; x_wconf 83' lang='lat' dir='ltr'>quod</span> <span class='ocrx_word' id='word_1_252' title='bbox 676 2090 832 2114; x_wconf 87' lang='lat' dir='ltr'>concreta</span> <span class='ocrx_word' id='word_1_253' title='bbox 856 2079 1052 2113; x_wconf 83' lang='lat' dir='ltr'>substantiva</span> <span class='ocrx_word' id='word_1_254' title='bbox 1066 2081 1100 2112; x_wconf 87' lang='lat' dir='ltr'>in</span> 
     </span>
     <span class='ocr_line' id='line_1_41' title="bbox 223 2125 1099 2169; baseline 0.001 -10"><span class='ocrx_word' id='word_1_255' title='bbox 223 2125 524 2168; x_wconf 73' lang='lat' dir='ltr'>restosignificent,</span> <span class='ocrx_word' id='word_1_256' title='bbox 550 2137 620 2160; x_wconf 86' lang='lat' dir='ltr'>non</span> <span class='ocrx_word' id='word_1_257' title='bbox 647 2127 868 2169; x_wconf 73' lang='lat' dir='ltr'>suppositum,</span> <span class='ocrx_word' id='word_1_258' title='bbox 894 2128 946 2160; x_wconf 88' lang='lat' dir='ltr'>sed</span> <span class='ocrx_word' id='word_1_259' title='bbox 959 2128 1099 2160; x_wconf 87' lang='lat' dir='ltr'>formam</span> 
     </span>
     <span class='ocr_line' id='line_1_42' title="bbox 221 2173 1100 2222; baseline 0.005 -15"><span class='ocrx_word' id='word_1_260' title='bbox 221 2174 472 2218; x_wconf 79' lang='lat' dir='ltr'>suppofitatam:</span> <span class='ocrx_word' id='word_1_261' title='bbox 501 2175 548 2211; x_wconf 79' lang='lat' dir='ltr'>At</span> <span class='ocrx_word' id='word_1_262' title='bbox 567 2173 608 2210; x_wconf 87' lang='lat' dir='ltr'>de</span> <span class='ocrx_word' id='word_1_263' title='bbox 631 2173 696 2210; x_wconf 89' lang='lat' dir='ltr'>hoc</span> <span class='ocrx_word' id='word_1_264' title='bbox 719 2174 790 2210; x_wconf 84' lang='lat' dir='ltr'>dixi</span> <span class='ocrx_word' id='word_1_265' title='bbox 805 2176 879 2210; x_wconf 88' lang='lat' dir='ltr'>satis</span> <span class='ocrx_word' id='word_1_266' title='bbox 895 2177 986 2220; x_wconf 89' lang='lat' dir='ltr'>supra</span> <span class='ocrx_word' id='word_1_267' title='bbox 1000 2187 1100 2222; x_wconf 88' lang='lat' dir='ltr'>agens</span> 
     </span>
    </p>
   </div>
   <div class='ocr_carea' id='block_1_3' title="bbox 223 2223 1095 2317">
    <p class='ocr_par' dir='ltr' id='par_1_4' title="bbox 223 2223 1095 2317">
     <span class='ocr_line' id='line_1_43' title="bbox 223 2223 546 2259; baseline 0 -1"><span class='ocrx_word' id='word_1_268' title='bbox 223 2223 267 2258; x_wconf 85' lang='lat' dir='ltr'>de</span> <span class='ocrx_word' id='word_1_269' title='bbox 285 2235 367 2258; x_wconf 84' lang='lat' dir='ltr'>voce</span> <span class='ocrx_word' id='word_1_270' title='bbox 378 2235 528 2259; x_wconf 86' lang='lat' dir='ltr'>concreta</span> <span class='ocrx_word' id='word_1_271' title='bbox 538 2250 546 2258; x_wconf 88' lang='lat'>.</span> 
     </span>
     <span class='ocr_line' id='line_1_44' title="bbox 276 2273 1095 2317; baseline -0.001 -9"><span class='ocrx_word' id='word_1_272' title='bbox 276 2282 330 2315; x_wconf 82' lang='lat'>29·</span> <span class='ocrx_word' id='word_1_273' title='bbox 358 2273 477 2315; x_wconf 86' lang='lat' dir='ltr'>Neque</span> <span class='ocrx_word' id='word_1_274' title='bbox 488 2274 573 2307; x_wconf 89' lang='lat' dir='ltr'>ratio</span> <span class='ocrx_word' id='word_1_275' title='bbox 585 2273 666 2306; x_wconf 89' lang='lat' dir='ltr'>Divi</span> <span class='ocrx_word' id='word_1_276' title='bbox 678 2273 821 2307; x_wconf 66' lang='lat' dir='ltr'>Thomas</span> <span class='ocrx_word' id='word_1_277' title='bbox 832 2273 956 2317; x_wconf 89' lang='lat' dir='ltr'>aliquid</span> <span class='ocrx_word' id='word_1_278' title='bbox 973 2273 1095 2316; x_wconf 89' lang='lat' dir='ltr'>probat.</span> 
     </span>
    </p>
   </div>
   <div class='ocr_carea' id='block_1_4' title="bbox 223 2320 1103 2366">
    <p class='ocr_par' dir='ltr' id='par_1_5' title="bbox 223 2320 1103 2366">
     <span class='ocr_line' id='line_1_45' title="bbox 223 2320 1103 2366; baseline 0 -11"><span class='ocrx_word' id='word_1_279' title='bbox 223 2320 388 2365; x_wconf 85' lang='lat' dir='ltr'>Neganda</span> <span class='ocrx_word' id='word_1_280' title='bbox 401 2321 521 2365; x_wconf 88' lang='lat' dir='ltr'>quippe</span> <span class='ocrx_word' id='word_1_281' title='bbox 542 2321 588 2355; x_wconf 88' lang='lat' dir='ltr'>est</span> <span class='ocrx_word' id='word_1_282' title='bbox 609 2322 698 2356; x_wconf 88' lang='lat' dir='ltr'>illius</span> <span class='ocrx_word' id='word_1_283' title='bbox 720 2323 823 2366; x_wconf 86' lang='lat' dir='ltr'>major</span> <span class='ocrx_word' id='word_1_284' title='bbox 835 2322 1001 2356; x_wconf 86' lang='lat' dir='ltr'>&amp;minor.</span> <span class='ocrx_word' id='word_1_285' title='bbox 1029 2326 1103 2355; x_wconf 78' lang='lat' dir='ltr'>Ma·</span> 
     </span>
    </p>
   </div>
   <div class='ocr_carea' id='block_1_5' title="bbox 217 2370 1097 3468">
    <p class='ocr_par' dir='ltr' id='par_1_6' title="bbox 217 2370 1097 3359">
     <span class='ocr_line' id='line_1_46' title="bbox 219 2370 1097 2415; baseline 0.003 -13"><span class='ocrx_word' id='word_1_286' title='bbox 219 2372 271 2411; x_wconf 80' lang='lat' dir='ltr'>jor</span> <span class='ocrx_word' id='word_1_287' title='bbox 284 2371 348 2404; x_wconf 84' lang='lat' dir='ltr'>baec</span> <span class='ocrx_word' id='word_1_288' title='bbox 358 2370 395 2411; x_wconf 71' lang='lat' dir='ltr'>est</span> <span class='ocrx_word' id='word_1_289' title='bbox 409 2383 416 2404; x_wconf 73' lang='grc' dir='ltr'><strong><em>ε</em></strong></span> <span class='ocrx_word' id='word_1_290' title='bbox 442 2371 597 2406; x_wconf 88' lang='lat' dir='ltr'>Termini</span> <span class='ocrx_word' id='word_1_291' title='bbox 617 2372 794 2406; x_wconf 89' lang='lat' dir='ltr'>numerales</span> <span class='ocrx_word' id='word_1_292' title='bbox 817 2381 944 2415; x_wconf 89' lang='lat' dir='ltr'>ponunt</span> <span class='ocrx_word' id='word_1_293' title='bbox 957 2373 1048 2406; x_wconf 90' lang='lat' dir='ltr'>suum</span> <span class='ocrx_word' id='word_1_294' title='bbox 1061 2372 1097 2405; x_wconf 87' lang='lat' dir='ltr'>fi-</span> 
     </span>
     <span class='ocr_line' id='line_1_47' title="bbox 222 2420 1097 2468; baseline 0.003 -15"><span class='ocrx_word' id='word_1_295' title='bbox 222 2420 419 2466; x_wconf 83' lang='lat' dir='ltr'>gnificatum</span> <span class='ocrx_word' id='word_1_296' title='bbox 432 2422 569 2456; x_wconf 88' lang='lat' dir='ltr'>formale</span> <span class='ocrx_word' id='word_1_297' title='bbox 581 2422 673 2466; x_wconf 89' lang='lat' dir='ltr'>supra</span> <span class='ocrx_word' id='word_1_298' title='bbox 688 2421 903 2468; x_wconf 84' lang='lat' dir='ltr'>fignificatum</span> <span class='ocrx_word' id='word_1_299' title='bbox 918 2421 1097 2466; x_wconf 86' lang='lat' dir='ltr'>principale</span> 
     </span>
     <span class='ocr_line' id='line_1_48' title="bbox 223 2469 1095 2515; baseline 0.001 -12"><span class='ocrx_word' id='word_1_300' title='bbox 223 2469 316 2504; x_wconf 87' lang='lat' dir='ltr'>vocis</span> <span class='ocrx_word' id='word_1_301' title='bbox 327 2493 339 2510; x_wconf 86' lang='lat'>‚</span> <span class='ocrx_word' id='word_1_302' title='bbox 349 2471 403 2504; x_wconf 89' lang='lat' dir='ltr'>cui</span> <span class='ocrx_word' id='word_1_303' title='bbox 415 2470 602 2506; x_wconf 87' lang='lat' dir='ltr'>tribuuntur</span> <span class='ocrx_word' id='word_1_304' title='bbox 613 2496 621 2505; x_wconf 92' lang='lat'><em>.</em></span> <span class='ocrx_word' id='word_1_305' title='bbox 649 2475 747 2506; x_wconf 77' lang='lat' dir='ltr'>Minor</span> <span class='ocrx_word' id='word_1_306' title='bbox 758 2474 829 2506; x_wconf 70' lang='lat' dir='ltr'>verb</span> <span class='ocrx_word' id='word_1_307' title='bbox 843 2471 879 2512; x_wconf 75' lang='lat' dir='ltr'>est</span> <span class='ocrx_word' id='word_1_308' title='bbox 890 2470 953 2505; x_wconf 81' lang='lat' dir='ltr'>baec</span> <span class='ocrx_word' id='word_1_309' title='bbox 962 2484 974 2506; x_wconf 90' lang='grc'>.·</span> <span class='ocrx_word' id='word_1_310' title='bbox 990 2470 1095 2515; x_wconf 87' lang='lat' dir='ltr'>Atqui</span> 
     </span>
     <span class='ocr_line' id='line_1_49' title="bbox 223 2521 1093 2566; baseline 0.002 -12"><span class='ocrx_word' id='word_1_311' title='bbox 223 2529 321 2554; x_wconf 82' lang='lat' dir='ltr'>voces</span> <span class='ocrx_word' id='word_1_312' title='bbox 333 2531 491 2555; x_wconf 66' lang='lat' dir='ltr'>concretae</span> <span class='ocrx_word' id='word_1_313' title='bbox 506 2521 670 2565; x_wconf 68' lang='lat' dir='ltr'>adjectiva</span> <span class='ocrx_word' id='word_1_314' title='bbox 681 2533 738 2566; x_wconf 89' lang='lat' dir='ltr'>pro</span> <span class='ocrx_word' id='word_1_315' title='bbox 749 2521 918 2566; x_wconf 91' lang='lat' dir='ltr'>principali</span> <span class='ocrx_word' id='word_1_316' title='bbox 931 2522 988 2555; x_wconf 94' lang='lat' dir='ltr'>suo</span> <span class='ocrx_word' id='word_1_317' title='bbox 1000 2522 1093 2566; x_wconf 90' lang='lat' dir='ltr'>signi-</span> 
     </span>
     <span class='ocr_line' id='line_1_50' title="bbox 222 2569 1094 2616; baseline 0.003 -13"><span class='ocrx_word' id='word_1_318' title='bbox 222 2570 322 2604; x_wconf 84' lang='lat' dir='ltr'>ficato</span> <span class='ocrx_word' id='word_1_319' title='bbox 343 2569 465 2606; x_wconf 86' lang='lat' dir='ltr'>babent</span> <span class='ocrx_word' id='word_1_320' title='bbox 485 2571 663 2615; x_wconf 70' lang='lat' dir='ltr'>subjeetum</span> <span class='ocrx_word' id='word_1_321' title='bbox 687 2572 738 2607; x_wconf 85' lang='lat' dir='ltr'>vel</span> <span class='ocrx_word' id='word_1_322' title='bbox 750 2573 946 2616; x_wconf 82' lang='lat' dir='ltr'>suppositum</span> <span class='ocrx_word' id='word_1_323' title='bbox 959 2573 1072 2606; x_wconf 81' lang='lat' dir='ltr'>formae</span> <span class='ocrx_word' id='word_1_324' title='bbox 1087 2597 1094 2605; x_wconf 93' lang='lat'>.</span> 
     </span>
     <span class='ocr_line' id='line_1_51' title="bbox 222 2618 1090 2666; baseline 0 -12"><span class='ocrx_word' id='word_1_325' title='bbox 222 2618 398 2663; x_wconf 83' lang='lat' dir='ltr'>Utraque,</span> <span class='ocrx_word' id='word_1_326' title='bbox 427 2620 561 2664; x_wconf 89' lang='lat' dir='ltr'>inquam</span> <span class='ocrx_word' id='word_1_327' title='bbox 576 2644 586 2661; x_wconf 92' lang='lat'>,</span> <span class='ocrx_word' id='word_1_328' title='bbox 597 2621 664 2656; x_wconf 85' lang='lat' dir='ltr'>haec</span> <span class='ocrx_word' id='word_1_329' title='bbox 678 2622 854 2665; x_wconf 84' lang='lat' dir='ltr'>propositio</span> <span class='ocrx_word' id='word_1_330' title='bbox 865 2621 909 2656; x_wconf 86' lang='lat' dir='ltr'>est</span> <span class='ocrx_word' id='word_1_331' title='bbox 922 2623 1090 2666; x_wconf 86' lang='lat' dir='ltr'>neganda:</span> 
     </span>
     <span class='ocr_line' id='line_1_52' title="bbox 220 2668 1087 2714; baseline 0.003 -11"><span class='ocrx_word' id='word_1_332' title='bbox 220 2668 339 2703; x_wconf 88' lang='lat' dir='ltr'>Minor</span> <span class='ocrx_word' id='word_1_333' title='bbox 359 2668 491 2712; x_wconf 85' lang='lat' dir='ltr'>quidem</span> <span class='ocrx_word' id='word_1_334' title='bbox 504 2693 515 2709; x_wconf 85' lang='lat'>,</span> <span class='ocrx_word' id='word_1_335' title='bbox 541 2671 618 2712; x_wconf 88' lang='lat' dir='ltr'>quia</span> <span class='ocrx_word' id='word_1_336' title='bbox 640 2670 674 2704; x_wconf 88' lang='lat' dir='ltr'>in</span> <span class='ocrx_word' id='word_1_337' title='bbox 697 2672 808 2714; x_wconf 87' lang='lat' dir='ltr'>quavis</span> <span class='ocrx_word' id='word_1_338' title='bbox 827 2682 908 2706; x_wconf 91' lang='lat' dir='ltr'>voce</span> <span class='ocrx_word' id='word_1_339' title='bbox 918 2682 1087 2712; x_wconf 90' lang='lat' dir='ltr'>concreta,</span> 
     </span>
     <span class='ocr_line' id='line_1_53' title="bbox 220 2718 1091 2765; baseline 0.006 -14"><span class='ocrx_word' id='word_1_340' title='bbox 220 2719 290 2752; x_wconf 81' lang='lat' dir='ltr'>fine</span> <span class='ocrx_word' id='word_1_341' title='bbox 311 2719 467 2762; x_wconf 68' lang='lat' dir='ltr'>adjestiva</span> <span class='ocrx_word' id='word_1_342' title='bbox 489 2720 543 2753; x_wconf 90' lang='lat' dir='ltr'>seu</span> <span class='ocrx_word' id='word_1_343' title='bbox 554 2718 751 2754; x_wconf 81' lang='lat' dir='ltr'>substantiva</span> <span class='ocrx_word' id='word_1_344' title='bbox 763 2744 775 2760; x_wconf 94' lang='lat'>,</span> <span class='ocrx_word' id='word_1_345' title='bbox 800 2721 885 2755; x_wconf 87' lang='lat' dir='ltr'>verb.</span> <span class='ocrx_word' id='word_1_346' title='bbox 901 2733 946 2765; x_wconf 87' lang='lat' dir='ltr'>gr.</span> <span class='ocrx_word' id='word_1_347' title='bbox 961 2722 994 2754; x_wconf 93' lang='lat' dir='ltr'>in</span> <span class='ocrx_word' id='word_1_348' title='bbox 1006 2723 1091 2756; x_wconf 87' lang='lat' dir='ltr'>voci·</span> 
     </span>
     <span class='ocr_line' id='line_1_54' title="bbox 222 2767 1090 2812; baseline 0.002 -10"><span class='ocrx_word' id='word_1_349' title='bbox 222 2767 306 2808; x_wconf 88' lang='lat' dir='ltr'>bus,</span> <span class='ocrx_word' id='word_1_350' title='bbox 334 2776 447 2809; x_wconf 81' lang='lat' dir='ltr'>Homo,</span> <span class='ocrx_word' id='word_1_351' title='bbox 474 2773 576 2810; x_wconf 85' lang='lat' dir='ltr'>Deus,</span> <span class='ocrx_word' id='word_1_352' title='bbox 601 2770 735 2811; x_wconf 78' lang='lat' dir='ltr'>artifex,</span> <span class='ocrx_word' id='word_1_353' title='bbox 761 2769 866 2811; x_wconf 80' lang='lat' dir='ltr'>albus,</span> <span class='ocrx_word' id='word_1_354' title='bbox 892 2771 991 2803; x_wconf 59' lang='lat' dir='ltr'>dorsus</span> <span class='ocrx_word' id='word_1_355' title='bbox 1004 2796 1015 2812; x_wconf 91' lang='lat'>,</span> <span class='ocrx_word' id='word_1_356' title='bbox 1032 2773 1090 2805; x_wconf 59' lang='lat' dir='ltr'>&amp;a</span> 
     </span>
     <span class='ocr_line' id='line_1_55' title="bbox 220 2818 1089 2865; baseline 0.006 -14"><span class='ocrx_word' id='word_1_357' title='bbox 220 2818 436 2862; x_wconf 78' lang='lat' dir='ltr'>fignificatum</span> <span class='ocrx_word' id='word_1_358' title='bbox 460 2819 636 2863; x_wconf 88' lang='lat' dir='ltr'>principale</span> <span class='ocrx_word' id='word_1_359' title='bbox 659 2820 704 2854; x_wconf 89' lang='lat' dir='ltr'>est</span> <span class='ocrx_word' id='word_1_360' title='bbox 731 2830 839 2854; x_wconf 90' lang='lat' dir='ltr'>earum</span> <span class='ocrx_word' id='word_1_361' title='bbox 874 2820 1089 2865; x_wconf 76' lang='lat' dir='ltr'>significatum</span> 
     </span>
     <span class='ocr_line' id='line_1_56' title="bbox 220 2867 1091 2915; baseline 0.002 -13"><span class='ocrx_word' id='word_1_362' title='bbox 220 2867 393 2912; x_wconf 85' lang='lat' dir='ltr'>obliquum</span> <span class='ocrx_word' id='word_1_363' title='bbox 406 2869 439 2903; x_wconf 73' lang='grc' dir='ltr'>ἀ</span> <span class='ocrx_word' id='word_1_364' title='bbox 449 2869 584 2904; x_wconf 90' lang='lat' dir='ltr'>formale</span> <span class='ocrx_word' id='word_1_365' title='bbox 599 2882 607 2903; x_wconf 73' lang='grc' dir='ltr'><strong><em>ε</em></strong></span> <span class='ocrx_word' id='word_1_366' title='bbox 628 2871 717 2913; x_wconf 89' lang='lat' dir='ltr'>atqui</span> <span class='ocrx_word' id='word_1_367' title='bbox 726 2870 940 2915; x_wconf 82' lang='lat' dir='ltr'>significatum</span> <span class='ocrx_word' id='word_1_368' title='bbox 953 2871 1091 2905; x_wconf 87' lang='lat' dir='ltr'>formale</span> 
     </span>
     <span class='ocr_line' id='line_1_57' title="bbox 219 2918 1088 2964; baseline 0.005 -13"><span class='ocrx_word' id='word_1_369' title='bbox 219 2929 290 2952; x_wconf 81' lang='lat' dir='ltr'>non</span> <span class='ocrx_word' id='word_1_370' title='bbox 312 2918 357 2952; x_wconf 88' lang='lat' dir='ltr'>est</span> <span class='ocrx_word' id='word_1_371' title='bbox 379 2919 553 2962; x_wconf 66' lang='lat' dir='ltr'>subjectum</span> <span class='ocrx_word' id='word_1_372' title='bbox 573 2919 621 2954; x_wconf 87' lang='lat' dir='ltr'>vel</span> <span class='ocrx_word' id='word_1_373' title='bbox 641 2921 835 2964; x_wconf 77' lang='lat' dir='ltr'>suppositum</span> <span class='ocrx_word' id='word_1_374' title='bbox 862 2944 872 2960; x_wconf 91' lang='lat'>‚</span> <span class='ocrx_word' id='word_1_375' title='bbox 909 2920 963 2954; x_wconf 83' lang='lat' dir='ltr'>sed</span> <span class='ocrx_word' id='word_1_376' title='bbox 984 2921 1088 2955; x_wconf 89' lang='lat' dir='ltr'>forma</span> 
     </span>
     <span class='ocr_line' id='line_1_58' title="bbox 219 2966 1084 3015; baseline 0.003 -13"><span class='ocrx_word' id='word_1_377' title='bbox 219 2966 391 3010; x_wconf 69' lang='lat' dir='ltr'>subjectam</span> <span class='ocrx_word' id='word_1_378' title='bbox 412 2970 463 3003; x_wconf 90' lang='lat' dir='ltr'>vel</span> <span class='ocrx_word' id='word_1_379' title='bbox 488 2971 699 3015; x_wconf 85' lang='lat' dir='ltr'>suppofitata;</span> <span class='ocrx_word' id='word_1_380' title='bbox 728 2980 765 3004; x_wconf 90' lang='lat' dir='ltr'>ut</span> <span class='ocrx_word' id='word_1_381' title='bbox 786 2971 910 3004; x_wconf 90' lang='lat' dir='ltr'>clarum</span> <span class='ocrx_word' id='word_1_382' title='bbox 920 2970 987 3005; x_wconf 84' lang='lat' dir='ltr'>est:</span> <span class='ocrx_word' id='word_1_383' title='bbox 1013 2972 1084 3014; x_wconf 90' lang='lat' dir='ltr'>quis</span> 
     </span>
     <span class='ocr_line' id='line_1_59' title="bbox 219 3019 1088 3065; baseline 0.005 -14"><span class='ocrx_word' id='word_1_384' title='bbox 219 3019 310 3052; x_wconf 90' lang='lat' dir='ltr'>enim</span> <span class='ocrx_word' id='word_1_385' title='bbox 332 3029 430 3063; x_wconf 86' lang='lat' dir='ltr'>neget</span> <span class='ocrx_word' id='word_1_386' title='bbox 451 3020 636 3055; x_wconf 87' lang='lat' dir='ltr'>albedinem</span> <span class='ocrx_word' id='word_1_387' title='bbox 659 3021 693 3055; x_wconf 72' lang='grc' dir='ltr'>ἂ</span> <span class='ocrx_word' id='word_1_388' title='bbox 713 3031 812 3055; x_wconf 86' lang='lat' dir='ltr'>artem</span> <span class='ocrx_word' id='word_1_389' title='bbox 834 3021 897 3054; x_wconf 81' lang='lat' dir='ltr'>effe</span> <span class='ocrx_word' id='word_1_390' title='bbox 908 3020 1088 3065; x_wconf 76' lang='lat' dir='ltr'>significata</span> 
     </span>
     <span class='ocr_line' id='line_1_60' title="bbox 217 3067 1089 3115; baseline 0.001 -13"><span class='ocrx_word' id='word_1_391' title='bbox 217 3067 370 3102; x_wconf 83' lang='lat' dir='ltr'>formalia</span> <span class='ocrx_word' id='word_1_392' title='bbox 380 3091 391 3108; x_wconf 87' lang='lat'>,</span> <span class='ocrx_word' id='word_1_393' title='bbox 415 3080 452 3104; x_wconf 82' lang='lat' dir='ltr'>ac</span> <span class='ocrx_word' id='word_1_394' title='bbox 466 3071 656 3115; x_wconf 85' lang='lat' dir='ltr'>principalia</span> <span class='ocrx_word' id='word_1_395' title='bbox 669 3077 790 3105; x_wconf 86' lang='lat' dir='ltr'>vocum</span> <span class='ocrx_word' id='word_1_396' title='bbox 802 3069 887 3104; x_wconf 81' lang='lat' dir='ltr'>albus</span> <span class='ocrx_word' id='word_1_397' title='bbox 900 3071 932 3105; x_wconf 75' lang='grc' dir='ltr'>δε</span> <span class='ocrx_word' id='word_1_398' title='bbox 946 3069 1058 3112; x_wconf 74' lang='lat' dir='ltr'>artifex</span> <span class='ocrx_word' id='word_1_399' title='bbox 1071 3072 1089 3103; x_wconf 71' lang='grc' dir='ltr'>,ἓ</span> 
     </span>
     <span class='ocr_line' id='line_1_61' title="bbox 220 3117 1084 3164; baseline 0.005 -13"><span class='ocrx_word' id='word_1_400' title='bbox 220 3117 312 3162; x_wconf 89' lang='lat' dir='ltr'>Ergo</span> <span class='ocrx_word' id='word_1_401' title='bbox 324 3119 536 3162; x_wconf 83' lang='lat' dir='ltr'>significatum</span> <span class='ocrx_word' id='word_1_402' title='bbox 562 3121 649 3156; x_wconf 87' lang='lat' dir='ltr'>vocis</span> <span class='ocrx_word' id='word_1_403' title='bbox 661 3130 820 3156; x_wconf 84' lang='lat' dir='ltr'>concretae</span> <span class='ocrx_word' id='word_1_404' title='bbox 831 3120 1006 3164; x_wconf 88' lang='lat' dir='ltr'>principale</span> <span class='ocrx_word' id='word_1_405' title='bbox 1017 3132 1084 3155; x_wconf 91' lang='lat' dir='ltr'>non</span> 
     </span>
     <span class='ocr_line' id='line_1_62' title="bbox 218 3166 1084 3214; baseline 0.007 -13"><span class='ocrx_word' id='word_1_406' title='bbox 218 3166 264 3201; x_wconf 91' lang='lat' dir='ltr'>est</span> <span class='ocrx_word' id='word_1_407' title='bbox 289 3167 483 3211; x_wconf 70' lang='lat' dir='ltr'>subjectum,</span> <span class='ocrx_word' id='word_1_408' title='bbox 508 3171 560 3206; x_wconf 89' lang='lat' dir='ltr'>sed</span> <span class='ocrx_word' id='word_1_409' title='bbox 584 3173 705 3206; x_wconf 90' lang='lat' dir='ltr'>forma.</span> <span class='ocrx_word' id='word_1_410' title='bbox 734 3171 853 3214; x_wconf 88' lang='lat' dir='ltr'>Neque</span> <span class='ocrx_word' id='word_1_411' title='bbox 878 3169 1005 3214; x_wconf 88' lang='lat' dir='ltr'>potest,</span> <span class='ocrx_word' id='word_1_412' title='bbox 1029 3182 1084 3206; x_wconf 92' lang='lat' dir='ltr'>aut</span> 
     </span>
     <span class='ocr_line' id='line_1_63' title="bbox 217 3215 1084 3266; baseline 0.007 -16"><span class='ocrx_word' id='word_1_413' title='bbox 217 3215 316 3251; x_wconf 86' lang='lat' dir='ltr'>debet</span> <span class='ocrx_word' id='word_1_414' title='bbox 339 3216 393 3252; x_wconf 84' lang='lat' dir='ltr'>hic</span> <span class='ocrx_word' id='word_1_415' title='bbox 411 3219 566 3266; x_wconf 85' lang='lat' dir='ltr'>distingui</span> <span class='ocrx_word' id='word_1_416' title='bbox 589 3223 671 3256; x_wconf 89' lang='lat' dir='ltr'>inter</span> <span class='ocrx_word' id='word_1_417' title='bbox 697 3232 850 3256; x_wconf 87' lang='lat' dir='ltr'>concreta</span> <span class='ocrx_word' id='word_1_418' title='bbox 874 3219 1030 3263; x_wconf 70' lang='lat' dir='ltr'>adjeaiva</span> <span class='ocrx_word' id='word_1_419' title='bbox 1051 3223 1084 3256; x_wconf 89' lang='lat'>&amp;</span> 
     </span>
     <span class='ocr_line' id='line_1_64' title="bbox 218 3266 1084 3314; baseline 0.009 -15"><span class='ocrx_word' id='word_1_420' title='bbox 218 3266 415 3302; x_wconf 80' lang='lat' dir='ltr'>substantiva</span> <span class='ocrx_word' id='word_1_421' title='bbox 429 3281 436 3300; x_wconf 75' lang='grc' dir='ltr'><strong><em>ε</em></strong></span> <span class='ocrx_word' id='word_1_422' title='bbox 463 3270 540 3310; x_wconf 83' lang='lat' dir='ltr'>quia</span> <span class='ocrx_word' id='word_1_423' title='bbox 559 3272 710 3307; x_wconf 88' lang='lat' dir='ltr'>omnium</span> <span class='ocrx_word' id='word_1_424' title='bbox 722 3271 767 3306; x_wconf 83' lang='lat' dir='ltr'>est</span> <span class='ocrx_word' id='word_1_425' title='bbox 780 3271 890 3306; x_wconf 86' lang='lat' dir='ltr'>cadem</span> <span class='ocrx_word' id='word_1_426' title='bbox 903 3270 999 3314; x_wconf 73' lang='lat' dir='ltr'>plane</span> <span class='ocrx_word' id='word_1_427' title='bbox 1011 3296 1023 3313; x_wconf 89' lang='lat'>,</span> <span class='ocrx_word' id='word_1_428' title='bbox 1046 3284 1084 3307; x_wconf 91' lang='lat' dir='ltr'>ac</span> 
     </span>
     <span class='ocr_line' id='line_1_65' title="bbox 219 3316 522 3359; baseline 0.003 -9"><span class='ocrx_word' id='word_1_429' title='bbox 219 3316 400 3359; x_wconf 85' lang='lat' dir='ltr'>pariformis</span> <span class='ocrx_word' id='word_1_430' title='bbox 418 3320 522 3354; x_wconf 90' lang='lat' dir='ltr'>ratio.</span> 
     </span>
    </p>

    <p class='ocr_par' dir='ltr' id='par_1_7' title="bbox 218 3368 1087 3468">
     <span class='ocr_line' id='line_1_66' title="bbox 269 3368 1084 3417; baseline 0.005 -15"><span class='ocrx_word' id='word_1_431' title='bbox 269 3376 320 3413; x_wconf 86' lang='lat'>30.</span> <span class='ocrx_word' id='word_1_432' title='bbox 350 3370 500 3413; x_wconf 80' lang='lat' dir='ltr'>Neganda</span> <span class='ocrx_word' id='word_1_433' title='bbox 507 3368 640 3410; x_wconf 67' lang='lat' dir='ltr'>similiter·</span> <span class='ocrx_word' id='word_1_434' title='bbox 665 3371 702 3413; x_wconf 81' lang='lat' dir='ltr'>est</span> <span class='ocrx_word' id='word_1_435' title='bbox 713 3374 807 3414; x_wconf 81' lang='lat' dir='ltr'>major</span> <span class='ocrx_word' id='word_1_436' title='bbox 818 3385 829 3405; x_wconf 88' lang='lat'>.·</span> <span class='ocrx_word' id='word_1_437' title='bbox 856 3369 944 3417; x_wconf 81' lang='lat' dir='ltr'>Qia</span> <span class='ocrx_word' id='word_1_438' title='bbox 955 3395 966 3411; x_wconf 91' lang='lat'>‚</span> <span class='ocrx_word' id='word_1_439' title='bbox 992 3369 1014 3402; x_wconf 84' lang='lat' dir='ltr'>fi</span> <span class='ocrx_word' id='word_1_440' title='bbox 1024 3378 1084 3406; x_wconf 81' lang='lat' dir='ltr'>ter·</span> 
     </span>
     <span class='ocr_line' id='line_1_67' title="bbox 218 3416 1087 3468; baseline 0.008 -18"><span class='ocrx_word' id='word_1_441' title='bbox 218 3416 303 3452; x_wconf 87' lang='lat' dir='ltr'>mini</span> <span class='ocrx_word' id='word_1_442' title='bbox 312 3419 490 3456; x_wconf 86' lang='lat' dir='ltr'>numerales</span> <span class='ocrx_word' id='word_1_443' title='bbox 500 3421 697 3466; x_wconf 83' lang='lat' dir='ltr'>appellarent</span> <span class='ocrx_word' id='word_1_444' title='bbox 708 3423 801 3468; x_wconf 74' lang='lat' dir='ltr'>supra</span> <span class='ocrx_word' id='word_1_445' title='bbox 816 3423 904 3457; x_wconf 85' lang='lat' dir='ltr'>vocis</span> <span class='ocrx_word' id='word_1_446' title='bbox 914 3419 1087 3466; x_wconf 74' lang='lat' dir='ltr'>appellatae,</span> 
     </span>
    </p>
   </div>
   <div class='ocr_carea' id='block_1_6' title="bbox 1916 117 2013 165">
    <p class='ocr_par' dir='ltr' id='par_1_8' title="bbox 1916 117 2013 165">
     <span class='ocr_line' id='line_1_68' title="bbox 1916 117 2013 165; baseline -0.021 0"><span class='ocrx_word' id='word_1_447' title='bbox 1916 117 2013 165; x_wconf 83' lang='lat'>247</span> 
     </span>
    </p>
   </div>
   <div class='ocr_carea' id='block_1_7' title="bbox 1171 184 2050 878">
    <p class='ocr_par' dir='ltr' id='par_1_9' title="bbox 1171 184 2050 878">
     <span class='ocr_line' id='line_1_69' title="bbox 1178 184 2040 233; baseline 0.009 -14"><span class='ocrx_word' id='word_1_448' title='bbox 1178 185 1396 231; x_wconf 78' lang='lat' dir='ltr'>significatum</span> <span class='ocrx_word' id='word_1_449' title='bbox 1407 184 1583 229; x_wconf 84' lang='lat' dir='ltr'>principale</span> <span class='ocrx_word' id='word_1_450' title='bbox 1597 213 1608 228; x_wconf 91' lang='lat'>,</span> <span class='ocrx_word' id='word_1_451' title='bbox 1636 189 1669 223; x_wconf 85' lang='lat' dir='ltr'>in</span> <span class='ocrx_word' id='word_1_452' title='bbox 1692 190 1742 224; x_wconf 89' lang='lat' dir='ltr'>his</span> <span class='ocrx_word' id='word_1_453' title='bbox 1755 188 2040 233; x_wconf 76' lang='lat' dir='ltr'>propofitionibus·</span> 
     </span>
     <span class='ocr_line' id='line_1_70' title="bbox 1177 235 2043 279; baseline 0.006 -11"><span class='ocrx_word' id='word_1_454' title='bbox 1177 237 1247 269; x_wconf 67' lang='lat' dir='ltr'>Vidi</span> <span class='ocrx_word' id='word_1_455' title='bbox 1264 245 1327 269; x_wconf 82' lang='lat' dir='ltr'>tres</span> <span class='ocrx_word' id='word_1_456' title='bbox 1347 235 1476 277; x_wconf 78' lang='lat' dir='ltr'>artifices</span> <span class='ocrx_word' id='word_1_457' title='bbox 1496 259 1508 275; x_wconf 88' lang='lat'>‚</span> <span class='ocrx_word' id='word_1_458' title='bbox 1537 239 1605 269; x_wconf 75' lang='lat' dir='ltr'>vidi</span> <span class='ocrx_word' id='word_1_459' title='bbox 1632 246 1696 271; x_wconf 75' lang='lat' dir='ltr'>tria</span> <span class='ocrx_word' id='word_1_460' title='bbox 1718 240 1809 279; x_wconf 83' lang='lat' dir='ltr'>alba,</span> <span class='ocrx_word' id='word_1_461' title='bbox 1834 242 1892 274; x_wconf 65' lang='grc' dir='ltr'>(σε.</span> <span class='ocrx_word' id='word_1_462' title='bbox 1912 239 2043 275; x_wconf 87' lang='lat' dir='ltr'>termini</span> 
     </span>
     <span class='ocr_line' id='line_1_71' title="bbox 1179 285 2046 333; baseline 0.007 -15"><span class='ocrx_word' id='word_1_463' title='bbox 1179 285 1355 319; x_wconf 86' lang='lat' dir='ltr'>numerales</span> <span class='ocrx_word' id='word_1_464' title='bbox 1377 294 1440 318; x_wconf 83' lang='lat' dir='ltr'>tres</span> <span class='ocrx_word' id='word_1_465' title='bbox 1458 286 1581 326; x_wconf 80' lang='lat' dir='ltr'>&amp;tr1a,</span> <span class='ocrx_word' id='word_1_466' title='bbox 1614 289 1807 329; x_wconf 86' lang='lat' dir='ltr'>appellarent</span> <span class='ocrx_word' id='word_1_467' title='bbox 1824 290 1915 333; x_wconf 88' lang='lat' dir='ltr'>supra</span> <span class='ocrx_word' id='word_1_468' title='bbox 1938 301 2020 324; x_wconf 87' lang='lat' dir='ltr'>artes</span> <span class='ocrx_word' id='word_1_469' title='bbox 2032 315 2046 331; x_wconf 80' lang='grc'><em>,</em></span> 
     </span>
     <span class='ocr_line' id='line_1_72' title="bbox 1175 335 2046 378; baseline 0.007 -9"><span class='ocrx_word' id='word_1_470' title='bbox 1175 336 1210 369; x_wconf 88' lang='lat'>&amp;</span> <span class='ocrx_word' id='word_1_471' title='bbox 1230 335 1418 375; x_wconf 85' lang='lat' dir='ltr'>albedines,</span> <span class='ocrx_word' id='word_1_472' title='bbox 1443 335 1650 378; x_wconf 79' lang='lat' dir='ltr'>facerentque</span> <span class='ocrx_word' id='word_1_473' title='bbox 1678 335 1764 371; x_wconf 89' lang='lat' dir='ltr'>hunc</span> <span class='ocrx_word' id='word_1_474' title='bbox 1790 340 1933 374; x_wconf 86' lang='lat' dir='ltr'>sensum:</span> <span class='ocrx_word' id='word_1_475' title='bbox 1962 341 2046 376; x_wconf 87' lang='lat' dir='ltr'>Vidi</span> 
     </span>
     <span class='ocr_line' id='line_1_73' title="bbox 1176 385 2047 434; baseline 0.007 -15"><span class='ocrx_word' id='word_1_476' title='bbox 1176 396 1237 419; x_wconf 82' lang='lat' dir='ltr'>tres</span> <span class='ocrx_word' id='word_1_477' title='bbox 1253 395 1353 425; x_wconf 87' lang='lat' dir='ltr'>artes,</span> <span class='ocrx_word' id='word_1_478' title='bbox 1380 386 1411 419; x_wconf 89' lang='lat'>&amp;</span> <span class='ocrx_word' id='word_1_479' title='bbox 1429 395 1493 419; x_wconf 90' lang='lat' dir='ltr'>tres</span> <span class='ocrx_word' id='word_1_480' title='bbox 1504 385 1685 420; x_wconf 85' lang='lat' dir='ltr'>albedines.</span> <span class='ocrx_word' id='word_1_481' title='bbox 1716 387 1817 428; x_wconf 78' lang='lat' dir='ltr'>Atqui</span> <span class='ocrx_word' id='word_1_482' title='bbox 1846 392 2047 434; x_wconf 85' lang='lat' dir='ltr'>consequens</span> 
     </span>
     <span class='ocr_line' id='line_1_74' title="bbox 1174 433 2046 476; baseline 0.007 -7"><span class='ocrx_word' id='word_1_483' title='bbox 1174 433 1239 469; x_wconf 81' lang='lat' dir='ltr'>hoc</span> <span class='ocrx_word' id='word_1_484' title='bbox 1250 434 1422 469; x_wconf 89' lang='lat' dir='ltr'>absurdum</span> <span class='ocrx_word' id='word_1_485' title='bbox 1433 437 1478 469; x_wconf 87' lang='lat' dir='ltr'>est</span> <span class='ocrx_word' id='word_1_486' title='bbox 1493 460 1505 476; x_wconf 90' lang='lat'>,</span> <span class='ocrx_word' id='word_1_487' title='bbox 1526 436 1559 470; x_wconf 89' lang='lat'>&amp;</span> <span class='ocrx_word' id='word_1_488' title='bbox 1569 446 1684 470; x_wconf 81' lang='lat' dir='ltr'>centra</span> <span class='ocrx_word' id='word_1_489' title='bbox 1697 436 1847 469; x_wconf 65' lang='lat' dir='ltr'>Sanctum</span> <span class='ocrx_word' id='word_1_490' title='bbox 1858 437 2046 474; x_wconf 81' lang='lat' dir='ltr'>Thomam:</span> 
     </span>
     <span class='ocr_line' id='line_1_75' title="bbox 1173 485 2045 529; baseline 0.003 -11"><span class='ocrx_word' id='word_1_491' title='bbox 1173 495 1251 528; x_wconf 89' lang='lat' dir='ltr'>ergo</span> <span class='ocrx_word' id='word_1_492' title='bbox 1275 486 1309 519; x_wconf 73' lang='grc' dir='ltr'>δε</span> <span class='ocrx_word' id='word_1_493' title='bbox 1332 486 1526 520; x_wconf 81' lang='lat' dir='ltr'>antecedens</span> <span class='ocrx_word' id='word_1_494' title='bbox 1547 510 1555 518; x_wconf 87' lang='lat'>.</span> <span class='ocrx_word' id='word_1_495' title='bbox 1594 485 1738 519; x_wconf 77' lang='lat' dir='ltr'>Probatur</span> <span class='ocrx_word' id='word_1_496' title='bbox 1756 485 1877 528; x_wconf 81' lang='lat' dir='ltr'>sequela</span> <span class='ocrx_word' id='word_1_497' title='bbox 1902 492 2045 529; x_wconf 72' lang='lat' dir='ltr'>majoris:</span> 
     </span>
     <span class='ocr_line' id='line_1_76' title="bbox 1172 533 2047 582; baseline 0.009 -16"><span class='ocrx_word' id='word_1_498' title='bbox 1172 534 1262 582; x_wconf 82' lang='lat' dir='ltr'>Qia</span> <span class='ocrx_word' id='word_1_499' title='bbox 1285 533 1335 568; x_wconf 86' lang='lat' dir='ltr'>isti</span> <span class='ocrx_word' id='word_1_500' title='bbox 1349 536 1480 570; x_wconf 88' lang='lat' dir='ltr'>termini</span> <span class='ocrx_word' id='word_1_501' title='bbox 1505 536 1686 571; x_wconf 86' lang='lat' dir='ltr'>numerales</span> <span class='ocrx_word' id='word_1_502' title='bbox 1695 535 1855 579; x_wconf 83' lang='lat' dir='ltr'>appellare</span> <span class='ocrx_word' id='word_1_503' title='bbox 1867 535 1987 572; x_wconf 85' lang='lat' dir='ltr'>debent</span> <span class='ocrx_word' id='word_1_504' title='bbox 1998 541 2047 574; x_wconf 86' lang='lat' dir='ltr'>su-</span> 
     </span>
     <span class='ocr_line' id='line_1_77' title="bbox 1174 585 2046 630; baseline 0.006 -13"><span class='ocrx_word' id='word_1_505' title='bbox 1174 595 1227 627; x_wconf 89' lang='lat' dir='ltr'>pra</span> <span class='ocrx_word' id='word_1_506' title='bbox 1247 585 1424 629; x_wconf 84' lang='lat' dir='ltr'>significata</span> <span class='ocrx_word' id='word_1_507' title='bbox 1437 586 1628 630; x_wconf 87' lang='lat' dir='ltr'>principalia</span> <span class='ocrx_word' id='word_1_508' title='bbox 1640 597 1756 621; x_wconf 87' lang='lat' dir='ltr'>vocum</span> <span class='ocrx_word' id='word_1_509' title='bbox 1770 586 1856 619; x_wconf 82' lang='lat' dir='ltr'>albus</span> <span class='ocrx_word' id='word_1_510' title='bbox 1870 587 1900 618; x_wconf 87' lang='lat'>&amp;</span> <span class='ocrx_word' id='word_1_511' title='bbox 1914 587 2046 627; x_wconf 72' lang='lat' dir='ltr'>artifext</span> 
     </span>
     <span class='ocr_line' id='line_1_78' title="bbox 1172 635 2048 681; baseline 0.003 -14"><span class='ocrx_word' id='word_1_512' title='bbox 1172 635 1260 678; x_wconf 88' lang='lat' dir='ltr'>atqui</span> <span class='ocrx_word' id='word_1_513' title='bbox 1284 635 1398 670; x_wconf 85' lang='lat' dir='ltr'>harum</span> <span class='ocrx_word' id='word_1_514' title='bbox 1424 647 1543 670; x_wconf 87' lang='lat' dir='ltr'>vocum</span> <span class='ocrx_word' id='word_1_515' title='bbox 1566 636 1743 681; x_wconf 84' lang='lat' dir='ltr'>significata</span> <span class='ocrx_word' id='word_1_516' title='bbox 1757 636 1947 671; x_wconf 78' lang='lat' dir='ltr'>formalia&amp;</span> <span class='ocrx_word' id='word_1_517' title='bbox 1962 639 2048 680; x_wconf 85' lang='lat' dir='ltr'>prin-</span> 
     </span>
     <span class='ocr_line' id='line_1_79' title="bbox 1171 684 2049 731; baseline 0.002 -13"><span class='ocrx_word' id='word_1_518' title='bbox 1171 684 1285 727; x_wconf 86' lang='lat' dir='ltr'>cipalia</span> <span class='ocrx_word' id='word_1_519' title='bbox 1307 686 1380 720; x_wconf 87' lang='lat' dir='ltr'>sunt</span> <span class='ocrx_word' id='word_1_520' title='bbox 1402 696 1452 719; x_wconf 86' lang='lat' dir='ltr'>ars</span> <span class='ocrx_word' id='word_1_521' title='bbox 1475 686 1507 720; x_wconf 77' lang='grc' dir='ltr'>δε</span> <span class='ocrx_word' id='word_1_522' title='bbox 1527 686 1663 721; x_wconf 88' lang='lat' dir='ltr'>albedo:</span> <span class='ocrx_word' id='word_1_523' title='bbox 1689 698 1791 731; x_wconf 88' lang='lat' dir='ltr'>ergo,</span> <span class='ocrx_word' id='word_1_524' title='bbox 1814 685 2049 720; x_wconf 81' lang='lat' dir='ltr'>fitermininu·</span> 
     </span>
     <span class='ocr_line' id='line_1_80' title="bbox 1171 735 2050 782; baseline 0.002 -15"><span class='ocrx_word' id='word_1_525' title='bbox 1171 735 1305 769; x_wconf 83' lang='lat' dir='ltr'>merales</span> <span class='ocrx_word' id='word_1_526' title='bbox 1329 736 1490 780; x_wconf 88' lang='lat' dir='ltr'>appellare</span> <span class='ocrx_word' id='word_1_527' title='bbox 1499 735 1618 770; x_wconf 87' lang='lat' dir='ltr'>debent</span> <span class='ocrx_word' id='word_1_528' title='bbox 1632 738 1723 780; x_wconf 88' lang='lat' dir='ltr'>supra</span> <span class='ocrx_word' id='word_1_529' title='bbox 1735 736 1950 782; x_wconf 83' lang='lat' dir='ltr'>significatum</span> <span class='ocrx_word' id='word_1_530' title='bbox 1965 737 2050 779; x_wconf 78' lang='lat' dir='ltr'>prin·</span> 
     </span>
     <span class='ocr_line' id='line_1_81' title="bbox 1171 785 2048 832; baseline 0.003 -14"><span class='ocrx_word' id='word_1_531' title='bbox 1171 785 1294 827; x_wconf 81' lang='lat' dir='ltr'>cipale,</span> <span class='ocrx_word' id='word_1_532' title='bbox 1319 785 1353 820; x_wconf 90' lang='lat' dir='ltr'>in</span> <span class='ocrx_word' id='word_1_533' title='bbox 1379 786 1447 821; x_wconf 84' lang='lat' dir='ltr'>istis</span> <span class='ocrx_word' id='word_1_534' title='bbox 1473 786 1745 829; x_wconf 74' lang='lat' dir='ltr'>propositionibus</span> <span class='ocrx_word' id='word_1_535' title='bbox 1756 786 1916 832; x_wconf 86' lang='lat' dir='ltr'>appellare</span> <span class='ocrx_word' id='word_1_536' title='bbox 1927 786 2048 821; x_wconf 87' lang='lat' dir='ltr'>debent</span> 
     </span>
     <span class='ocr_line' id='line_1_82' title="bbox 1176 835 1700 878; baseline 0.008 -11"><span class='ocrx_word' id='word_1_537' title='bbox 1176 835 1265 878; x_wconf 87' lang='lat' dir='ltr'>supra</span> <span class='ocrx_word' id='word_1_538' title='bbox 1287 846 1411 876; x_wconf 89' lang='lat' dir='ltr'>artem,</span> <span class='ocrx_word' id='word_1_539' title='bbox 1440 847 1478 870; x_wconf 89' lang='lat' dir='ltr'>ac</span> <span class='ocrx_word' id='word_1_540' title='bbox 1497 835 1700 871; x_wconf 89' lang='lat' dir='ltr'>albedinem.</span> 
     </span>
    </p>
   </div>
   <div class='ocr_carea' id='block_1_8' title="bbox 1393 919 1821 972">
    <p class='ocr_par' dir='ltr' id='par_1_10' title="bbox 1393 919 1821 972">
     <span class='ocr_line' id='line_1_83' title="bbox 1393 919 1821 972; baseline 0 -2"><span class='ocrx_word' id='word_1_541' title='bbox 1393 919 1693 971; x_wconf 61' lang='lat' dir='ltr'>s‘Ec‘r1o</span> <span class='ocrx_word' id='word_1_542' title='bbox 1751 936 1821 972; x_wconf 79' lang='lat' dir='ltr'>lv.</span> 
     </span>
    </p>
   </div>
   <div class='ocr_carea' id='block_1_9' title="bbox 1313 1033 1901 1081">
    <p class='ocr_par' dir='ltr' id='par_1_11' title="bbox 1313 1033 1901 1081">
     <span class='ocr_line' id='line_1_84' title="bbox 1313 1033 1901 1081; baseline 0.005 -14"><span class='ocrx_word' id='word_1_543' title='bbox 1313 1035 1471 1078; x_wconf 67' lang='lat' dir='ltr'>,Qua-dam</span> <span class='ocrx_word' id='word_1_544' title='bbox 1487 1033 1576 1076; x_wconf 67' lang='lat' dir='ltr'>buius</span> <span class='ocrx_word' id='word_1_545' title='bbox 1602 1037 1711 1081; x_wconf 76' lang='lat' dir='ltr'>regule</span> <span class='ocrx_word' id='word_1_546' title='bbox 1730 1039 1901 1072; x_wconf 74' lang='lat' dir='ltr'>corollaria.</span> 
     </span>
    </p>
   </div>
   <div class='ocr_carea' id='block_1_10' title="bbox 1151 1132 2052 3523">
    <p class='ocr_par' dir='ltr' id='par_1_12' title="bbox 1176 1132 2048 1180">
     <span class='ocr_line' id='line_1_85' title="bbox 1176 1132 2048 1180; baseline 0.005 -12"><span class='ocrx_word' id='word_1_547' title='bbox 1176 1142 1229 1180; x_wconf 79' lang='lat'>31.</span> <span class='ocrx_word' id='word_1_548' title='bbox 1347 1136 1381 1166; x_wconf 88' lang='lat' dir='ltr'>X</span> <span class='ocrx_word' id='word_1_549' title='bbox 1393 1132 1449 1167; x_wconf 86' lang='lat' dir='ltr'>bac</span> <span class='ocrx_word' id='word_1_550' title='bbox 1460 1136 1562 1178; x_wconf 81' lang='lat' dir='ltr'>regula</span> <span class='ocrx_word' id='word_1_551' title='bbox 1579 1133 1844 1178; x_wconf 66' lang='lat' dir='ltr'>sequitur-prime.-</span> <span class='ocrx_word' id='word_1_552' title='bbox 1871 1136 1998 1171; x_wconf 87' lang='lat' dir='ltr'>Falsam</span> <span class='ocrx_word' id='word_1_553' title='bbox 2009 1148 2048 1173; x_wconf 87' lang='lat' dir='ltr'>ac</span> 
     </span>
    </p>

    <p class='ocr_par' dir='ltr' id='par_1_13' title="bbox 1151 1184 2052 3471">
     <span class='ocr_line' id='line_1_86' title="bbox 1362 1184 2047 1231; baseline 0.003 -14"><span class='ocrx_word' id='word_1_554' title='bbox 1362 1184 1481 1218; x_wconf 86' lang='lat' dir='ltr'>malam</span> <span class='ocrx_word' id='word_1_555' title='bbox 1492 1187 1554 1218; x_wconf 76' lang='lat' dir='ltr'>effe</span> <span class='ocrx_word' id='word_1_556' title='bbox 1568 1186 1653 1223; x_wconf 85' lang='lat' dir='ltr'>hanc</span> <span class='ocrx_word' id='word_1_557' title='bbox 1663 1197 1874 1221; x_wconf 85' lang='lat' dir='ltr'>communem</span> <span class='ocrx_word' id='word_1_558' title='bbox 1888 1187 2047 1231; x_wconf 86' lang='lat' dir='ltr'>regulam:</span> 
     </span>
     <span class='ocr_line' id='line_1_87' title="bbox 1172 1231 2048 1279; baseline 0.001 -12"><span class='ocrx_word' id='word_1_559' title='bbox 1172 1231 1227 1267; x_wconf 84' lang='lat' dir='ltr'>Ad</span> <span class='ocrx_word' id='word_1_560' title='bbox 1249 1233 1556 1278; x_wconf 69' lang='lat' dir='ltr'>multiplicationem</span> <span class='ocrx_word' id='word_1_561' title='bbox 1581 1236 1726 1270; x_wconf 88' lang='lat' dir='ltr'>concreti</span> <span class='ocrx_word' id='word_1_562' title='bbox 1753 1236 2048 1279; x_wconf 67' lang='lat' dir='ltr'>adjestivirequiri-</span> 
     </span>
     <span class='ocr_line' id='line_1_88' title="bbox 1172 1284 2049 1329; baseline 0.002 -13"><span class='ocrx_word' id='word_1_563' title='bbox 1172 1293 1223 1317; x_wconf 88' lang='lat' dir='ltr'>tur</span> <span class='ocrx_word' id='word_1_564' title='bbox 1241 1307 1252 1323; x_wconf 91' lang='lat'>‚</span> <span class='ocrx_word' id='word_1_565' title='bbox 1278 1294 1315 1316; x_wconf 90' lang='lat' dir='ltr'>ac</span> <span class='ocrx_word' id='word_1_566' title='bbox 1335 1284 1453 1319; x_wconf 89' lang='lat' dir='ltr'>sufficit</span> <span class='ocrx_word' id='word_1_567' title='bbox 1477 1285 1544 1320; x_wconf 82' lang='lat' dir='ltr'>sola</span> <span class='ocrx_word' id='word_1_568' title='bbox 1568 1285 1800 1329; x_wconf 88' lang='lat' dir='ltr'>multiplicatio</span> <span class='ocrx_word' id='word_1_569' title='bbox 1823 1285 1952 1329; x_wconf 63' lang='lat' dir='ltr'>subjecti</span> <span class='ocrx_word' id='word_1_570' title='bbox 1976 1298 1986 1328; x_wconf 74' lang='lat'>3</span> <span class='ocrx_word' id='word_1_571' title='bbox 2014 1294 2049 1319; x_wconf 91' lang='lat' dir='ltr'>at</span> 
     </span>
     <span class='ocr_line' id='line_1_89' title="bbox 1173 1332 2048 1378; baseline 0.003 -12"><span class='ocrx_word' id='word_1_572' title='bbox 1173 1332 1249 1367; x_wconf 79' lang='lat' dir='ltr'>vero</span> <span class='ocrx_word' id='word_1_573' title='bbox 1273 1333 1314 1367; x_wconf 90' lang='lat' dir='ltr'>ad</span> <span class='ocrx_word' id='word_1_574' title='bbox 1347 1334 1657 1378; x_wconf 86' lang='lat' dir='ltr'>multiplicationem</span> <span class='ocrx_word' id='word_1_575' title='bbox 1689 1336 1834 1370; x_wconf 90' lang='lat' dir='ltr'>concreti</span> <span class='ocrx_word' id='word_1_576' title='bbox 1856 1335 2048 1370; x_wconf 87' lang='lat' dir='ltr'>substantivi</span> 
     </span>
     <span class='ocr_line' id='line_1_90' title="bbox 1171 1384 2050 1429; baseline 0.003 -13"><span class='ocrx_word' id='word_1_577' title='bbox 1171 1384 1343 1427; x_wconf 88' lang='lat' dir='ltr'>requiritur</span> <span class='ocrx_word' id='word_1_578' title='bbox 1361 1384 1592 1429; x_wconf 86' lang='lat' dir='ltr'>multiplicatio</span> <span class='ocrx_word' id='word_1_579' title='bbox 1623 1396 1688 1420; x_wconf 89' lang='lat' dir='ltr'>tam</span> <span class='ocrx_word' id='word_1_580' title='bbox 1713 1387 1826 1420; x_wconf 82' lang='lat' dir='ltr'>formae</span> <span class='ocrx_word' id='word_1_581' title='bbox 1839 1397 1937 1429; x_wconf 87' lang='lat' dir='ltr'>quam</span> <span class='ocrx_word' id='word_1_582' title='bbox 1948 1385 2050 1429; x_wconf 80' lang='lat' dir='ltr'>subje-</span> 
     </span>
     <span class='ocr_line' id='line_1_91' title="bbox 1171 1433 2050 1480; baseline 0.002 -14"><span class='ocrx_word' id='word_1_583' title='bbox 1171 1433 1235 1476; x_wconf 61' lang='lat' dir='ltr'>sti,</span> <span class='ocrx_word' id='word_1_584' title='bbox 1264 1433 1349 1468; x_wconf 82' lang='lat' dir='ltr'>verb.</span> <span class='ocrx_word' id='word_1_585' title='bbox 1362 1447 1443 1480; x_wconf 86' lang='lat' dir='ltr'>grat.</span> <span class='ocrx_word' id='word_1_586' title='bbox 1466 1446 1617 1470; x_wconf 82' lang='lat' dir='ltr'>concreta</span> <span class='ocrx_word' id='word_1_587' title='bbox 1631 1436 1827 1470; x_wconf 85' lang='lat' dir='ltr'>substantiva</span> <span class='ocrx_word' id='word_1_588' title='bbox 1839 1437 1911 1470; x_wconf 88' lang='lat' dir='ltr'>sunt</span> <span class='ocrx_word' id='word_1_589' title='bbox 1923 1434 2050 1469; x_wconf 80' lang='lat' dir='ltr'>bomo&amp;</span> 
     </span>
     <span class='ocr_line' id='line_1_92' title="bbox 1171 1484 2050 1530; baseline 0.003 -14"><span class='ocrx_word' id='word_1_590' title='bbox 1171 1484 1270 1517; x_wconf 85' lang='lat' dir='ltr'>Deus:</span> <span class='ocrx_word' id='word_1_591' title='bbox 1297 1494 1333 1518; x_wconf 90' lang='lat' dir='ltr'>ut</span> <span class='ocrx_word' id='word_1_592' title='bbox 1358 1495 1437 1529; x_wconf 89' lang='lat' dir='ltr'>ergo</span> <span class='ocrx_word' id='word_1_593' title='bbox 1464 1486 1615 1521; x_wconf 82' lang='lat' dir='ltr'>dicantur</span> <span class='ocrx_word' id='word_1_594' title='bbox 1638 1487 1743 1530; x_wconf 90' lang='lat' dir='ltr'>plures</span> <span class='ocrx_word' id='word_1_595' title='bbox 1765 1487 1842 1526; x_wconf 89' lang='lat' dir='ltr'>Dii,</span> <span class='ocrx_word' id='word_1_596' title='bbox 1870 1486 1921 1521; x_wconf 85' lang='lat' dir='ltr'>vel</span> <span class='ocrx_word' id='word_1_597' title='bbox 1943 1487 2050 1529; x_wconf 87' lang='lat' dir='ltr'>plures</span> 
     </span>
     <span class='ocr_line' id='line_1_93' title="bbox 1174 1532 2051 1579; baseline 0.005 -13"><span class='ocrx_word' id='word_1_598' title='bbox 1174 1532 1324 1567; x_wconf 86' lang='lat' dir='ltr'>homines</span> <span class='ocrx_word' id='word_1_599' title='bbox 1338 1557 1350 1573; x_wconf 94' lang='lat'>,</span> <span class='ocrx_word' id='word_1_600' title='bbox 1374 1535 1494 1569; x_wconf 89' lang='lat' dir='ltr'>debent</span> <span class='ocrx_word' id='word_1_601' title='bbox 1504 1537 1565 1568; x_wconf 71' lang='lat' dir='ltr'>esse</span> <span class='ocrx_word' id='word_1_602' title='bbox 1575 1536 1681 1578; x_wconf 85' lang='lat' dir='ltr'>plures</span> <span class='ocrx_word' id='word_1_603' title='bbox 1694 1535 1861 1575; x_wconf 84' lang='lat' dir='ltr'>Deitates,</span> <span class='ocrx_word' id='word_1_604' title='bbox 1883 1536 2051 1579; x_wconf 79' lang='lat' dir='ltr'>pluresque</span> 
     </span>
     <span class='ocr_line' id='line_1_94' title="bbox 1172 1582 2052 1626; baseline 0.002 -10"><span class='ocrx_word' id='word_1_605' title='bbox 1172 1582 1412 1625; x_wconf 80' lang='lat' dir='ltr'>humanitates3</span> <span class='ocrx_word' id='word_1_606' title='bbox 1440 1585 1585 1618; x_wconf 85' lang='lat' dir='ltr'>acetiam</span> <span class='ocrx_word' id='word_1_607' title='bbox 1612 1584 1700 1626; x_wconf 88' lang='lat' dir='ltr'>plura</span> <span class='ocrx_word' id='word_1_608' title='bbox 1723 1585 1863 1626; x_wconf 84' lang='lat' dir='ltr'>plurium</span> <span class='ocrx_word' id='word_1_609' title='bbox 1875 1584 2052 1618; x_wconf 87' lang='lat' dir='ltr'>Deitatum</span> 
     </span>
     <span class='ocr_line' id='line_1_95' title="bbox 1171 1628 2050 1678; baseline 0.002 -12"><span class='ocrx_word' id='word_1_610' title='bbox 1171 1644 1208 1667; x_wconf 92' lang='lat' dir='ltr'>ac</span> <span class='ocrx_word' id='word_1_611' title='bbox 1223 1631 1466 1667; x_wconf 86' lang='lat' dir='ltr'>humanitatum</span> <span class='ocrx_word' id='word_1_612' title='bbox 1487 1633 1641 1676; x_wconf 76' lang='lat' dir='ltr'>supposita</span> <span class='ocrx_word' id='word_1_613' title='bbox 1654 1658 1662 1666; x_wconf 93' lang='lat'><strong>.</strong></span> <span class='ocrx_word' id='word_1_614' title='bbox 1691 1632 1787 1666; x_wconf 88' lang='lat' dir='ltr'>Nihil</span> <span class='ocrx_word' id='word_1_615' title='bbox 1808 1631 1869 1667; x_wconf 90' lang='lat' dir='ltr'>hac</span> <span class='ocrx_word' id='word_1_616' title='bbox 1882 1628 1993 1678; x_wconf 81' lang='lat' dir='ltr'>regul&#39;a</span> <span class='ocrx_word' id='word_1_617' title='bbox 2003 1633 2050 1668; x_wconf 80' lang='lat' dir='ltr'>est</span> 
     </span>
     <span class='ocr_line' id='line_1_96' title="bbox 1172 1681 2051 1725; baseline 0.002 -10"><span class='ocrx_word' id='word_1_618' title='bbox 1172 1682 1204 1715; x_wconf 87' lang='lat' dir='ltr'>in</span> <span class='ocrx_word' id='word_1_619' title='bbox 1217 1683 1383 1717; x_wconf 86' lang='lat' dir='ltr'>modernis</span> <span class='ocrx_word' id='word_1_620' title='bbox 1396 1681 1515 1717; x_wconf 87' lang='lat' dir='ltr'>scholis</span> <span class='ocrx_word' id='word_1_621' title='bbox 1525 1683 1736 1717; x_wconf 88' lang='lat' dir='ltr'>communius</span> <span class='ocrx_word' id='word_1_622' title='bbox 1748 1707 1755 1715; x_wconf 95' lang='lat'><strong>.</strong></span> <span class='ocrx_word' id='word_1_623' title='bbox 1768 1682 1901 1723; x_wconf 81' lang='lat' dir='ltr'>Interim</span> <span class='ocrx_word' id='word_1_624' title='bbox 1914 1694 2025 1719; x_wconf 88' lang='lat' dir='ltr'>tamen</span> <span class='ocrx_word' id='word_1_625' title='bbox 2038 1708 2051 1725; x_wconf 88' lang='lat'>,</span> 
     </span>
     <span class='ocr_line' id='line_1_97' title="bbox 1172 1731 2052 1778; baseline 0.002 -13"><span class='ocrx_word' id='word_1_626' title='bbox 1172 1732 1256 1766; x_wconf 88' lang='lat' dir='ltr'>salva</span> <span class='ocrx_word' id='word_1_627' title='bbox 1284 1744 1362 1776; x_wconf 82' lang='lat' dir='ltr'>pace</span> <span class='ocrx_word' id='word_1_628' title='bbox 1385 1744 1581 1778; x_wconf 88' lang='lat' dir='ltr'>magnorum</span> <span class='ocrx_word' id='word_1_629' title='bbox 1593 1733 1850 1778; x_wconf 87' lang='lat' dir='ltr'>Theologorum</span> <span class='ocrx_word' id='word_1_630' title='bbox 1864 1731 2052 1778; x_wconf 61' lang='lat' dir='ltr'>hancreguf</span> 
     </span>
     <span class='ocr_line' id='line_1_98' title="bbox 1170 1782 2050 1823; baseline 0.005 -7"><span class='ocrx_word' id='word_1_631' title='bbox 1170 1782 1235 1816; x_wconf 88' lang='lat' dir='ltr'>lam</span> <span class='ocrx_word' id='word_1_632' title='bbox 1259 1783 1494 1816; x_wconf 78' lang='lat' dir='ltr'>adstruentium</span> <span class='ocrx_word' id='word_1_633' title='bbox 1519 1807 1530 1823; x_wconf 92' lang='lat'>,</span> <span class='ocrx_word' id='word_1_634' title='bbox 1567 1784 1644 1818; x_wconf 87' lang='lat' dir='ltr'>dico</span> <span class='ocrx_word' id='word_1_635' title='bbox 1668 1783 1759 1818; x_wconf 87' lang='lat' dir='ltr'>illam</span> <span class='ocrx_word' id='word_1_636' title='bbox 1786 1784 1848 1818; x_wconf 82' lang='lat' dir='ltr'>effe</span> <span class='ocrx_word' id='word_1_637' title='bbox 1869 1783 1988 1820; x_wconf 72' lang='lat' dir='ltr'>malam</span> <span class='ocrx_word' id='word_1_638' title='bbox 2014 1782 2050 1819; x_wconf 59' lang='grc' dir='ltr'><strong>ἃ</strong></span> 
     </span>
     <span class='ocr_line' id='line_1_99' title="bbox 1172 1831 2049 1876; baseline 0.003 -12"><span class='ocrx_word' id='word_1_639' title='bbox 1172 1832 1342 1869; x_wconf 80' lang='lat' dir='ltr'>vitiosam.</span> <span class='ocrx_word' id='word_1_640' title='bbox 1367 1832 1458 1867; x_wconf 89' lang='lat' dir='ltr'>Nam</span> <span class='ocrx_word' id='word_1_641' title='bbox 1487 1832 1548 1867; x_wconf 88' lang='lat' dir='ltr'>hac</span> <span class='ocrx_word' id='word_1_642' title='bbox 1573 1834 1606 1868; x_wconf 90' lang='lat' dir='ltr'>in</span> <span class='ocrx_word' id='word_1_643' title='bbox 1619 1844 1706 1876; x_wconf 86' lang='lat' dir='ltr'>parte</span> <span class='ocrx_word' id='word_1_644' title='bbox 1733 1843 1883 1867; x_wconf 87' lang='lat' dir='ltr'>concreta</span> <span class='ocrx_word' id='word_1_645' title='bbox 1896 1831 2049 1876; x_wconf 63' lang='lat' dir='ltr'>adjectiva</span> 
     </span>
     <span class='ocr_line' id='line_1_100' title="bbox 1169 1881 2049 1926; baseline 0.002 -11"><span class='ocrx_word' id='word_1_646' title='bbox 1169 1881 1203 1915; x_wconf 74' lang='grc' dir='ltr'>ἀ</span> <span class='ocrx_word' id='word_1_647' title='bbox 1228 1882 1426 1917; x_wconf 90' lang='lat' dir='ltr'>substantiva</span> <span class='ocrx_word' id='word_1_648' title='bbox 1450 1883 1590 1925; x_wconf 81' lang='lat' dir='ltr'>ejusdem</span> <span class='ocrx_word' id='word_1_649' title='bbox 1612 1883 1695 1925; x_wconf 86' lang='lat' dir='ltr'>Juris</span> <span class='ocrx_word' id='word_1_650' title='bbox 1715 1883 1814 1924; x_wconf 86' lang='lat' dir='ltr'>sunt,</span> <span class='ocrx_word' id='word_1_651' title='bbox 1838 1883 1954 1918; x_wconf 90' lang='lat' dir='ltr'>eodem</span> <span class='ocrx_word' id='word_1_652' title='bbox 1973 1884 2049 1926; x_wconf 77' lang='lat' dir='ltr'>Jure</span> 
     </span>
     <span class='ocr_line' id='line_1_101' title="bbox 1170 1931 2047 1976; baseline 0.007 -14"><span class='ocrx_word' id='word_1_653' title='bbox 1170 1941 1328 1973; x_wconf 84' lang='lat' dir='ltr'>reguntur</span> <span class='ocrx_word' id='word_1_654' title='bbox 1348 1954 1359 1970; x_wconf 93' lang='lat'>,</span> <span class='ocrx_word' id='word_1_655' title='bbox 1385 1931 1561 1974; x_wconf 90' lang='lat' dir='ltr'>eademque</span> <span class='ocrx_word' id='word_1_656' title='bbox 1585 1933 1696 1976; x_wconf 87' lang='lat' dir='ltr'>regula</span> <span class='ocrx_word' id='word_1_657' title='bbox 1714 1931 1901 1976; x_wconf 81' lang='lat' dir='ltr'>regulantur</span> <span class='ocrx_word' id='word_1_658' title='bbox 1914 1947 1925 1967; x_wconf 91' lang='lat'>.·</span> <span class='ocrx_word' id='word_1_659' title='bbox 1951 1934 1985 1967; x_wconf 78' lang='grc' dir='ltr'>ἀ</span> <span class='ocrx_word' id='word_1_660' title='bbox 2005 1932 2047 1968; x_wconf 83' lang='lat' dir='ltr'>ad</span> 
     </span>
     <span class='ocr_line' id='line_1_102' title="bbox 1170 1979 2044 2026; baseline 0.006 -14"><span class='ocrx_word' id='word_1_661' title='bbox 1170 1979 1481 2022; x_wconf 87' lang='lat' dir='ltr'>multiplicationem</span> <span class='ocrx_word' id='word_1_662' title='bbox 1508 1991 1576 2016; x_wconf 88' lang='lat' dir='ltr'>tam</span> <span class='ocrx_word' id='word_1_663' title='bbox 1604 1980 1720 2016; x_wconf 88' lang='lat' dir='ltr'>horum</span> <span class='ocrx_word' id='word_1_664' title='bbox 1739 2004 1750 2021; x_wconf 85' lang='lat'><em>‚</em></span> <span class='ocrx_word' id='word_1_665' title='bbox 1787 1993 1886 2026; x_wconf 90' lang='lat' dir='ltr'>quam</span> <span class='ocrx_word' id='word_1_666' title='bbox 1908 1982 2044 2021; x_wconf 79' lang='lat' dir='ltr'>istorum</span> 
     </span>
     <span class='ocr_line' id='line_1_103' title="bbox 1170 2029 2045 2075; baseline 0.007 -14"><span class='ocrx_word' id='word_1_667' title='bbox 1170 2029 1381 2071; x_wconf 89' lang='lat' dir='ltr'>impertinens</span> <span class='ocrx_word' id='word_1_668' title='bbox 1402 2030 1446 2063; x_wconf 85' lang='lat' dir='ltr'>est</span> <span class='ocrx_word' id='word_1_669' title='bbox 1469 2030 1700 2075; x_wconf 86' lang='lat' dir='ltr'>multiplicatio</span> <span class='ocrx_word' id='word_1_670' title='bbox 1722 2033 1834 2067; x_wconf 86' lang='lat' dir='ltr'>formae</span> <span class='ocrx_word' id='word_1_671' title='bbox 1848 2057 1859 2074; x_wconf 86' lang='lat'>,</span> <span class='ocrx_word' id='word_1_672' title='bbox 1886 2044 1923 2067; x_wconf 87' lang='lat' dir='ltr'>ac</span> <span class='ocrx_word' id='word_1_673' title='bbox 1947 2034 2045 2068; x_wconf 81' lang='lat' dir='ltr'>solius</span> 
     </span>
     <span class='ocr_line' id='line_1_104' title="bbox 1169 2078 2042 2120; baseline 0.009 -11"><span class='ocrx_word' id='word_1_674' title='bbox 1169 2078 1293 2119; x_wconf 60' lang='lat' dir='ltr'>subjesti</span> <span class='ocrx_word' id='word_1_675' title='bbox 1317 2078 1548 2120; x_wconf 88' lang='lat' dir='ltr'>multiplicatio</span> <span class='ocrx_word' id='word_1_676' title='bbox 1571 2082 1616 2113; x_wconf 86' lang='lat' dir='ltr'>est</span> <span class='ocrx_word' id='word_1_677' title='bbox 1642 2083 1812 2115; x_wconf 74' lang='lat' dir='ltr'>necessaria</span> <span class='ocrx_word' id='word_1_678' title='bbox 1841 2107 1849 2114; x_wconf 86' lang='lat'><strong>.</strong></span> <span class='ocrx_word' id='word_1_679' title='bbox 1872 2083 2042 2117; x_wconf 72' lang='lat' dir='ltr'>Probatur:</span> 
     </span>
     <span class='ocr_line' id='line_1_105' title="bbox 1168 2125 2042 2172; baseline 0.01 -14"><span class='ocrx_word' id='word_1_680' title='bbox 1168 2126 1258 2172; x_wconf 83' lang='lat' dir='ltr'>Qia</span> <span class='ocrx_word' id='word_1_681' title='bbox 1277 2125 1383 2164; x_wconf 88' lang='lat' dir='ltr'>bomo,</span> <span class='ocrx_word' id='word_1_682' title='bbox 1408 2137 1523 2168; x_wconf 80' lang='lat' dir='ltr'>equus,</span> <span class='ocrx_word' id='word_1_683' title='bbox 1549 2127 1691 2169; x_wconf 79' lang='lat' dir='ltr'>brutum,</span> <span class='ocrx_word' id='word_1_684' title='bbox 1721 2132 1855 2171; x_wconf 82' lang='lat' dir='ltr'>animal,</span> <span class='ocrx_word' id='word_1_685' title='bbox 1882 2134 1938 2165; x_wconf 66' lang='grc' dir='ltr'>ἐπ’.</span> <span class='ocrx_word' id='word_1_686' title='bbox 1966 2134 2042 2167; x_wconf 83' lang='lat' dir='ltr'>sunt</span> 
     </span>
     <span class='ocr_line' id='line_1_106' title="bbox 1167 2176 2044 2225; baseline 0.009 -17"><span class='ocrx_word' id='word_1_687' title='bbox 1167 2185 1318 2209; x_wconf 86' lang='lat' dir='ltr'>concreta</span> <span class='ocrx_word' id='word_1_688' title='bbox 1347 2176 1568 2210; x_wconf 86' lang='lat' dir='ltr'>substantialia</span> <span class='ocrx_word' id='word_1_689' title='bbox 1599 2178 1795 2214; x_wconf 85' lang='lat' dir='ltr'>substantiva</span> <span class='ocrx_word' id='word_1_690' title='bbox 1816 2194 1828 2213; x_wconf 91' lang='lat'>.·</span> <span class='ocrx_word' id='word_1_691' title='bbox 1862 2182 1954 2225; x_wconf 87' lang='lat' dir='ltr'>atqui</span> <span class='ocrx_word' id='word_1_692' title='bbox 1977 2181 2044 2216; x_wconf 83' lang='lat' dir='ltr'>haec</span> 
     </span>
     <span class='ocr_line' id='line_1_107' title="bbox 1167 2225 2043 2276; baseline 0.01 -18"><span class='ocrx_word' id='word_1_693' title='bbox 1167 2225 1425 2267; x_wconf 87' lang='lat' dir='ltr'>multiplicantur</span> <span class='ocrx_word' id='word_1_694' title='bbox 1448 2226 1489 2259; x_wconf 87' lang='lat' dir='ltr'>ad</span> <span class='ocrx_word' id='word_1_695' title='bbox 1513 2227 1617 2261; x_wconf 87' lang='lat' dir='ltr'>solam</span> <span class='ocrx_word' id='word_1_696' title='bbox 1637 2229 1948 2271; x_wconf 84' lang='lat' dir='ltr'>multiplicationem</span> <span class='ocrx_word' id='word_1_697' title='bbox 1974 2233 2043 2276; x_wconf 82' lang='lat' dir='ltr'>sup·</span> 
     </span>
     <span class='ocr_line' id='line_1_108' title="bbox 1166 2274 2043 2319; baseline 0.014 -14"><span class='ocrx_word' id='word_1_698' title='bbox 1166 2274 1259 2315; x_wconf 82' lang='lat' dir='ltr'>positi</span> <span class='ocrx_word' id='word_1_699' title='bbox 1284 2297 1295 2312; x_wconf 93' lang='lat'>,</span> <span class='ocrx_word' id='word_1_700' title='bbox 1322 2284 1426 2314; x_wconf 88' lang='lat' dir='ltr'>neque</span> <span class='ocrx_word' id='word_1_701' title='bbox 1452 2276 1620 2316; x_wconf 87' lang='lat' dir='ltr'>requirunt</span> <span class='ocrx_word' id='word_1_702' title='bbox 1644 2277 1953 2319; x_wconf 86' lang='lat' dir='ltr'>multiplicationem</span> <span class='ocrx_word' id='word_1_703' title='bbox 1971 2283 2043 2317; x_wconf 87' lang='lat' dir='ltr'>for·</span> 
     </span>
     <span class='ocr_line' id='line_1_109' title="bbox 1165 2322 2040 2375; baseline 0.014 -21"><span class='ocrx_word' id='word_1_704' title='bbox 1165 2332 1241 2358; x_wconf 74' lang='lat' dir='ltr'>mae:</span> <span class='ocrx_word' id='word_1_705' title='bbox 1268 2332 1354 2365; x_wconf 88' lang='lat' dir='ltr'>pone</span> <span class='ocrx_word' id='word_1_706' title='bbox 1377 2322 1497 2366; x_wconf 89' lang='lat' dir='ltr'>quippe</span> <span class='ocrx_word' id='word_1_707' title='bbox 1518 2322 1653 2358; x_wconf 89' lang='lat' dir='ltr'>eandem</span> <span class='ocrx_word' id='word_1_708' title='bbox 1667 2324 1925 2370; x_wconf 85' lang='lat' dir='ltr'>humanitatem,</span> <span class='ocrx_word' id='word_1_709' title='bbox 1952 2333 2040 2375; x_wconf 83' lang='lat' dir='ltr'>equi·</span> 
     </span>
     <span class='ocr_line' id='line_1_110' title="bbox 1166 2371 2040 2423; baseline 0.011 -19"><span class='ocrx_word' id='word_1_710' title='bbox 1166 2371 1324 2412; x_wconf 86' lang='lat' dir='ltr'>nitatem,</span> <span class='ocrx_word' id='word_1_711' title='bbox 1350 2373 1606 2415; x_wconf 76' lang='lat' dir='ltr'>animalitatem,</span> <span class='ocrx_word' id='word_1_712' title='bbox 1636 2376 1700 2409; x_wconf 71' lang='grc' dir='ltr'>διε.</span> <span class='ocrx_word' id='word_1_713' title='bbox 1727 2375 1760 2408; x_wconf 91' lang='lat' dir='ltr'>in</span> <span class='ocrx_word' id='word_1_714' title='bbox 1788 2377 1889 2411; x_wconf 89' lang='lat' dir='ltr'>tribus</span> <span class='ocrx_word' id='word_1_715' title='bbox 1901 2380 2040 2423; x_wconf 80' lang='lat' dir='ltr'>supposi-</span> 
     </span>
     <span class='ocr_line' id='line_1_111' title="bbox 1162 2421 2037 2469; baseline 0.011 -14"><span class='ocrx_word' id='word_1_716' title='bbox 1162 2421 1221 2456; x_wconf 88' lang='lat' dir='ltr'>tari</span> <span class='ocrx_word' id='word_1_717' title='bbox 1245 2422 1358 2456; x_wconf 88' lang='lat' dir='ltr'>creatis</span> <span class='ocrx_word' id='word_1_718' title='bbox 1380 2423 1431 2456; x_wconf 91' lang='lat' dir='ltr'>vel</span> <span class='ocrx_word' id='word_1_719' title='bbox 1458 2422 1608 2458; x_wconf 89' lang='lat' dir='ltr'>increatis</span> <span class='ocrx_word' id='word_1_720' title='bbox 1634 2426 1825 2469; x_wconf 75' lang='lat' dir='ltr'>suppositis,</span> <span class='ocrx_word' id='word_1_721' title='bbox 1852 2427 1923 2462; x_wconf 75' lang='lat' dir='ltr'>vere</span> <span class='ocrx_word' id='word_1_722' title='bbox 1942 2441 2037 2466; x_wconf 90' lang='lat' dir='ltr'>erunt</span> 
     </span>
     <span class='ocr_line' id='line_1_112' title="bbox 1161 2471 2034 2522; baseline 0.011 -17"><span class='ocrx_word' id='word_1_723' title='bbox 1161 2481 1224 2506; x_wconf 87' lang='lat' dir='ltr'>tres</span> <span class='ocrx_word' id='word_1_724' title='bbox 1246 2471 1397 2506; x_wconf 85' lang='lat' dir='ltr'>homines</span> <span class='ocrx_word' id='word_1_725' title='bbox 1417 2497 1428 2513; x_wconf 89' lang='lat'>,</span> <span class='ocrx_word' id='word_1_726' title='bbox 1454 2482 1518 2507; x_wconf 87' lang='lat' dir='ltr'>tres</span> <span class='ocrx_word' id='word_1_727' title='bbox 1541 2474 1619 2519; x_wconf 87' lang='lat' dir='ltr'>equi</span> <span class='ocrx_word' id='word_1_728' title='bbox 1640 2499 1651 2516; x_wconf 91' lang='lat'>,</span> <span class='ocrx_word' id='word_1_729' title='bbox 1677 2476 1737 2509; x_wconf 88' lang='lat' dir='ltr'>tria</span> <span class='ocrx_word' id='word_1_730' title='bbox 1759 2477 1914 2512; x_wconf 88' lang='lat' dir='ltr'>animalia</span> <span class='ocrx_word' id='word_1_731' title='bbox 1936 2504 1947 2520; x_wconf 88' lang='lat'>,</span> <span class='ocrx_word' id='word_1_732' title='bbox 1971 2481 2034 2522; x_wconf 81' lang='lat' dir='ltr'>&amp;c-</span> 
     </span>
     <span class='ocr_line' id='line_1_113' title="bbox 1164 2520 2035 2572; baseline 0.015 -18"><span class='ocrx_word' id='word_1_733' title='bbox 1164 2520 1251 2566; x_wconf 88' lang='lat' dir='ltr'>Ergo</span> <span class='ocrx_word' id='word_1_734' title='bbox 1271 2532 1423 2556; x_wconf 89' lang='lat' dir='ltr'>concreta</span> <span class='ocrx_word' id='word_1_735' title='bbox 1447 2522 1641 2559; x_wconf 85' lang='lat' dir='ltr'>substantiva</span> <span class='ocrx_word' id='word_1_736' title='bbox 1661 2525 1702 2559; x_wconf 91' lang='lat' dir='ltr'>ad</span> <span class='ocrx_word' id='word_1_737' title='bbox 1731 2525 1776 2559; x_wconf 91' lang='lat' dir='ltr'>sui</span> <span class='ocrx_word' id='word_1_738' title='bbox 1790 2528 2035 2572; x_wconf 80' lang='lat' dir='ltr'>multiplicatio-</span> 
     </span>
     <span class='ocr_line' id='line_1_114' title="bbox 1161 2573 2034 2622; baseline 0.014 -19"><span class='ocrx_word' id='word_1_739' title='bbox 1161 2583 1234 2605; x_wconf 91' lang='lat' dir='ltr'>nem</span> <span class='ocrx_word' id='word_1_740' title='bbox 1254 2583 1322 2605; x_wconf 90' lang='lat' dir='ltr'>non</span> <span class='ocrx_word' id='word_1_741' title='bbox 1342 2573 1509 2616; x_wconf 91' lang='lat' dir='ltr'>requirunt</span> <span class='ocrx_word' id='word_1_742' title='bbox 1537 2575 1844 2618; x_wconf 78' lang='lat' dir='ltr'>multiplicationem</span> <span class='ocrx_word' id='word_1_743' title='bbox 1858 2579 2034 2622; x_wconf 63' lang='lat' dir='ltr'>subjecim-</span> 
     </span>
     <span class='ocr_line' id='line_1_115' title="bbox 1158 2622 2031 2673; baseline 0.011 -19"><span class='ocrx_word' id='word_1_744' title='bbox 1158 2622 1415 2664; x_wconf 78' lang='lat' dir='ltr'>mul&amp;f0rmae;</span> <span class='ocrx_word' id='word_1_745' title='bbox 1443 2623 1494 2656; x_wconf 91' lang='lat' dir='ltr'>sed</span> <span class='ocrx_word' id='word_1_746' title='bbox 1508 2623 1607 2657; x_wconf 83' lang='lat' dir='ltr'>solius</span> <span class='ocrx_word' id='word_1_747' title='bbox 1621 2623 1776 2667; x_wconf 68' lang='lat' dir='ltr'>subjeeti,</span> <span class='ocrx_word' id='word_1_748' title='bbox 1802 2628 2031 2673; x_wconf 85' lang='lat' dir='ltr'>utirequirunt</span> 
     </span>
     <span class='ocr_line' id='line_1_116' title="bbox 1157 2672 2031 2724; baseline 0.008 -19"><span class='ocrx_word' id='word_1_749' title='bbox 1157 2672 1313 2715; x_wconf 65' lang='lat' dir='ltr'>adjectiva</span> <span class='ocrx_word' id='word_1_750' title='bbox 1325 2697 1331 2703; x_wconf 94' lang='lat'><em>.</em></span> <span class='ocrx_word' id='word_1_751' title='bbox 1346 2672 1494 2706; x_wconf 83' lang='lat' dir='ltr'>Probatur</span> <span class='ocrx_word' id='word_1_752' title='bbox 1506 2679 1618 2707; x_wconf 74' lang='lat' dir='ltr'>minor:</span> <span class='ocrx_word' id='word_1_753' title='bbox 1645 2675 1735 2722; x_wconf 85' lang='lat' dir='ltr'>Qia</span> <span class='ocrx_word' id='word_1_754' title='bbox 1747 2675 1897 2711; x_wconf 90' lang='lat' dir='ltr'>homines</span> <span class='ocrx_word' id='word_1_755' title='bbox 1908 2703 1919 2718; x_wconf 92' lang='lat'>,</span> <span class='ocrx_word' id='word_1_756' title='bbox 1930 2682 2006 2724; x_wconf 88' lang='lat' dir='ltr'>equi</span> <span class='ocrx_word' id='word_1_757' title='bbox 2019 2705 2031 2722; x_wconf 90' lang='lat'>‚</span> 
     </span>
     <span class='ocr_line' id='line_1_117' title="bbox 1157 2721 2030 2769; baseline 0.011 -13"><span class='ocrx_word' id='word_1_758' title='bbox 1157 2723 1189 2756; x_wconf 78' lang='grc' dir='ltr'>ἀ</span> <span class='ocrx_word' id='word_1_759' title='bbox 1210 2721 1363 2756; x_wconf 89' lang='lat' dir='ltr'>animalia</span> <span class='ocrx_word' id='word_1_760' title='bbox 1391 2723 1648 2766; x_wconf 88' lang='lat' dir='ltr'>multiplicantur</span> <span class='ocrx_word' id='word_1_761' title='bbox 1669 2726 1708 2760; x_wconf 90' lang='lat' dir='ltr'>ad</span> <span class='ocrx_word' id='word_1_762' title='bbox 1722 2725 2030 2769; x_wconf 83' lang='lat' dir='ltr'>multiplicationem</span> 
     </span>
     <span class='ocr_line' id='line_1_118' title="bbox 1157 2771 2031 2818; baseline 0.009 -13"><span class='ocrx_word' id='word_1_763' title='bbox 1157 2773 1263 2812; x_wconf 82' lang='lat' dir='ltr'>illius,</span> <span class='ocrx_word' id='word_1_764' title='bbox 1290 2771 1377 2815; x_wconf 87' lang='lat' dir='ltr'>quod</span> <span class='ocrx_word' id='word_1_765' title='bbox 1397 2772 1487 2812; x_wconf 73' lang='lat' dir='ltr'>vere,</span> <span class='ocrx_word' id='word_1_766' title='bbox 1516 2774 1659 2816; x_wconf 89' lang='lat' dir='ltr'>realiter,</span> <span class='ocrx_word' id='word_1_767' title='bbox 1690 2787 1728 2810; x_wconf 86' lang='lat' dir='ltr'>ac</span> <span class='ocrx_word' id='word_1_768' title='bbox 1751 2777 1786 2818; x_wconf 86' lang='lat' dir='ltr'>in</span> <span class='ocrx_word' id='word_1_769' title='bbox 1809 2777 1893 2811; x_wconf 65' lang='lat' dir='ltr'>resto</span> <span class='ocrx_word' id='word_1_770' title='bbox 1914 2777 1959 2812; x_wconf 88' lang='lat' dir='ltr'>est</span> <span class='ocrx_word' id='word_1_771' title='bbox 1972 2778 2031 2813; x_wconf 90' lang='lat' dir='ltr'>ho-</span> 
     </span>
     <span class='ocr_line' id='line_1_119' title="bbox 1156 2823 2029 2870; baseline 0.008 -14"><span class='ocrx_word' id='word_1_772' title='bbox 1156 2833 1232 2864; x_wconf 88' lang='lat' dir='ltr'>mo,</span> <span class='ocrx_word' id='word_1_773' title='bbox 1257 2833 1377 2866; x_wconf 89' lang='lat' dir='ltr'>equus,</span> <span class='ocrx_word' id='word_1_774' title='bbox 1405 2823 1437 2856; x_wconf 77' lang='grc' dir='ltr'>ἀ</span> <span class='ocrx_word' id='word_1_775' title='bbox 1457 2823 1596 2857; x_wconf 84' lang='lat' dir='ltr'>animal:</span> <span class='ocrx_word' id='word_1_776' title='bbox 1624 2827 1714 2868; x_wconf 87' lang='lat' dir='ltr'>atqui</span> <span class='ocrx_word' id='word_1_777' title='bbox 1739 2826 1794 2867; x_wconf 90' lang='lat' dir='ltr'>id,</span> <span class='ocrx_word' id='word_1_778' title='bbox 1819 2827 1906 2870; x_wconf 88' lang='lat' dir='ltr'>quod</span> <span class='ocrx_word' id='word_1_779' title='bbox 1929 2828 2029 2869; x_wconf 68' lang='lat' dir='ltr'>verti,</span> 
     </span>
     <span class='ocr_line' id='line_1_120' title="bbox 1156 2872 2028 2921; baseline 0.007 -16"><span class='ocrx_word' id='word_1_780' title='bbox 1156 2873 1299 2911; x_wconf 78' lang='lat' dir='ltr'>realiter,</span> <span class='ocrx_word' id='word_1_781' title='bbox 1322 2873 1406 2906; x_wconf 83' lang='lat' dir='ltr'>acin</span> <span class='ocrx_word' id='word_1_782' title='bbox 1420 2874 1504 2907; x_wconf 67' lang='lat' dir='ltr'>resto</span> <span class='ocrx_word' id='word_1_783' title='bbox 1524 2873 1569 2908; x_wconf 84' lang='lat' dir='ltr'>est</span> <span class='ocrx_word' id='word_1_784' title='bbox 1584 2872 1706 2918; x_wconf 86' lang='lat' dir='ltr'>homo,</span> <span class='ocrx_word' id='word_1_785' title='bbox 1733 2887 1854 2921; x_wconf 83' lang='lat' dir='ltr'>equus,</span> <span class='ocrx_word' id='word_1_786' title='bbox 1881 2877 2028 2921; x_wconf 87' lang='lat' dir='ltr'>animal,</span> 
     </span>
     <span class='ocr_line' id='line_1_121' title="bbox 1157 2920 2026 2971; baseline 0.01 -16"><span class='ocrx_word' id='word_1_787' title='bbox 1157 2934 1223 2956; x_wconf 91' lang='lat' dir='ltr'>non</span> <span class='ocrx_word' id='word_1_788' title='bbox 1247 2923 1290 2956; x_wconf 85' lang='lat' dir='ltr'>est</span> <span class='ocrx_word' id='word_1_789' title='bbox 1307 2920 1510 2964; x_wconf 87' lang='lat' dir='ltr'>humanitas,</span> <span class='ocrx_word' id='word_1_790' title='bbox 1534 2925 1713 2968; x_wconf 87' lang='lat' dir='ltr'>equinitas,</span> <span class='ocrx_word' id='word_1_791' title='bbox 1741 2926 1946 2971; x_wconf 86' lang='lat' dir='ltr'>animalitas;</span> <span class='ocrx_word' id='word_1_792' title='bbox 1970 2929 2026 2964; x_wconf 84' lang='lat' dir='ltr'>sed</span> 
     </span>
     <span class='ocr_line' id='line_1_122' title="bbox 1154 2972 2026 3023; baseline 0.01 -18"><span class='ocrx_word' id='word_1_793' title='bbox 1154 2972 1197 3006; x_wconf 85' lang='lat' dir='ltr'>est</span> <span class='ocrx_word' id='word_1_794' title='bbox 1222 2972 1454 3013; x_wconf 90' lang='lat' dir='ltr'>humanitatis,</span> <span class='ocrx_word' id='word_1_795' title='bbox 1481 2975 1667 3017; x_wconf 87' lang='lat' dir='ltr'>equinitatis</span> <span class='ocrx_word' id='word_1_796' title='bbox 1691 2976 1899 3012; x_wconf 87' lang='lat' dir='ltr'>animalitatis</span> <span class='ocrx_word' id='word_1_797' title='bbox 1911 2979 2026 3023; x_wconf 86' lang='lat' dir='ltr'>suppo-</span> 
     </span>
     <span class='ocr_line' id='line_1_123' title="bbox 1155 3022 2024 3073; baseline 0.009 -17"><span class='ocrx_word' id='word_1_798' title='bbox 1155 3023 1269 3059; x_wconf 78' lang='lat' dir='ltr'>situm;</span> <span class='ocrx_word' id='word_1_799' title='bbox 1297 3022 1519 3066; x_wconf 81' lang='lat' dir='ltr'>utdixisupra</span> <span class='ocrx_word' id='word_1_800' title='bbox 1540 3025 1669 3060; x_wconf 89' lang='lat' dir='ltr'>devoce</span> <span class='ocrx_word' id='word_1_801' title='bbox 1681 3036 1832 3062; x_wconf 89' lang='lat' dir='ltr'>concreta</span> <span class='ocrx_word' id='word_1_802' title='bbox 1843 3039 1964 3073; x_wconf 87' lang='lat' dir='ltr'>agens,</span> <span class='ocrx_word' id='word_1_803' title='bbox 1990 3030 2024 3064; x_wconf 75' lang='grc' dir='ltr'>δε</span> 
     </span>
     <span class='ocr_line' id='line_1_124' title="bbox 1153 3071 2028 3122; baseline 0.01 -17"><span class='ocrx_word' id='word_1_804' title='bbox 1153 3071 1232 3106; x_wconf 83' lang='lat' dir='ltr'>infra</span> <span class='ocrx_word' id='word_1_805' title='bbox 1254 3071 1360 3106; x_wconf 80' lang='lat' dir='ltr'>adhuc</span> <span class='ocrx_word' id='word_1_806' title='bbox 1384 3073 1510 3107; x_wconf 91' lang='lat' dir='ltr'>dicam.</span> <span class='ocrx_word' id='word_1_807' title='bbox 1539 3075 1628 3119; x_wconf 88' lang='lat' dir='ltr'>Ergo</span> <span class='ocrx_word' id='word_1_808' title='bbox 1640 3074 1812 3117; x_wconf 88' lang='lat' dir='ltr'>homines,</span> <span class='ocrx_word' id='word_1_809' title='bbox 1838 3079 1935 3122; x_wconf 91' lang='lat' dir='ltr'>equi,</span> <span class='ocrx_word' id='word_1_810' title='bbox 1957 3080 2028 3114; x_wconf 87' lang='lat' dir='ltr'>ani·</span> 
     </span>
     <span class='ocr_line' id='line_1_125' title="bbox 1154 3123 2026 3169; baseline 0.009 -13"><span class='ocrx_word' id='word_1_811' title='bbox 1154 3123 1251 3157; x_wconf 87' lang='lat' dir='ltr'>malia</span> <span class='ocrx_word' id='word_1_812' title='bbox 1274 3134 1343 3156; x_wconf 89' lang='lat' dir='ltr'>non</span> <span class='ocrx_word' id='word_1_813' title='bbox 1365 3123 1646 3166; x_wconf 84' lang='lat' dir='ltr'>multiplicantur,</span> <span class='ocrx_word' id='word_1_814' title='bbox 1675 3138 1779 3169; x_wconf 90' lang='lat' dir='ltr'>neque</span> <span class='ocrx_word' id='word_1_815' title='bbox 1804 3126 1843 3161; x_wconf 89' lang='lat' dir='ltr'>ad</span> <span class='ocrx_word' id='word_1_816' title='bbox 1856 3129 2026 3164; x_wconf 76' lang='lat' dir='ltr'>suimultI·</span> 
     </span>
     <span class='ocr_line' id='line_1_126' title="bbox 1154 3171 2022 3224; baseline 0.009 -18"><span class='ocrx_word' id='word_1_817' title='bbox 1154 3171 1364 3214; x_wconf 86' lang='lat' dir='ltr'>plicationem</span> <span class='ocrx_word' id='word_1_818' title='bbox 1389 3173 1556 3215; x_wconf 87' lang='lat' dir='ltr'>requirunt</span> <span class='ocrx_word' id='word_1_819' title='bbox 1571 3176 1875 3218; x_wconf 85' lang='lat' dir='ltr'>multiplicationem</span> <span class='ocrx_word' id='word_1_820' title='bbox 1891 3178 2022 3224; x_wconf 80' lang='lat' dir='ltr'>formae;</span> 
     </span>
     <span class='ocr_line' id='line_1_127' title="bbox 1152 3222 2026 3277; baseline 0.01 -21"><span class='ocrx_word' id='word_1_821' title='bbox 1152 3223 1202 3256; x_wconf 85' lang='lat' dir='ltr'>sed</span> <span class='ocrx_word' id='word_1_822' title='bbox 1225 3222 1322 3256; x_wconf 87' lang='lat' dir='ltr'>solius</span> <span class='ocrx_word' id='word_1_823' title='bbox 1346 3223 1513 3265; x_wconf 82' lang='lat' dir='ltr'>suppositi.</span> <span class='ocrx_word' id='word_1_824' title='bbox 1548 3227 1593 3257; x_wconf 85' lang='lat' dir='ltr'>Et</span> <span class='ocrx_word' id='word_1_825' title='bbox 1603 3233 1681 3259; x_wconf 74' lang='lat' dir='ltr'>rano</span> <span class='ocrx_word' id='word_1_826' title='bbox 1691 3227 1878 3268; x_wconf 63' lang='lat' dir='ltr'>aprioriest:</span> <span class='ocrx_word' id='word_1_827' title='bbox 1909 3230 2026 3277; x_wconf 82' lang='lat' dir='ltr'>Qtia,</span> 
     </span>
     <span class='ocr_line' id='line_1_128' title="bbox 1152 3271 2025 3322; baseline 0.016 -20"><span class='ocrx_word' id='word_1_828' title='bbox 1152 3282 1186 3306; x_wconf 90' lang='lat' dir='ltr'>ut</span> <span class='ocrx_word' id='word_1_829' title='bbox 1202 3271 1305 3319; x_wconf 59' lang='grc' dir='ltr'><em>[ἑᾶς.</em></span> <span class='ocrx_word' id='word_1_830' title='bbox 1332 3271 1424 3312; x_wconf 84' lang='lat' dir='ltr'>dixi,</span> <span class='ocrx_word' id='word_1_831' title='bbox 1457 3272 1498 3306; x_wconf 87' lang='lat' dir='ltr'>ad</span> <span class='ocrx_word' id='word_1_832' title='bbox 1527 3274 1833 3319; x_wconf 87' lang='lat' dir='ltr'>multiplicationem</span> <span class='ocrx_word' id='word_1_833' title='bbox 1847 3278 2025 3322; x_wconf 86' lang='lat' dir='ltr'>cujuscum-</span> 
     </span>
     <span class='ocr_line' id='line_1_129' title="bbox 1151 3321 2026 3367; baseline 0.013 -13"><span class='ocrx_word' id='word_1_834' title='bbox 1151 3333 1212 3365; x_wconf 89' lang='lat' dir='ltr'>que</span> <span class='ocrx_word' id='word_1_835' title='bbox 1225 3322 1259 3355; x_wconf 84' lang='lat'>&amp;</span> <span class='ocrx_word' id='word_1_836' title='bbox 1273 3321 1517 3365; x_wconf 87' lang='lat' dir='ltr'>qualiscumque</span> <span class='ocrx_word' id='word_1_837' title='bbox 1528 3326 1670 3361; x_wconf 87' lang='lat' dir='ltr'>concreti</span> <span class='ocrx_word' id='word_1_838' title='bbox 1682 3328 1851 3367; x_wconf 86' lang='lat' dir='ltr'>requiritur</span> <span class='ocrx_word' id='word_1_839' title='bbox 1864 3330 1929 3364; x_wconf 90' lang='lat' dir='ltr'>sola</span> <span class='ocrx_word' id='word_1_840' title='bbox 1943 3331 2026 3365; x_wconf 88' lang='lat' dir='ltr'>mul-</span> 
     </span>
     <span class='ocr_line' id='line_1_130' title="bbox 1152 3371 2025 3419; baseline 0.014 -15"><span class='ocrx_word' id='word_1_841' title='bbox 1152 3372 1311 3415; x_wconf 83' lang='lat' dir='ltr'>tiplicatio</span> <span class='ocrx_word' id='word_1_842' title='bbox 1336 3371 1504 3416; x_wconf 79' lang='lat' dir='ltr'>significati</span> <span class='ocrx_word' id='word_1_843' title='bbox 1527 3375 1600 3408; x_wconf 72' lang='lat' dir='ltr'>resti</span> <span class='ocrx_word' id='word_1_844' title='bbox 1623 3389 1633 3408; x_wconf 90' lang='lat'>.·</span> <span class='ocrx_word' id='word_1_845' title='bbox 1671 3377 1759 3419; x_wconf 89' lang='lat' dir='ltr'>atqui</span> <span class='ocrx_word' id='word_1_846' title='bbox 1779 3389 1930 3413; x_wconf 86' lang='lat' dir='ltr'>concreta</span> <span class='ocrx_word' id='word_1_847' title='bbox 1954 3380 2025 3416; x_wconf 88' lang='lat' dir='ltr'>sub-</span> 
     </span>
     <span class='ocr_line' id='line_1_131' title="bbox 1151 3421 2025 3471; baseline 0.009 -15"><span class='ocrx_word' id='word_1_848' title='bbox 1151 3422 1287 3457; x_wconf 82' lang='lat' dir='ltr'>stantiva</span> <span class='ocrx_word' id='word_1_849' title='bbox 1310 3421 1344 3457; x_wconf 89' lang='lat' dir='ltr'>in</span> <span class='ocrx_word' id='word_1_850' title='bbox 1367 3423 1453 3458; x_wconf 66' lang='lat' dir='ltr'>resto</span> <span class='ocrx_word' id='word_1_851' title='bbox 1475 3423 1659 3469; x_wconf 80' lang='lat' dir='ltr'>significant</span> <span class='ocrx_word' id='word_1_852' title='bbox 1671 3427 1777 3463; x_wconf 89' lang='lat' dir='ltr'>solum</span> <span class='ocrx_word' id='word_1_853' title='bbox 1789 3427 1962 3471; x_wconf 68' lang='lat' dir='ltr'>subjectum</span> <span class='ocrx_word' id='word_1_854' title='bbox 1977 3429 2025 3464; x_wconf 88' lang='lat' dir='ltr'>vel</span> 
     </span>
    </p>

    <p class='ocr_par' dir='ltr' id='par_1_14' title="bbox 1861 3480 1974 3523">
     <span class='ocr_line' id='line_1_132' title="bbox 1861 3480 1974 3523; baseline 0.009 -11"><span class='ocrx_word' id='word_1_855' title='bbox 1861 3480 1974 3523; x_wconf 85' lang='lat' dir='ltr'>suppo-</span> 
     </span>
    </p>
   </div>
  </div>
 </body>
</html>
