<?xml version="1.0" encoding="UTF-8"?>
<!DOCTYPE html PUBLIC "-//W3C//DTD XHTML 1.0 Transitional//EN"
    "http://www.w3.org/TR/xhtml1/DTD/xhtml1-transitional.dtd">
<html xmlns="http://www.w3.org/1999/xhtml" xml:lang="en" lang="en">
 <head>
  <title>
</title>
<meta http-equiv="Content-Type" content="text/html;charset=utf-8" />
  <meta name='ocr-system' content='tesseract 3.04.00' />
  <meta name='ocr-capabilities' content='ocr_page ocr_carea ocr_par ocr_line ocrx_word'/>
</head>
<body>
  <div class='ocr_page' id='page_1' title='image "./operaomniastudio12lupuuoft/operaomniastudio12lupuuoft_0142.png"; bbox 0 0 2384 3770; ppageno 0'>
   <div class='ocr_carea' id='block_1_1' title="bbox 380 113 470 159">
    <p class='ocr_par' dir='ltr' id='par_1_1' title="bbox 380 113 470 159">
     <span class='ocr_line' id='line_1_1' title="bbox 380 113 470 159; baseline 0.011 -1"><span class='ocrx_word' id='word_1_1' title='bbox 380 113 470 159; x_wconf 84' lang='lat'>128</span> 
     </span>
    </p>
   </div>
   <div class='ocr_carea' id='block_1_2' title="bbox 280 192 1236 1840">
    <p class='ocr_par' dir='ltr' id='par_1_2' title="bbox 280 192 1236 1090">
     <span class='ocr_line' id='line_1_2' title="bbox 386 192 1236 256; baseline 0.004 -27"><span class='ocrx_word' id='word_1_2' title='bbox 386 208 443 245; x_wconf 85' lang='lat'>43.</span> <span class='ocrx_word' id='word_1_3' title='bbox 471 193 644 231; x_wconf 85' lang='lat' dir='ltr'>Dividitur</span> <span class='ocrx_word' id='word_1_4' title='bbox 664 192 799 230; x_wconf 85' lang='lat' dir='ltr'>ulterius</span> <span class='ocrx_word' id='word_1_5' title='bbox 821 196 948 242; x_wconf 79' lang='lat' dir='ltr'>signum</span> <span class='ocrx_word' id='word_1_6' title='bbox 973 198 1007 232; x_wconf 89' lang='lat' dir='ltr'>in</span> <span class='ocrx_word' id='word_1_7' title='bbox 1020 196 1236 256; x_wconf 56' lang='lat' dir='ltr'>demonstra-¹</span> 
     </span>
     <span class='ocr_line' id='line_1_3' title="bbox 336 243 1216 288; baseline 0.005 -11"><span class='ocrx_word' id='word_1_8' title='bbox 336 243 463 285; x_wconf 66' lang='lat' dir='ltr'>tivum,</span> <span class='ocrx_word' id='word_1_9' title='bbox 489 243 758 288; x_wconf 82' lang='lat' dir='ltr'>prognosticum,</span> <span class='ocrx_word' id='word_1_10' title='bbox 786 249 1139 284; x_wconf 55' lang='lat' dir='ltr'>commemorantium.</span> <span class='ocrx_word' id='word_1_11' title='bbox 1170 246 1216 281; x_wconf 89' lang='lat' dir='ltr'>Si-</span> 
     </span>
     <span class='ocr_line' id='line_1_4' title="bbox 280 294 1214 343; baseline 0.009 -17"><span class='ocrx_word' id='word_1_12' title='bbox 280 316 283 318; x_wconf 63' lang='grc'><em>»</em></span> <span class='ocrx_word' id='word_1_13' title='bbox 333 304 438 337; x_wconf 71' lang='lat' dir='ltr'>gnum</span> <span class='ocrx_word' id='word_1_14' title='bbox 463 294 838 338; x_wconf 71' lang='lat' dir='ltr'>demonstrativumest,</span> <span class='ocrx_word' id='word_1_15' title='bbox 864 297 952 342; x_wconf 89' lang='lat' dir='ltr'>quod</span> <span class='ocrx_word' id='word_1_16' title='bbox 973 299 1134 343; x_wconf 85' lang='lat' dir='ltr'>significat</span> <span class='ocrx_word' id='word_1_17' title='bbox 1147 311 1214 334; x_wconf 87' lang='lat' dir='ltr'>rem</span> 
     </span>
     <span class='ocr_line' id='line_1_5' title="bbox 333 345 1211 391; baseline 0.009 -15"><span class='ocrx_word' id='word_1_18' title='bbox 333 346 520 385; x_wconf 85' lang='lat' dir='ltr'>praesentem</span> <span class='ocrx_word' id='word_1_19' title='bbox 534 369 541 377; x_wconf 93' lang='lat'><strong>.</strong></span> <span class='ocrx_word' id='word_1_20' title='bbox 564 345 824 390; x_wconf 73' lang='lat' dir='ltr'>,prognosticum</span> <span class='ocrx_word' id='word_1_21' title='bbox 839 372 849 388; x_wconf 85' lang='lat'>‚</span> <span class='ocrx_word' id='word_1_22' title='bbox 871 348 960 391; x_wconf 88' lang='lat' dir='ltr'>quod</span> <span class='ocrx_word' id='word_1_23' title='bbox 985 360 1052 383; x_wconf 88' lang='lat' dir='ltr'>r-em</span> <span class='ocrx_word' id='word_1_24' title='bbox 1068 348 1211 385; x_wconf 86' lang='lat' dir='ltr'>futuram</span> 
     </span>
     <span class='ocr_line' id='line_1_6' title="bbox 332 394 1214 443; baseline 0.015 -20"><span class='ocrx_word' id='word_1_25' title='bbox 332 394 508 437; x_wconf 80' lang='lat' dir='ltr'>fignificat.</span> <span class='ocrx_word' id='word_1_26' title='bbox 537 394 842 433; x_wconf 81' lang='lat' dir='ltr'>Rememorativum</span> <span class='ocrx_word' id='word_1_27' title='bbox 859 400 923 438; x_wconf 81' lang='lat' dir='ltr'>est,</span> <span class='ocrx_word' id='word_1_28' title='bbox 954 399 1044 443; x_wconf 89' lang='lat' dir='ltr'>quod</span> <span class='ocrx_word' id='word_1_29' title='bbox 1056 410 1124 432; x_wconf 89' lang='lat' dir='ltr'>rem</span> <span class='ocrx_word' id='word_1_30' title='bbox 1139 412 1214 443; x_wconf 78' lang='lat' dir='ltr'>prae-</span> 
     </span>
     <span class='ocr_line' id='line_1_7' title="bbox 330 444 1208 490; baseline 0.009 -14"><span class='ocrx_word' id='word_1_31' title='bbox 330 444 459 480; x_wconf 86' lang='lat' dir='ltr'>teritam</span> <span class='ocrx_word' id='word_1_32' title='bbox 486 445 644 490; x_wconf 83' lang='lat' dir='ltr'>fignificat</span> <span class='ocrx_word' id='word_1_33' title='bbox 671 471 682 488; x_wconf 85' lang='lat'><strong>,</strong></span> <span class='ocrx_word' id='word_1_34' title='bbox 722 458 760 481; x_wconf 81' lang='lat' dir='ltr'>ac</span> <span class='ocrx_word' id='word_1_35' title='bbox 782 447 815 481; x_wconf 90' lang='lat' dir='ltr'>in</span> <span class='ocrx_word' id='word_1_36' title='bbox 844 448 1037 482; x_wconf 78' lang='lat' dir='ltr'>memoriam</span> <span class='ocrx_word' id='word_1_37' title='bbox 1065 450 1208 490; x_wconf 82' lang='lat' dir='ltr'>reducit,</span> 
     </span>
     <span class='ocr_line' id='line_1_8' title="bbox 330 496 1211 543; baseline 0.006 -15"><span class='ocrx_word' id='word_1_38' title='bbox 330 504 359 525; x_wconf 76' lang='lat' dir='ltr'>v-</span> <span class='ocrx_word' id='word_1_39' title='bbox 372 505 402 537; x_wconf 89' lang='lat' dir='ltr'>g·</span> <span class='ocrx_word' id='word_1_40' title='bbox 433 496 679 534; x_wconf 78' lang='lat' dir='ltr'>Sacramentum</span> <span class='ocrx_word' id='word_1_41' title='bbox 702 496 911 532; x_wconf 84' lang='lat' dir='ltr'>Eucharistiae</span> <span class='ocrx_word' id='word_1_42' title='bbox 921 498 966 532; x_wconf 86' lang='lat' dir='ltr'>est</span> <span class='ocrx_word' id='word_1_43' title='bbox 979 498 1105 543; x_wconf 68' lang='lat' dir='ltr'>signum</span> <span class='ocrx_word' id='word_1_44' title='bbox 1118 500 1211 535; x_wconf 88' lang='lat' dir='ltr'>simul</span> 
     </span>
     <span class='ocr_line' id='line_1_9' title="bbox 327 543 1209 591; baseline 0.007 -13"><span class='ocrx_word' id='word_1_45' title='bbox 327 543 642 586; x_wconf 84' lang='lat' dir='ltr'>demonstrativum,</span> <span class='ocrx_word' id='word_1_46' title='bbox 670 547 936 591; x_wconf 80' lang='lat' dir='ltr'>prognosticum,</span> <span class='ocrx_word' id='word_1_47' title='bbox 962 550 996 586; x_wconf 75' lang='grc' dir='ltr'>δε</span> <span class='ocrx_word' id='word_1_48' title='bbox 1021 559 1209 589; x_wconf 84' lang='lat' dir='ltr'>rememora-</span> 
     </span>
     <span class='ocr_line' id='line_1_10' title="bbox 326 594 1210 642; baseline 0.011 -17"><span class='ocrx_word' id='word_1_49' title='bbox 326 594 431 628; x_wconf 69' lang='lat' dir='ltr'>tivum</span> <span class='ocrx_word' id='word_1_50' title='bbox 454 597 594 639; x_wconf 67' lang='lat' dir='ltr'>respestu</span> <span class='ocrx_word' id='word_1_51' title='bbox 624 594 823 632; x_wconf 84' lang='lat' dir='ltr'>diversorum</span> <span class='ocrx_word' id='word_1_52' title='bbox 858 599 990 632; x_wconf 89' lang='lat' dir='ltr'>suorum</span> <span class='ocrx_word' id='word_1_53' title='bbox 1012 599 1210 642; x_wconf 82' lang='lat' dir='ltr'>fignificato-</span> 
     </span>
     <span class='ocr_line' id='line_1_11' title="bbox 326 645 1209 691; baseline 0.009 -14"><span class='ocrx_word' id='word_1_54' title='bbox 326 655 419 678; x_wconf 81' lang='lat' dir='ltr'>turn.</span> <span class='ocrx_word' id='word_1_55' title='bbox 450 645 504 682; x_wconf 85' lang='lat' dir='ltr'>Est</span> <span class='ocrx_word' id='word_1_56' title='bbox 527 645 818 683; x_wconf 81' lang='lat' dir='ltr'>demonstrativum</span> <span class='ocrx_word' id='word_1_57' title='bbox 843 650 985 691; x_wconf 64' lang='lat' dir='ltr'>respestu</span> <span class='ocrx_word' id='word_1_58' title='bbox 999 647 1123 683; x_wconf 77' lang='lat' dir='ltr'>Gratiae</span> <span class='ocrx_word' id='word_1_59' title='bbox 1134 650 1209 685; x_wconf 83' lang='lat' dir='ltr'>San-</span> 
     </span>
     <span class='ocr_line' id='line_1_12' title="bbox 327 694 1208 735; baseline 0.009 -9"><span class='ocrx_word' id='word_1_60' title='bbox 327 694 495 731; x_wconf 70' lang='lat' dir='ltr'>fiificantis</span> <span class='ocrx_word' id='word_1_61' title='bbox 508 720 517 735; x_wconf 90' lang='lat'>‚</span> <span class='ocrx_word' id='word_1_62' title='bbox 545 697 576 729; x_wconf 89' lang='lat'>&amp;</span> <span class='ocrx_word' id='word_1_63' title='bbox 588 696 712 730; x_wconf 85' lang='lat' dir='ltr'>Christi</span> <span class='ocrx_word' id='word_1_64' title='bbox 728 699 868 731; x_wconf 81' lang='lat' dir='ltr'>Domini</span> <span class='ocrx_word' id='word_1_65' title='bbox 892 699 937 732; x_wconf 91' lang='lat' dir='ltr'>ibi</span> <span class='ocrx_word' id='word_1_66' title='bbox 953 698 1080 733; x_wconf 83' lang='lat' dir='ltr'>realiter</span> <span class='ocrx_word' id='word_1_67' title='bbox 1093 710 1130 733; x_wconf 85' lang='lat' dir='ltr'>ac</span> <span class='ocrx_word' id='word_1_68' title='bbox 1140 699 1208 734; x_wconf 92' lang='lat' dir='ltr'>sub-</span> 
     </span>
     <span class='ocr_line' id='line_1_13' title="bbox 324 745 1208 792; baseline 0.003 -11"><span class='ocrx_word' id='word_1_69' title='bbox 324 745 518 781; x_wconf 77' lang='lat' dir='ltr'>stantialiter</span> <span class='ocrx_word' id='word_1_70' title='bbox 531 748 694 789; x_wconf 83' lang='lat' dir='ltr'>praesentis</span> <span class='ocrx_word' id='word_1_71' title='bbox 708 760 719 780; x_wconf 79' lang='lat'>.-</span> <span class='ocrx_word' id='word_1_72' title='bbox 744 747 838 792; x_wconf 83' lang='lat' dir='ltr'>juxta</span> <span class='ocrx_word' id='word_1_73' title='bbox 857 748 962 782; x_wconf 88' lang='lat' dir='ltr'>illud:</span> <span class='ocrx_word' id='word_1_74' title='bbox 990 748 1208 791; x_wconf 62' lang='lat' dir='ltr'>&amp;sacrumcon-</span> 
     </span>
     <span class='ocr_line' id='line_1_14' title="bbox 324 795 1206 841; baseline 0.009 -14"><span class='ocrx_word' id='word_1_75' title='bbox 324 800 446 829; x_wconf 78' lang='lat' dir='ltr'>vivium</span> <span class='ocrx_word' id='word_1_76' title='bbox 457 802 491 830; x_wconf 81' lang='lat' dir='ltr'>ln</span> <span class='ocrx_word' id='word_1_77' title='bbox 511 808 566 839; x_wconf 85' lang='lat' dir='ltr'>quo</span> <span class='ocrx_word' id='word_1_78' title='bbox 589 795 724 837; x_wconf 76' lang='lat' dir='ltr'>cbristus</span> <span class='ocrx_word' id='word_1_79' title='bbox 741 796 871 841; x_wconf 75' lang='lat' dir='ltr'>sumitur</span> <span class='ocrx_word' id='word_1_80' title='bbox 884 823 892 831; x_wconf 88' lang='lat'>.</span> <span class='ocrx_word' id='word_1_81' title='bbox 918 798 975 835; x_wconf 86' lang='lat' dir='ltr'>Est</span> <span class='ocrx_word' id='word_1_82' title='bbox 989 800 1206 835; x_wconf 77' lang='lat' dir='ltr'>rememorati·</span> 
     </span>
     <span class='ocr_line' id='line_1_15' title="bbox 323 847 1204 891; baseline 0.007 -13"><span class='ocrx_word' id='word_1_83' title='bbox 323 855 402 881; x_wconf 86' lang='lat' dir='ltr'>vum</span> <span class='ocrx_word' id='word_1_84' title='bbox 425 847 563 889; x_wconf 66' lang='lat' dir='ltr'>respectu</span> <span class='ocrx_word' id='word_1_85' title='bbox 588 847 739 890; x_wconf 81' lang='lat' dir='ltr'>paffionis</span> <span class='ocrx_word' id='word_1_86' title='bbox 759 847 902 891; x_wconf 84' lang='lat' dir='ltr'>ejusdem</span> <span class='ocrx_word' id='word_1_87' title='bbox 926 847 1204 884; x_wconf 81' lang='lat' dir='ltr'>ChristiDomini</span> 
     </span>
     <span class='ocr_line' id='line_1_16' title="bbox 320 897 1205 941; baseline 0.005 -12"><span class='ocrx_word' id='word_1_88' title='bbox 320 897 424 930; x_wconf 86' lang='lat' dir='ltr'>nostri</span> <span class='ocrx_word' id='word_1_89' title='bbox 446 909 455 939; x_wconf 76' lang='lat'>3</span> <span class='ocrx_word' id='word_1_90' title='bbox 483 897 573 939; x_wconf 82' lang='lat' dir='ltr'>juxta</span> <span class='ocrx_word' id='word_1_91' title='bbox 600 897 680 931; x_wconf 90' lang='lat' dir='ltr'>illud</span> <span class='ocrx_word' id='word_1_92' title='bbox 705 910 715 940; x_wconf 67' lang='grc' dir='ltr'>ς</span> <span class='ocrx_word' id='word_1_93' title='bbox 743 899 880 932; x_wconf 71' lang='lat' dir='ltr'>recolitur</span> <span class='ocrx_word' id='word_1_94' title='bbox 906 904 1047 934; x_wconf 79' lang='lat' dir='ltr'>memoria</span> <span class='ocrx_word' id='word_1_95' title='bbox 1066 901 1205 941; x_wconf 80' lang='lat' dir='ltr'>paffionts</span> 
     </span>
     <span class='ocr_line' id='line_1_17' title="bbox 319 946 1204 992; baseline 0.007 -14"><span class='ocrx_word' id='word_1_96' title='bbox 319 946 387 987; x_wconf 74' lang='lat' dir='ltr'>ejus</span> <span class='ocrx_word' id='word_1_97' title='bbox 400 970 407 978; x_wconf 94' lang='lat'>.</span> <span class='ocrx_word' id='word_1_98' title='bbox 438 947 492 980; x_wconf 82' lang='lat' dir='ltr'>Est</span> <span class='ocrx_word' id='word_1_99' title='bbox 510 947 758 991; x_wconf 82' lang='lat' dir='ltr'>prognosticum</span> <span class='ocrx_word' id='word_1_100' title='bbox 777 948 906 992; x_wconf 81' lang='lat' dir='ltr'>signum</span> <span class='ocrx_word' id='word_1_101' title='bbox 927 951 1065 992; x_wconf 67' lang='lat' dir='ltr'>respectu</span> <span class='ocrx_word' id='word_1_102' title='bbox 1089 950 1204 984; x_wconf 80' lang='lat' dir='ltr'>futurae</span> 
     </span>
     <span class='ocr_line' id='line_1_18' title="bbox 320 995 1203 1046; baseline 0.006 -18"><span class='ocrx_word' id='word_1_103' title='bbox 320 995 446 1029; x_wconf 86' lang='lat' dir='ltr'>Gloriae</span> <span class='ocrx_word' id='word_1_104' title='bbox 466 996 624 1039; x_wconf 83' lang='lat' dir='ltr'>coelessis;</span> <span class='ocrx_word' id='word_1_105' title='bbox 650 997 743 1040; x_wconf 83' lang='lat' dir='ltr'>juxta</span> <span class='ocrx_word' id='word_1_106' title='bbox 767 997 868 1036; x_wconf 81' lang='lat' dir='ltr'>illud:</span> <span class='ocrx_word' id='word_1_107' title='bbox 900 999 1065 1046; x_wconf 73' lang='lat' dir='ltr'>&amp;futurae</span> <span class='ocrx_word' id='word_1_108' title='bbox 1093 1002 1203 1038; x_wconf 75' lang='lat' dir='ltr'>Glortae</span> 
     </span>
     <span class='ocr_line' id='line_1_19' title="bbox 319 1044 1142 1090; baseline 0.006 -12"><span class='ocrx_word' id='word_1_109' title='bbox 319 1044 403 1078; x_wconf 78' lang='lat' dir='ltr'>nobis</span> <span class='ocrx_word' id='word_1_110' title='bbox 412 1052 525 1090; x_wconf 79' lang='lat' dir='ltr'>pignus</span> <span class='ocrx_word' id='word_1_111' title='bbox 539 1049 630 1079; x_wconf 82' lang='lat' dir='ltr'>datur</span> <span class='ocrx_word' id='word_1_112' title='bbox 643 1071 650 1082; x_wconf 83' lang='grc'><strong><em>,</em></strong></span> <span class='ocrx_word' id='word_1_113' title='bbox 1140 1063 1142 1065; x_wconf 94' lang='grc'><strong><em>·</em></strong></span> 
     </span>
    </p>

    <p class='ocr_par' dir='ltr' id='par_1_3' title="bbox 311 1097 1203 1840">
     <span class='ocr_line' id='line_1_20' title="bbox 367 1097 1202 1144; baseline 0.01 -17"><span class='ocrx_word' id='word_1_114' title='bbox 367 1106 424 1142; x_wconf 80' lang='lat'>44.</span> <span class='ocrx_word' id='word_1_115' title='bbox 457 1098 631 1132; x_wconf 84' lang='lat' dir='ltr'>Dividitur</span> <span class='ocrx_word' id='word_1_116' title='bbox 653 1097 789 1132; x_wconf 89' lang='lat' dir='ltr'>ulterius</span> <span class='ocrx_word' id='word_1_117' title='bbox 807 1100 937 1144; x_wconf 82' lang='lat' dir='ltr'>signum</span> <span class='ocrx_word' id='word_1_118' title='bbox 951 1099 984 1133; x_wconf 92' lang='lat' dir='ltr'>in</span> <span class='ocrx_word' id='word_1_119' title='bbox 997 1100 1125 1144; x_wconf 82' lang='lat' dir='ltr'>signum</span> <span class='ocrx_word' id='word_1_120' title='bbox 1138 1100 1202 1135; x_wconf 69' lang='lat' dir='ltr'>do·r</span> 
     </span>
     <span class='ocr_line' id='line_1_21' title="bbox 316 1146 1201 1194; baseline 0.005 -14"><span class='ocrx_word' id='word_1_121' title='bbox 316 1146 472 1189; x_wconf 65' lang='lat' dir='ltr'>arinale,</span> <span class='ocrx_word' id='word_1_122' title='bbox 496 1148 532 1186; x_wconf 66' lang='grc' dir='ltr'>,ὃς</span> <span class='ocrx_word' id='word_1_123' title='bbox 559 1159 626 1182; x_wconf 83' lang='lat' dir='ltr'>non</span> <span class='ocrx_word' id='word_1_124' title='bbox 640 1148 839 1183; x_wconf 66' lang='lat' dir='ltr'>doctrinale.</span> <span class='ocrx_word' id='word_1_125' title='bbox 867 1150 1008 1194; x_wconf 88' lang='lat' dir='ltr'>Signum</span> <span class='ocrx_word' id='word_1_126' title='bbox 1021 1151 1201 1185; x_wconf 70' lang='lat' dir='ltr'>dostriuale</span> 
     </span>
     <span class='ocr_line' id='line_1_22' title="bbox 317 1198 1201 1241; baseline 0.007 -13"><span class='ocrx_word' id='word_1_127' title='bbox 317 1207 473 1237; x_wconf 83' lang='lat' dir='ltr'>vocatur,</span> <span class='ocrx_word' id='word_1_128' title='bbox 495 1209 562 1241; x_wconf 90' lang='lat' dir='ltr'>quo</span> <span class='ocrx_word' id='word_1_129' title='bbox 585 1198 750 1233; x_wconf 84' lang='lat' dir='ltr'>ordinarie</span> <span class='ocrx_word' id='word_1_130' title='bbox 766 1200 1131 1238; x_wconf 79' lang='lat' dir='ltr'>utimurintradendis,</span> <span class='ocrx_word' id='word_1_131' title='bbox 1163 1212 1201 1234; x_wconf 90' lang='lat' dir='ltr'>ac</span> 
     </span>
     <span class='ocr_line' id='line_1_23' title="bbox 315 1245 1199 1293; baseline 0.006 -14"><span class='ocrx_word' id='word_1_132' title='bbox 315 1245 522 1282; x_wconf 78' lang='lat' dir='ltr'>addiscendis</span> <span class='ocrx_word' id='word_1_133' title='bbox 547 1249 710 1282; x_wconf 81' lang='lat' dir='ltr'>scientiis.</span> <span class='ocrx_word' id='word_1_134' title='bbox 740 1249 821 1283; x_wconf 88' lang='lat' dir='ltr'>Hoc</span> <span class='ocrx_word' id='word_1_135' title='bbox 848 1251 965 1293; x_wconf 83' lang='lat' dir='ltr'>triplex</span> <span class='ocrx_word' id='word_1_136' title='bbox 982 1249 1052 1286; x_wconf 79' lang='lat' dir='ltr'>est:</span> <span class='ocrx_word' id='word_1_137' title='bbox 1080 1249 1199 1284; x_wconf 86' lang='lat' dir='ltr'>scilicet</span> 
     </span>
     <span class='ocr_line' id='line_1_24' title="bbox 314 1298 1199 1343; baseline 0.002 -12"><span class='ocrx_word' id='word_1_138' title='bbox 314 1308 383 1333; x_wconf 84' lang='lat' dir='ltr'>vox</span> <span class='ocrx_word' id='word_1_139' title='bbox 395 1322 406 1338; x_wconf 91' lang='lat'>‚</span> <span class='ocrx_word' id='word_1_140' title='bbox 435 1298 586 1341; x_wconf 88' lang='lat' dir='ltr'>scriptura</span> <span class='ocrx_word' id='word_1_141' title='bbox 596 1321 606 1336; x_wconf 85' lang='lat'><em>‚</em></span> <span class='ocrx_word' id='word_1_142' title='bbox 626 1299 658 1333; x_wconf 72' lang='grc' dir='ltr'>ὅ(</span> <span class='ocrx_word' id='word_1_143' title='bbox 672 1310 851 1342; x_wconf 88' lang='lat' dir='ltr'>conceptus</span> <span class='ocrx_word' id='word_1_144' title='bbox 863 1325 870 1333; x_wconf 89' lang='lat'><strong>.</strong></span> <span class='ocrx_word' id='word_1_145' title='bbox 899 1300 996 1334; x_wconf 76' lang='lat' dir='ltr'>Circa</span> <span class='ocrx_word' id='word_1_146' title='bbox 1010 1311 1080 1343; x_wconf 83' lang='lat' dir='ltr'>quae</span> <span class='ocrx_word' id='word_1_147' title='bbox 1090 1310 1199 1335; x_wconf 88' lang='lat' dir='ltr'>occur-</span> 
     </span>
     <span class='ocr_line' id='line_1_25' title="bbox 313 1348 1198 1393; baseline 0.003 -12"><span class='ocrx_word' id='word_1_148' title='bbox 313 1359 391 1382; x_wconf 88' lang='lat' dir='ltr'>runt</span> <span class='ocrx_word' id='word_1_149' title='bbox 405 1349 557 1391; x_wconf 79' lang='lat' dir='ltr'>speciales</span> <span class='ocrx_word' id='word_1_150' title='bbox 570 1349 781 1386; x_wconf 84' lang='lat' dir='ltr'>difficultates</span> <span class='ocrx_word' id='word_1_151' title='bbox 794 1349 1045 1392; x_wconf 82' lang='lat' dir='ltr'>particularibus</span> <span class='ocrx_word' id='word_1_152' title='bbox 1056 1348 1198 1393; x_wconf 85' lang='lat' dir='ltr'>disputa-</span> 
     </span>
     <span class='ocr_line' id='line_1_26' title="bbox 312 1396 1195 1440; baseline 0.002 -8"><span class='ocrx_word' id='word_1_153' title='bbox 312 1398 461 1433; x_wconf 83' lang='lat' dir='ltr'>tionibus</span> <span class='ocrx_word' id='word_1_154' title='bbox 486 1396 717 1440; x_wconf 80' lang='lat' dir='ltr'>discutiendae‚</span> <span class='ocrx_word' id='word_1_155' title='bbox 743 1410 781 1434; x_wconf 83' lang='lat' dir='ltr'>ac</span> <span class='ocrx_word' id='word_1_156' title='bbox 793 1400 992 1435; x_wconf 77' lang='lat' dir='ltr'>enodandae.</span> <span class='ocrx_word' id='word_1_157' title='bbox 1023 1401 1195 1434; x_wconf 81' lang='lat' dir='ltr'>Deconce·</span> 
     </span>
     <span class='ocr_line' id='line_1_27' title="bbox 312 1447 1198 1493; baseline 0.002 -12"><span class='ocrx_word' id='word_1_158' title='bbox 312 1459 373 1492; x_wconf 87' lang='lat' dir='ltr'>ptu</span> <span class='ocrx_word' id='word_1_159' title='bbox 387 1447 519 1492; x_wconf 87' lang='lat' dir='ltr'>quidem</span> <span class='ocrx_word' id='word_1_160' title='bbox 544 1448 710 1493; x_wconf 77' lang='lat' dir='ltr'>agendum</span> <span class='ocrx_word' id='word_1_161' title='bbox 734 1448 778 1483; x_wconf 86' lang='lat' dir='ltr'>est</span> <span class='ocrx_word' id='word_1_162' title='bbox 795 1450 829 1482; x_wconf 90' lang='lat' dir='ltr'>in</span> <span class='ocrx_word' id='word_1_163' title='bbox 846 1449 934 1483; x_wconf 82' lang='lat' dir='ltr'>libris</span> <span class='ocrx_word' id='word_1_164' title='bbox 946 1449 987 1483; x_wconf 91' lang='lat' dir='ltr'>de</span> <span class='ocrx_word' id='word_1_165' title='bbox 999 1449 1130 1493; x_wconf 74' lang='lat' dir='ltr'>anim23</span> <span class='ocrx_word' id='word_1_166' title='bbox 1157 1450 1198 1485; x_wconf 90' lang='lat' dir='ltr'>de</span> 
     </span>
     <span class='ocr_line' id='line_1_28' title="bbox 312 1497 1197 1543; baseline 0.002 -12"><span class='ocrx_word' id='word_1_167' title='bbox 312 1497 482 1543; x_wconf 1' lang='lat' dir='ltr'>vocepvero</span> <span class='ocrx_word' id='word_1_168' title='bbox 495 1499 527 1535; x_wconf 75' lang='grc' dir='ltr'>δι</span> <span class='ocrx_word' id='word_1_169' title='bbox 551 1499 704 1541; x_wconf 84' lang='lat' dir='ltr'>scriptura</span> <span class='ocrx_word' id='word_1_170' title='bbox 717 1523 728 1539; x_wconf 87' lang='lat'>,</span> <span class='ocrx_word' id='word_1_171' title='bbox 759 1498 941 1542; x_wconf 79' lang='lat' dir='ltr'>earumque</span> <span class='ocrx_word' id='word_1_172' title='bbox 955 1500 1197 1543; x_wconf 81' lang='lat' dir='ltr'>significatione</span> 
     </span>
     <span class='ocr_line' id='line_1_29' title="bbox 312 1547 1199 1594; baseline 0.002 -13"><span class='ocrx_word' id='word_1_173' title='bbox 312 1559 350 1582; x_wconf 82' lang='lat' dir='ltr'>ac</span> <span class='ocrx_word' id='word_1_174' title='bbox 378 1547 533 1582; x_wconf 85' lang='lat' dir='ltr'>varietate</span> <span class='ocrx_word' id='word_1_175' title='bbox 557 1549 723 1592; x_wconf 80' lang='lat' dir='ltr'>agendum</span> <span class='ocrx_word' id='word_1_176' title='bbox 744 1548 789 1581; x_wconf 85' lang='lat' dir='ltr'>est</span> <span class='ocrx_word' id='word_1_177' title='bbox 804 1548 875 1582; x_wconf 85' lang='lat' dir='ltr'>hic.</span> <span class='ocrx_word' id='word_1_178' title='bbox 906 1549 1045 1594; x_wconf 88' lang='lat' dir='ltr'>Signum</span> <span class='ocrx_word' id='word_1_179' title='bbox 1062 1550 1199 1583; x_wconf 87' lang='lat' dir='ltr'>non-do·</span> 
     </span>
     <span class='ocr_line' id='line_1_30' title="bbox 313 1596 1198 1640; baseline 0.001 -8"><span class='ocrx_word' id='word_1_180' title='bbox 313 1598 447 1632; x_wconf 70' lang='lat' dir='ltr'>strinale</span> <span class='ocrx_word' id='word_1_181' title='bbox 470 1601 515 1633; x_wconf 85' lang='lat' dir='ltr'>est</span> <span class='ocrx_word' id='word_1_182' title='bbox 539 1596 643 1638; x_wconf 88' lang='lat' dir='ltr'>illud,</span> <span class='ocrx_word' id='word_1_183' title='bbox 670 1609 736 1640; x_wconf 91' lang='lat' dir='ltr'>quo</span> <span class='ocrx_word' id='word_1_184' title='bbox 763 1598 796 1632; x_wconf 90' lang='lat' dir='ltr'>in</span> <span class='ocrx_word' id='word_1_185' title='bbox 820 1598 978 1632; x_wconf 84' lang='lat' dir='ltr'>docendis</span> <span class='ocrx_word' id='word_1_186' title='bbox 990 1611 1024 1632; x_wconf 86' lang='lat' dir='ltr'>ac</span> <span class='ocrx_word' id='word_1_187' title='bbox 1037 1598 1198 1634; x_wconf 86' lang='lat' dir='ltr'>discendis</span> 
     </span>
     <span class='ocr_line' id='line_1_31' title="bbox 312 1648 1203 1691; baseline 0.002 -10"><span class='ocrx_word' id='word_1_188' title='bbox 312 1648 457 1682; x_wconf 85' lang='lat' dir='ltr'>scientiis</span> <span class='ocrx_word' id='word_1_189' title='bbox 478 1648 641 1682; x_wconf 72' lang='lat' dir='ltr'>ordinarie</span> <span class='ocrx_word' id='word_1_190' title='bbox 658 1659 725 1682; x_wconf 85' lang='lat' dir='ltr'>non</span> <span class='ocrx_word' id='word_1_191' title='bbox 743 1649 885 1684; x_wconf 89' lang='lat' dir='ltr'>utimur.</span> <span class='ocrx_word' id='word_1_192' title='bbox 915 1649 1003 1683; x_wconf 87' lang='lat' dir='ltr'>Dico</span> <span class='ocrx_word' id='word_1_193' title='bbox 1013 1661 1068 1691; x_wconf 87' lang='lat' dir='ltr'>quo</span> <span class='ocrx_word' id='word_1_194' title='bbox 1079 1651 1203 1687; x_wconf 43' lang='lat' dir='ltr'>ordinas:</span> 
     </span>
     <span class='ocr_line' id='line_1_32' title="bbox 311 1699 1195 1743; baseline 0.002 -11"><span class='ocrx_word' id='word_1_195' title='bbox 311 1701 356 1732; x_wconf 66' lang='lat' dir='ltr'>rie</span> <span class='ocrx_word' id='word_1_196' title='bbox 369 1709 424 1731; x_wconf 85' lang='lat' dir='ltr'>non</span> <span class='ocrx_word' id='word_1_197' title='bbox 434 1705 546 1731; x_wconf 80' lang='lat' dir='ltr'>utimur</span> <span class='ocrx_word' id='word_1_198' title='bbox 561 1712 572 1732; x_wconf 92' lang='grc'>.-</span> <span class='ocrx_word' id='word_1_199' title='bbox 601 1699 678 1740; x_wconf 83' lang='lat' dir='ltr'>quia</span> <span class='ocrx_word' id='word_1_200' title='bbox 707 1710 775 1732; x_wconf 89' lang='lat' dir='ltr'>non</span> <span class='ocrx_word' id='word_1_201' title='bbox 788 1699 903 1732; x_wconf 87' lang='lat' dir='ltr'>omnia</span> <span class='ocrx_word' id='word_1_202' title='bbox 918 1700 973 1734; x_wconf 87' lang='lat' dir='ltr'>illa</span> <span class='ocrx_word' id='word_1_203' title='bbox 988 1700 1075 1743; x_wconf 80' lang='lat' dir='ltr'>figna</span> <span class='ocrx_word' id='word_1_204' title='bbox 1088 1724 1099 1740; x_wconf 89' lang='lat'><em>,</em></span> <span class='ocrx_word' id='word_1_205' title='bbox 1128 1701 1195 1743; x_wconf 91' lang='lat' dir='ltr'>qui-</span> 
     </span>
     <span class='ocr_line' id='line_1_33' title="bbox 311 1748 1197 1792; baseline 0.001 -10"><span class='ocrx_word' id='word_1_206' title='bbox 311 1748 373 1782; x_wconf 89' lang='lat' dir='ltr'>bus</span> <span class='ocrx_word' id='word_1_207' title='bbox 383 1748 477 1781; x_wconf 88' lang='lat' dir='ltr'>semel</span> <span class='ocrx_word' id='word_1_208' title='bbox 489 1759 618 1783; x_wconf 86' lang='lat' dir='ltr'>tanturn</span> <span class='ocrx_word' id='word_1_209' title='bbox 632 1773 642 1789; x_wconf 94' lang='lat'>,</span> <span class='ocrx_word' id='word_1_210' title='bbox 671 1749 721 1783; x_wconf 88' lang='lat' dir='ltr'>vel</span> <span class='ocrx_word' id='word_1_211' title='bbox 734 1748 909 1792; x_wconf 78' lang='lat' dir='ltr'>aliquoties</span> <span class='ocrx_word' id='word_1_212' title='bbox 921 1773 932 1789; x_wconf 91' lang='lat'><strong>,</strong></span> <span class='ocrx_word' id='word_1_213' title='bbox 959 1759 992 1783; x_wconf 86' lang='lat' dir='ltr'>at</span> <span class='ocrx_word' id='word_1_214' title='bbox 1013 1750 1087 1784; x_wconf 81' lang='lat' dir='ltr'>saris</span> <span class='ocrx_word' id='word_1_215' title='bbox 1098 1750 1170 1783; x_wconf 75' lang='lat' dir='ltr'>raro</span> <span class='ocrx_word' id='word_1_216' title='bbox 1187 1773 1197 1790; x_wconf 87' lang='lat'><strong>,</strong></span> 
     </span>
     <span class='ocr_line' id='line_1_34' title="bbox 311 1797 1195 1840; baseline 0.001 -8"><span class='ocrx_word' id='word_1_217' title='bbox 311 1808 367 1832; x_wconf 82' lang='lat' dir='ltr'>aut</span> <span class='ocrx_word' id='word_1_218' title='bbox 393 1797 510 1840; x_wconf 90' lang='lat' dir='ltr'>quibus</span> <span class='ocrx_word' id='word_1_219' title='bbox 534 1799 568 1831; x_wconf 88' lang='lat' dir='ltr'>in</span> <span class='ocrx_word' id='word_1_220' title='bbox 591 1810 657 1833; x_wconf 86' lang='lat' dir='ltr'>una</span> <span class='ocrx_word' id='word_1_221' title='bbox 671 1799 882 1834; x_wconf 88' lang='lat' dir='ltr'>solummodo</span> <span class='ocrx_word' id='word_1_222' title='bbox 895 1800 1030 1833; x_wconf 88' lang='lat' dir='ltr'>scientia</span> <span class='ocrx_word' id='word_1_223' title='bbox 1041 1799 1195 1833; x_wconf 82' lang='lat' dir='ltr'>tradenda</span> 
     </span>
    </p>
   </div>
   <div class='ocr_carea' id='block_1_3' title="bbox 312 1847 1228 1893">
    <p class='ocr_par' dir='ltr' id='par_1_4' title="bbox 312 1847 1228 1893">
     <span class='ocr_line' id='line_1_35' title="bbox 312 1847 1228 1893; baseline 0.003 -11"><span class='ocrx_word' id='word_1_224' title='bbox 312 1849 455 1882; x_wconf 81' lang='lat' dir='ltr'>utimur:</span> <span class='ocrx_word' id='word_1_225' title='bbox 485 1847 595 1891; x_wconf 78' lang='lat' dir='ltr'>qualia</span> <span class='ocrx_word' id='word_1_226' title='bbox 619 1859 648 1882; x_wconf 84' lang='lat' dir='ltr'>v.</span> <span class='ocrx_word' id='word_1_227' title='bbox 659 1859 707 1892; x_wconf 89' lang='lat' dir='ltr'>gr.</span> <span class='ocrx_word' id='word_1_228' title='bbox 720 1849 793 1882; x_wconf 90' lang='lat' dir='ltr'>sunt</span> <span class='ocrx_word' id='word_1_229' title='bbox 815 1849 926 1893; x_wconf 82' lang='lat' dir='ltr'>figurae</span> <span class='ocrx_word' id='word_1_230' title='bbox 937 1849 1196 1890; x_wconf 64' lang='lat' dir='ltr'>mathematicae,</span> <span class='ocrx_word' id='word_1_231' title='bbox 1226 1871 1228 1873; x_wconf 38' lang='lat' dir='ltr'>v</span> 
     </span>
    </p>
   </div>
   <div class='ocr_carea' id='block_1_4' title="bbox 865 109 1592 160">
    <p class='ocr_par' dir='ltr' id='par_1_5' title="bbox 865 109 1592 160">
     <span class='ocr_line' id='line_1_36' title="bbox 865 109 1592 160; baseline -0.006 -1"><span class='ocrx_word' id='word_1_232' title='bbox 865 110 1184 160; x_wconf 66' lang='lat' dir='ltr'>D1srutAT.</span> <span class='ocrx_word' id='word_1_233' title='bbox 1226 110 1320 159; x_wconf 77' lang='lat' dir='ltr'>IV.</span> <span class='ocrx_word' id='word_1_234' title='bbox 1357 109 1494 159; x_wconf 64' lang='lat' dir='ltr'>Duo,</span> <span class='ocrx_word' id='word_1_235' title='bbox 1535 111 1592 157; x_wconf 89' lang='lat' dir='ltr'>V.</span> 
     </span>
    </p>
   </div>
   <div class='ocr_carea' id='block_1_5' title="bbox 1257 195 2167 1892">
    <p class='ocr_par' dir='ltr' id='par_1_6' title="bbox 1331 195 2167 241">
     <span class='ocr_line' id='line_1_37' title="bbox 1331 195 2167 241; baseline 0.001 -9"><span class='ocrx_word' id='word_1_236' title='bbox 1331 210 1364 235; x_wconf 90' lang='lat'>2.</span> <span class='ocrx_word' id='word_1_237' title='bbox 1390 202 1480 232; x_wconf 82' lang='lat' dir='ltr'>Ratio</span> <span class='ocrx_word' id='word_1_238' title='bbox 1501 197 1541 238; x_wconf 66' lang='lat' dir='ltr'>,est</span> <span class='ocrx_word' id='word_1_239' title='bbox 1553 211 1563 234; x_wconf 75' lang='grc' dir='ltr'>,ε</span> <span class='ocrx_word' id='word_1_240' title='bbox 1588 195 1669 241; x_wconf 64' lang='grc' dir='ltr'>,ιμιίε</span> <span class='ocrx_word' id='word_1_241' title='bbox 1693 208 1759 232; x_wconf 70' lang='lat' dir='ltr'>vox</span> <span class='ocrx_word' id='word_1_242' title='bbox 1770 196 1867 236; x_wconf 81' lang='lat' dir='ltr'>debet</span> <span class='ocrx_word' id='word_1_243' title='bbox 1877 199 1940 234; x_wconf 82' lang='lat' dir='ltr'>effe</span> <span class='ocrx_word' id='word_1_244' title='bbox 1953 210 2021 235; x_wconf 86' lang='lat' dir='ltr'>non</span> <span class='ocrx_word' id='word_1_245' title='bbox 2033 200 2167 238; x_wconf 76' lang='lat' dir='ltr'>solum«.</span> 
     </span>
    </p>

    <p class='ocr_par' dir='ltr' id='par_1_7' title="bbox 1257 247 2167 1786">
     <span class='ocr_line' id='line_1_38' title="bbox 1280 247 2153 291; baseline 0.001 -9"><span class='ocrx_word' id='word_1_246' title='bbox 1280 250 1383 285; x_wconf 86' lang='lat' dir='ltr'>modo</span> <span class='ocrx_word' id='word_1_247' title='bbox 1396 251 1495 286; x_wconf 85' lang='lat' dir='ltr'>sonus</span> <span class='ocrx_word' id='word_1_248' title='bbox 1508 247 1694 285; x_wconf 20' lang='lat' dir='ltr'>abranimali</span> <span class='ocrx_word' id='word_1_249' title='bbox 1705 247 1832 291; x_wconf 70' lang='lat' dir='ltr'>editus3</span> <span class='ocrx_word' id='word_1_250' title='bbox 1859 250 1913 285; x_wconf 82' lang='lat' dir='ltr'>sed</span> <span class='ocrx_word' id='word_1_251' title='bbox 1924 252 1987 284; x_wconf 73' lang='lat' dir='ltr'>este</span> <span class='ocrx_word' id='word_1_252' title='bbox 1997 250 2092 286; x_wconf 83' lang='lat' dir='ltr'>debet</span> <span class='ocrx_word' id='word_1_253' title='bbox 2104 253 2153 287; x_wconf 84' lang='lat' dir='ltr'>so-</span> 
     </span>
     <span class='ocr_line' id='line_1_39' title="bbox 1280 298 2149 346; baseline 0.005 -14"><span class='ocrx_word' id='word_1_254' title='bbox 1280 310 1340 336; x_wconf 81' lang='lat' dir='ltr'>nus</span> <span class='ocrx_word' id='word_1_255' title='bbox 1354 299 1460 333; x_wconf 86' lang='lat' dir='ltr'>editus</span> <span class='ocrx_word' id='word_1_256' title='bbox 1476 299 1516 338; x_wconf 80' lang='lat' dir='ltr'>ab</span> <span class='ocrx_word' id='word_1_257' title='bbox 1529 298 1662 335; x_wconf 82' lang='lat' dir='ltr'>animali</span> <span class='ocrx_word' id='word_1_258' title='bbox 1676 309 1768 332; x_wconf 87' lang='lat' dir='ltr'>more</span> <span class='ocrx_word' id='word_1_259' title='bbox 1781 299 1915 332; x_wconf 83' lang='lat' dir='ltr'>animali</span> <span class='ocrx_word' id='word_1_260' title='bbox 1926 311 1962 333; x_wconf 77' lang='lat' dir='ltr'>ac</span> <span class='ocrx_word' id='word_1_261' title='bbox 1974 301 2062 335; x_wconf 83' lang='lat' dir='ltr'>vitali</span> <span class='ocrx_word' id='word_1_262' title='bbox 2073 314 2149 346; x_wconf 87' lang='lat' dir='ltr'>ope-</span> 
     </span>
     <span class='ocr_line' id='line_1_40' title="bbox 1277 349 2151 392; baseline 0.002 -11"><span class='ocrx_word' id='word_1_263' title='bbox 1277 359 1390 386; x_wconf 80' lang='lat' dir='ltr'>rante:</span> <span class='ocrx_word' id='word_1_264' title='bbox 1417 349 1507 392; x_wconf 85' lang='lat' dir='ltr'>atqui</span> <span class='ocrx_word' id='word_1_265' title='bbox 1518 360 1598 383; x_wconf 87' lang='lat' dir='ltr'>tunc</span> <span class='ocrx_word' id='word_1_266' title='bbox 1610 349 1733 384; x_wconf 84' lang='lat' dir='ltr'>animal</span> <span class='ocrx_word' id='word_1_267' title='bbox 1744 349 1814 382; x_wconf 82' lang='lat' dir='ltr'>edit</span> <span class='ocrx_word' id='word_1_268' title='bbox 1831 350 1946 383; x_wconf 88' lang='lat' dir='ltr'>sonum</span> <span class='ocrx_word' id='word_1_269' title='bbox 1957 361 2046 384; x_wconf 82' lang='lat' dir='ltr'>more</span> <span class='ocrx_word' id='word_1_270' title='bbox 2057 353 2151 386; x_wconf 81' lang='lat' dir='ltr'>vitali</span> 
     </span>
     <span class='ocr_line' id='line_1_41' title="bbox 1275 399 2167 446; baseline 0.004 -14"><span class='ocrx_word' id='word_1_271' title='bbox 1275 399 1308 432; x_wconf 72' lang='grc' dir='ltr'>ὃς</span> <span class='ocrx_word' id='word_1_272' title='bbox 1320 399 1477 440; x_wconf 86' lang='lat' dir='ltr'>animali,</span> <span class='ocrx_word' id='word_1_273' title='bbox 1505 399 1639 442; x_wconf 85' lang='lat' dir='ltr'>quando</span> <span class='ocrx_word' id='word_1_274' title='bbox 1667 399 1759 432; x_wconf 91' lang='lat' dir='ltr'>illum</span> <span class='ocrx_word' id='word_1_275' title='bbox 1774 410 1828 442; x_wconf 86' lang='lat' dir='ltr'>per</span> <span class='ocrx_word' id='word_1_276' title='bbox 1841 399 2053 435; x_wconf 82' lang='lat' dir='ltr'>instrumenta</span> <span class='ocrx_word' id='word_1_277' title='bbox 2064 402 2082 436; x_wconf 72' lang='grc' dir='ltr'>ὲ</span> <span class='ocrx_word' id='word_1_278' title='bbox 2097 415 2167 446; x_wconf 40' lang='grc' dir='ltr'>Μ’,</span> 
     </span>
     <span class='ocr_line' id='line_1_42' title="bbox 1276 449 2150 493; baseline 0.003 -12"><span class='ocrx_word' id='word_1_279' title='bbox 1276 460 1347 486; x_wconf 83' lang='lat' dir='ltr'>tura</span> <span class='ocrx_word' id='word_1_280' title='bbox 1361 449 1511 483; x_wconf 88' lang='lat' dir='ltr'>ordinata</span> <span class='ocrx_word' id='word_1_281' title='bbox 1533 450 1601 484; x_wconf 86' lang='lat' dir='ltr'>edit</span> <span class='ocrx_word' id='word_1_282' title='bbox 1621 461 1662 483; x_wconf 80' lang='lat' dir='ltr'>ex</span> <span class='ocrx_word' id='word_1_283' title='bbox 1678 450 1855 484; x_wconf 73' lang='lat' dir='ltr'>direcstione</span> <span class='ocrx_word' id='word_1_284' title='bbox 1868 449 2089 493; x_wconf 82' lang='lat' dir='ltr'>cognitionis,</span> <span class='ocrx_word' id='word_1_285' title='bbox 2113 452 2150 487; x_wconf 74' lang='grc' dir='ltr'>ἀ</span> 
     </span>
     <span class='ocr_line' id='line_1_43' title="bbox 1274 498 2148 543; baseline 0.006 -13"><span class='ocrx_word' id='word_1_286' title='bbox 1274 498 1414 541; x_wconf 82' lang='lat' dir='ltr'>imperio</span> <span class='ocrx_word' id='word_1_287' title='bbox 1425 499 1586 543; x_wconf 82' lang='lat' dir='ltr'>appetitus</span> <span class='ocrx_word' id='word_1_288' title='bbox 1599 513 1610 533; x_wconf 82' lang='lat'>.-</span> <span class='ocrx_word' id='word_1_289' title='bbox 1627 500 1707 534; x_wconf 86' lang='lat' dir='ltr'>ficut</span> <span class='ocrx_word' id='word_1_290' title='bbox 1720 500 1810 533; x_wconf 92' lang='lat' dir='ltr'>enim</span> <span class='ocrx_word' id='word_1_291' title='bbox 1823 502 1990 543; x_wconf 87' lang='lat' dir='ltr'>proprium</span> <span class='ocrx_word' id='word_1_292' title='bbox 2004 498 2148 535; x_wconf 86' lang='lat' dir='ltr'>hominis</span> 
     </span>
     <span class='ocr_line' id='line_1_44' title="bbox 1273 549 2150 594; baseline 0.003 -13"><span class='ocrx_word' id='word_1_293' title='bbox 1273 549 1317 581; x_wconf 83' lang='lat' dir='ltr'>est</span> <span class='ocrx_word' id='word_1_294' title='bbox 1334 550 1459 591; x_wconf 85' lang='lat' dir='ltr'>operari</span> <span class='ocrx_word' id='word_1_295' title='bbox 1472 561 1527 593; x_wconf 87' lang='lat' dir='ltr'>per</span> <span class='ocrx_word' id='word_1_296' title='bbox 1539 550 1751 585; x_wconf 67' lang='lat' dir='ltr'>direffionem</span> <span class='ocrx_word' id='word_1_297' title='bbox 1761 551 1965 594; x_wconf 83' lang='lat' dir='ltr'>cognitionis</span> <span class='ocrx_word' id='word_1_298' title='bbox 1979 549 2150 584; x_wconf 69' lang='lat' dir='ltr'>intellesti-</span> 
     </span>
     <span class='ocr_line' id='line_1_45' title="bbox 1273 598 2167 643; baseline 0.004 -12"><span class='ocrx_word' id='word_1_299' title='bbox 1273 610 1340 638; x_wconf 81' lang='lat' dir='ltr'>vae,</span> <span class='ocrx_word' id='word_1_300' title='bbox 1365 598 1398 634; x_wconf 83' lang='lat'>&amp;</span> <span class='ocrx_word' id='word_1_301' title='bbox 1423 600 1598 642; x_wconf 87' lang='lat' dir='ltr'>imperinm</span> <span class='ocrx_word' id='word_1_302' title='bbox 1620 600 1797 633; x_wconf 82' lang='lat' dir='ltr'>voluntatis</span> <span class='ocrx_word' id='word_1_303' title='bbox 1810 622 1820 638; x_wconf 88' lang='lat'><strong><em>,</em></strong></span> <span class='ocrx_word' id='word_1_304' title='bbox 1846 601 1907 633; x_wconf 84' lang='lat' dir='ltr'>five</span> <span class='ocrx_word' id='word_1_305' title='bbox 1926 599 2086 643; x_wconf 81' lang='lat' dir='ltr'>appetitus</span> <span class='ocrx_word' id='word_1_306' title='bbox 2101 610 2148 634; x_wconf 80' lang='lat' dir='ltr'>ra·</span> <span class='ocrx_word' id='word_1_307' title='bbox 2165 633 2167 635; x_wconf 78' lang='grc'>,</span> 
     </span>
     <span class='ocr_line' id='line_1_46' title="bbox 1272 649 2147 693; baseline 0.001 -10"><span class='ocrx_word' id='word_1_308' title='bbox 1272 649 1426 691; x_wconf 79' lang='lat' dir='ltr'>tionalis3</span> <span class='ocrx_word' id='word_1_309' title='bbox 1449 649 1494 683; x_wconf 82' lang='lat' dir='ltr'>ita</span> <span class='ocrx_word' id='word_1_310' title='bbox 1504 650 1605 684; x_wconf 84' lang='lat' dir='ltr'>etiam</span> <span class='ocrx_word' id='word_1_311' title='bbox 1618 650 1768 683; x_wconf 84' lang='lat' dir='ltr'>animalis</span> <span class='ocrx_word' id='word_1_312' title='bbox 1781 651 1945 693; x_wconf 85' lang='lat' dir='ltr'>proprium</span> <span class='ocrx_word' id='word_1_313' title='bbox 1959 650 2004 682; x_wconf 86' lang='lat' dir='ltr'>est</span> <span class='ocrx_word' id='word_1_314' title='bbox 2018 650 2147 693; x_wconf 81' lang='lat' dir='ltr'>operari</span> 
     </span>
     <span class='ocr_line' id='line_1_47' title="bbox 1269 697 2146 743; baseline 0.003 -12"><span class='ocrx_word' id='word_1_315' title='bbox 1269 709 1324 742; x_wconf 88' lang='lat' dir='ltr'>per</span> <span class='ocrx_word' id='word_1_316' title='bbox 1337 697 1549 734; x_wconf 62' lang='lat' dir='ltr'>diret‘iionem</span> <span class='ocrx_word' id='word_1_317' title='bbox 1575 697 1765 741; x_wconf 80' lang='lat' dir='ltr'>phantafiae‚</span> <span class='ocrx_word' id='word_1_318' title='bbox 1798 699 2015 742; x_wconf 87' lang='lat' dir='ltr'>&amp;imperium</span> <span class='ocrx_word' id='word_1_319' title='bbox 2028 701 2146 743; x_wconf 85' lang='lat' dir='ltr'>appeti-</span> 
     </span>
     <span class='ocr_line' id='line_1_48' title="bbox 1270 748 2146 791; baseline 0.002 -10"><span class='ocrx_word' id='word_1_320' title='bbox 1270 761 1322 782; x_wconf 86' lang='lat' dir='ltr'>tus</span> <span class='ocrx_word' id='word_1_321' title='bbox 1343 748 1482 782; x_wconf 77' lang='lat' dir='ltr'>sensitivi</span> <span class='ocrx_word' id='word_1_322' title='bbox 1493 774 1500 781; x_wconf 93' lang='lat'><em>.</em></span> <span class='ocrx_word' id='word_1_323' title='bbox 1529 748 1627 783; x_wconf 87' lang='lat' dir='ltr'>Illum</span> <span class='ocrx_word' id='word_1_324' title='bbox 1651 749 1726 783; x_wconf 78' lang='lat' dir='ltr'>vero</span> <span class='ocrx_word' id='word_1_325' title='bbox 1740 772 1751 788; x_wconf 90' lang='lat'>,</span> <span class='ocrx_word' id='word_1_326' title='bbox 1777 759 1875 791; x_wconf 87' lang='lat' dir='ltr'>quem</span> <span class='ocrx_word' id='word_1_327' title='bbox 1898 749 2006 784; x_wconf 83' lang='lat' dir='ltr'>ederet</span> <span class='ocrx_word' id='word_1_328' title='bbox 2020 749 2146 783; x_wconf 83' lang='lat' dir='ltr'>animal</span> 
     </span>
     <span class='ocr_line' id='line_1_49' title="bbox 1269 795 2146 843; baseline 0.002 -11"><span class='ocrx_word' id='word_1_329' title='bbox 1269 810 1323 833; x_wconf 85' lang='lat' dir='ltr'>ore</span> <span class='ocrx_word' id='word_1_330' title='bbox 1336 799 1392 832; x_wconf 87' lang='lat' dir='ltr'>suo</span> <span class='ocrx_word' id='word_1_331' title='bbox 1405 800 1469 832; x_wconf 82' lang='lat' dir='ltr'>fine</span> <span class='ocrx_word' id='word_1_332' title='bbox 1482 795 1542 832; x_wconf 87' lang='lat' dir='ltr'>hac</span> <span class='ocrx_word' id='word_1_333' title='bbox 1565 799 1744 833; x_wconf 75' lang='lat' dir='ltr'>direffione</span> <span class='ocrx_word' id='word_1_334' title='bbox 1755 798 1958 843; x_wconf 83' lang='lat' dir='ltr'>cognitionis</span> <span class='ocrx_word' id='word_1_335' title='bbox 1968 823 1980 840; x_wconf 87' lang='lat'>‚</span> <span class='ocrx_word' id='word_1_336' title='bbox 2005 800 2039 833; x_wconf 68' lang='grc' dir='ltr'>ὅ(</span> <span class='ocrx_word' id='word_1_337' title='bbox 2052 811 2146 843; x_wconf 82' lang='lat' dir='ltr'>appe·</span> 
     </span>
     <span class='ocr_line' id='line_1_50' title="bbox 1269 848 2145 892; baseline 0.002 -11"><span class='ocrx_word' id='word_1_338' title='bbox 1269 850 1396 883; x_wconf 81' lang='lat' dir='ltr'>titionis</span> <span class='ocrx_word' id='word_1_339' title='bbox 1418 849 1556 891; x_wconf 88' lang='lat' dir='ltr'>imperio</span> <span class='ocrx_word' id='word_1_340' title='bbox 1568 851 1580 888; x_wconf 95' lang='lat'>(</span> <span class='ocrx_word' id='word_1_341' title='bbox 1592 850 1645 882; x_wconf 80' lang='lat' dir='ltr'>deo</span> <span class='ocrx_word' id='word_1_342' title='bbox 1660 848 1932 892; x_wconf 81' lang='lat' dir='ltr'>supernaturaliter</span> <span class='ocrx_word' id='word_1_343' title='bbox 1955 851 2074 883; x_wconf 78' lang='lat' dir='ltr'>animal</span> <span class='ocrx_word' id='word_1_344' title='bbox 2091 851 2145 883; x_wconf 85' lang='lat' dir='ltr'>ele-</span> 
     </span>
     <span class='ocr_line' id='line_1_51' title="bbox 1267 899 2143 942; baseline 0 -10"><span class='ocrx_word' id='word_1_345' title='bbox 1267 908 1362 932; x_wconf 84' lang='lat' dir='ltr'>vante</span> <span class='ocrx_word' id='word_1_346' title='bbox 1376 901 1409 933; x_wconf 76' lang='lat'><em>&amp;</em></span> <span class='ocrx_word' id='word_1_347' title='bbox 1420 901 1590 938; x_wconf 78' lang='lat' dir='ltr'>adjuvante</span> <span class='ocrx_word' id='word_1_348' title='bbox 1598 924 1610 940; x_wconf 89' lang='lat'>,</span> <span class='ocrx_word' id='word_1_349' title='bbox 1637 909 1670 932; x_wconf 81' lang='lat' dir='ltr'>ut</span> <span class='ocrx_word' id='word_1_350' title='bbox 1679 899 1765 942; x_wconf 76' lang='lat' dir='ltr'>posset</span> <span class='ocrx_word' id='word_1_351' title='bbox 1777 905 1894 941; x_wconf 83' lang='lat' dir='ltr'>operari</span> <span class='ocrx_word' id='word_1_352' title='bbox 1905 908 1961 941; x_wconf 81' lang='lat' dir='ltr'>per</span> <span class='ocrx_word' id='word_1_353' title='bbox 1972 906 2143 941; x_wconf 72' lang='lat' dir='ltr'>potentiam</span> 
     </span>
     <span class='ocr_line' id='line_1_52' title="bbox 1266 948 2144 993; baseline 0 -11"><span class='ocrx_word' id='word_1_354' title='bbox 1266 955 1324 982; x_wconf 74' lang='lat' dir='ltr'>oris</span> <span class='ocrx_word' id='word_1_355' title='bbox 1336 951 1370 983; x_wconf 63' lang='grc' dir='ltr'>(ν</span> <span class='ocrx_word' id='word_1_356' title='bbox 1391 951 1497 993; x_wconf 70' lang='lat' dir='ltr'>lingua</span> <span class='ocrx_word' id='word_1_357' title='bbox 1507 948 1573 993; x_wconf 80' lang='lat' dir='ltr'>suae</span> <span class='ocrx_word' id='word_1_358' title='bbox 1585 975 1595 990; x_wconf 91' lang='lat'>,</span> <span class='ocrx_word' id='word_1_359' title='bbox 1622 951 1801 991; x_wconf 83' lang='lat' dir='ltr'>aliorumque</span> <span class='ocrx_word' id='word_1_360' title='bbox 1811 951 1958 982; x_wconf 85' lang='lat' dir='ltr'>vocalium</span> <span class='ocrx_word' id='word_1_361' title='bbox 1965 948 2144 987; x_wconf 62' lang='lat' dir='ltr'>instrumen-</span> 
     </span>
     <span class='ocr_line' id='line_1_53' title="bbox 1265 1000 2142 1042; baseline 0 -10"><span class='ocrx_word' id='word_1_362' title='bbox 1265 1008 1362 1033; x_wconf 85' lang='lat' dir='ltr'>torum</span> <span class='ocrx_word' id='word_1_363' title='bbox 1379 1000 1437 1035; x_wconf 77' lang='lat' dir='ltr'>loco</span> <span class='ocrx_word' id='word_1_364' title='bbox 1459 1005 1606 1034; x_wconf 79' lang='lat' dir='ltr'>motivam</span> <span class='ocrx_word' id='word_1_365' title='bbox 1619 1024 1630 1039; x_wconf 91' lang='lat'>‚</span> <span class='ocrx_word' id='word_1_366' title='bbox 1653 1002 1773 1041; x_wconf 60' lang='lat' dir='ltr'>praeviff</span> <span class='ocrx_word' id='word_1_367' title='bbox 1796 1009 1854 1032; x_wconf 86' lang='lat' dir='ltr'>non</span> <span class='ocrx_word' id='word_1_368' title='bbox 1868 1000 2017 1042; x_wconf 85' lang='lat' dir='ltr'>operando</span> <span class='ocrx_word' id='word_1_369' title='bbox 2025 1007 2082 1041; x_wconf 82' lang='lat' dir='ltr'>per</span> <span class='ocrx_word' id='word_1_370' title='bbox 2090 1008 2142 1041; x_wconf 83' lang='lat' dir='ltr'>po·</span> 
     </span>
     <span class='ocr_line' id='line_1_54' title="bbox 1266 1048 2143 1093; baseline -0.001 -11"><span class='ocrx_word' id='word_1_371' title='bbox 1266 1055 1392 1083; x_wconf 72' lang='lat' dir='ltr'>tentiam</span> <span class='ocrx_word' id='word_1_372' title='bbox 1399 1048 1488 1092; x_wconf 83' lang='lat' dir='ltr'>suam</span> <span class='ocrx_word' id='word_1_373' title='bbox 1512 1056 1749 1093; x_wconf 76' lang='lat' dir='ltr'>imaginativam</span> <span class='ocrx_word' id='word_1_374' title='bbox 1760 1051 1794 1082; x_wconf 64' lang='grc' dir='ltr'>δ’</span> <span class='ocrx_word' id='word_1_375' title='bbox 1806 1055 2030 1091; x_wconf 76' lang='lat' dir='ltr'>appetitivam:</span> <span class='ocrx_word' id='word_1_376' title='bbox 2059 1057 2143 1083; x_wconf 79' lang='lat' dir='ltr'>natu-</span> 
     </span>
     <span class='ocr_line' id='line_1_55' title="bbox 1264 1099 2143 1142; baseline 0.001 -11"><span class='ocrx_word' id='word_1_377' title='bbox 1264 1101 1368 1134; x_wconf 82' lang='lat' dir='ltr'>raliter</span> <span class='ocrx_word' id='word_1_378' title='bbox 1380 1111 1510 1142; x_wconf 85' lang='lat' dir='ltr'>namque</span> <span class='ocrx_word' id='word_1_379' title='bbox 1522 1101 1557 1131; x_wconf 84' lang='lat' dir='ltr'>td</span> <span class='ocrx_word' id='word_1_380' title='bbox 1563 1099 1630 1141; x_wconf 82' lang='lat' dir='ltr'>fieri</span> <span class='ocrx_word' id='word_1_381' title='bbox 1657 1111 1715 1131; x_wconf 82' lang='lat' dir='ltr'>non</span> <span class='ocrx_word' id='word_1_382' title='bbox 1725 1099 1811 1141; x_wconf 83' lang='lat' dir='ltr'>poffet</span> <span class='ocrx_word' id='word_1_383' title='bbox 1821 1123 1829 1131; x_wconf 92' lang='lat'><strong>.</strong></span> <span class='ocrx_word' id='word_1_384' title='bbox 1858 1102 1940 1133; x_wconf 78' lang='lat' dir='ltr'>Sicut</span> <span class='ocrx_word' id='word_1_385' title='bbox 1952 1105 2032 1133; x_wconf 83' lang='lat' dir='ltr'>enim</span> <span class='ocrx_word' id='word_1_386' title='bbox 2038 1108 2143 1142; x_wconf 78' lang='lat' dir='ltr'>poten-</span> 
     </span>
     <span class='ocr_line' id='line_1_56' title="bbox 1263 1148 2145 1190; baseline 0.003 -11"><span class='ocrx_word' id='word_1_387' title='bbox 1263 1155 1309 1180; x_wconf 80' lang='lat' dir='ltr'>tia</span> <span class='ocrx_word' id='word_1_388' title='bbox 1321 1155 1492 1190; x_wconf 69' lang='lat' dir='ltr'>appetitiva</span> <span class='ocrx_word' id='word_1_389' title='bbox 1513 1149 1691 1181; x_wconf 81' lang='lat' dir='ltr'>naturaliter</span> <span class='ocrx_word' id='word_1_390' title='bbox 1703 1154 1816 1189; x_wconf 83' lang='lat' dir='ltr'>operari</span> <span class='ocrx_word' id='word_1_391' title='bbox 1829 1160 1886 1181; x_wconf 84' lang='lat' dir='ltr'>non</span> <span class='ocrx_word' id='word_1_392' title='bbox 1894 1148 1984 1190; x_wconf 75' lang='lat' dir='ltr'>potest</span> <span class='ocrx_word' id='word_1_393' title='bbox 1997 1173 2008 1189; x_wconf 92' lang='lat'>‚</span> <span class='ocrx_word' id='word_1_394' title='bbox 2034 1149 2088 1190; x_wconf 78' lang='lat' dir='ltr'>nist</span> <span class='ocrx_word' id='word_1_395' title='bbox 2097 1150 2145 1182; x_wconf 80' lang='lat' dir='ltr'>di-</span> 
     </span>
     <span class='ocr_line' id='line_1_57' title="bbox 1264 1196 2142 1239; baseline 0.002 -9"><span class='ocrx_word' id='word_1_396' title='bbox 1264 1197 1389 1232; x_wconf 63' lang='lat' dir='ltr'>reeta&amp;</span> <span class='ocrx_word' id='word_1_397' title='bbox 1401 1200 1591 1238; x_wconf 71' lang='lat' dir='ltr'>illuminata,</span> <span class='ocrx_word' id='word_1_398' title='bbox 1619 1210 1655 1231; x_wconf 83' lang='lat' dir='ltr'>ac</span> <span class='ocrx_word' id='word_1_399' title='bbox 1678 1196 1764 1239; x_wconf 55' lang='lat' dir='ltr'>quali*</span> <span class='ocrx_word' id='word_1_400' title='bbox 1777 1197 1968 1232; x_wconf 64' lang='lat' dir='ltr'>manu-dubia</span> <span class='ocrx_word' id='word_1_401' title='bbox 1977 1206 2033 1239; x_wconf 80' lang='lat' dir='ltr'>per</span> <span class='ocrx_word' id='word_1_402' title='bbox 2044 1205 2142 1239; x_wconf 79' lang='lat' dir='ltr'>opera·</span> 
     </span>
     <span class='ocr_line' id='line_1_58' title="bbox 1264 1254 2143 1291; baseline 0.002 -11"><span class='ocrx_word' id='word_1_403' title='bbox 1264 1255 1372 1284; x_wconf 73' lang='lat' dir='ltr'>tionem</span> <span class='ocrx_word' id='word_1_404' title='bbox 1389 1255 1544 1290; x_wconf 76' lang='lat' dir='ltr'>praevtam</span> <span class='ocrx_word' id='word_1_405' title='bbox 1560 1255 1705 1290; x_wconf 67' lang='lat' dir='ltr'>potentiae</span> <span class='ocrx_word' id='word_1_406' title='bbox 1731 1254 1911 1291; x_wconf 80' lang='lat' dir='ltr'>cognitivae;</span> <span class='ocrx_word' id='word_1_407' title='bbox 1939 1255 1983 1280; x_wconf 80' lang='lat' dir='ltr'>ita</span> <span class='ocrx_word' id='word_1_408' title='bbox 1991 1254 2143 1291; x_wconf 73' lang='lat' dir='ltr'>ettampo-</span> 
     </span>
     <span class='ocr_line' id='line_1_59' title="bbox 1264 1298 2146 1341; baseline 0 -11"><span class='ocrx_word' id='word_1_409' title='bbox 1264 1305 1358 1330; x_wconf 82' lang='lat' dir='ltr'>tentia</span> <span class='ocrx_word' id='word_1_410' title='bbox 1368 1298 1426 1333; x_wconf 89' lang='lat' dir='ltr'>loco</span> <span class='ocrx_word' id='word_1_411' title='bbox 1438 1302 1553 1333; x_wconf 81' lang='lat' dir='ltr'>motiva</span> <span class='ocrx_word' id='word_1_412' title='bbox 1566 1299 1745 1331; x_wconf 77' lang='lat' dir='ltr'>naturaliter</span> <span class='ocrx_word' id='word_1_413' title='bbox 1760 1304 1879 1339; x_wconf 73' lang='lat' dir='ltr'>operari</span> <span class='ocrx_word' id='word_1_414' title='bbox 1893 1309 1950 1330; x_wconf 85' lang='lat' dir='ltr'>non</span> <span class='ocrx_word' id='word_1_415' title='bbox 1960 1298 2054 1340; x_wconf 84' lang='lat' dir='ltr'>potest</span> <span class='ocrx_word' id='word_1_416' title='bbox 2067 1323 2078 1339; x_wconf 92' lang='lat'><strong>,</strong></span> <span class='ocrx_word' id='word_1_417' title='bbox 2089 1298 2146 1341; x_wconf 74' lang='lat' dir='ltr'>nist</span> 
     </span>
     <span class='ocr_line' id='line_1_60' title="bbox 1257 1348 2142 1390; baseline 0.001 -11"><span class='ocrx_word' id='word_1_418' title='bbox 1257 1348 1335 1390; x_wconf 80' lang='lat' dir='ltr'>juffa</span> <span class='ocrx_word' id='word_1_419' title='bbox 1349 1350 1382 1382; x_wconf 65' lang='grc' dir='ltr'>ὦ·</span> <span class='ocrx_word' id='word_1_420' title='bbox 1394 1350 1547 1390; x_wconf 78' lang='lat' dir='ltr'>applicata</span> <span class='ocrx_word' id='word_1_421' title='bbox 1566 1356 1622 1390; x_wconf 81' lang='lat' dir='ltr'>per</span> <span class='ocrx_word' id='word_1_422' title='bbox 1636 1353 1833 1388; x_wconf 78' lang='lat' dir='ltr'>operationem</span> <span class='ocrx_word' id='word_1_423' title='bbox 1841 1353 1990 1389; x_wconf 82' lang='lat' dir='ltr'>potentiae</span> <span class='ocrx_word' id='word_1_424' title='bbox 2001 1354 2142 1390; x_wconf 77' lang='lat' dir='ltr'>appetiti·</span> 
     </span>
     <span class='ocr_line' id='line_1_61' title="bbox 1263 1397 2141 1440; baseline 0 -9"><span class='ocrx_word' id='word_1_425' title='bbox 1263 1410 1326 1431; x_wconf 86' lang='lat' dir='ltr'>vae.</span> <span class='ocrx_word' id='word_1_426' title='bbox 1353 1398 1457 1440; x_wconf 91' lang='lat' dir='ltr'>)Non</span> <span class='ocrx_word' id='word_1_427' title='bbox 1480 1398 1587 1432; x_wconf 85' lang='lat' dir='ltr'>ederet</span> <span class='ocrx_word' id='word_1_428' title='bbox 1606 1408 1744 1440; x_wconf 82' lang='lat' dir='ltr'>operans</span> <span class='ocrx_word' id='word_1_429' title='bbox 1771 1408 1861 1431; x_wconf 89' lang='lat' dir='ltr'>more</span> <span class='ocrx_word' id='word_1_430' title='bbox 1883 1398 2036 1431; x_wconf 75' lang='lat' dir='ltr'>animalis</span> <span class='ocrx_word' id='word_1_431' title='bbox 2049 1409 2059 1439; x_wconf 66' lang='grc' dir='ltr'>ς</span> <span class='ocrx_word' id='word_1_432' title='bbox 2087 1397 2141 1432; x_wconf 88' lang='lat' dir='ltr'>sed</span> 
     </span>
     <span class='ocr_line' id='line_1_62' title="bbox 1264 1447 2141 1490; baseline -0.001 -8"><span class='ocrx_word' id='word_1_433' title='bbox 1264 1460 1353 1482; x_wconf 83' lang='lat' dir='ltr'>more</span> <span class='ocrx_word' id='word_1_434' title='bbox 1369 1459 1507 1489; x_wconf 79' lang='lat' dir='ltr'>naturae3</span> <span class='ocrx_word' id='word_1_435' title='bbox 1521 1448 1628 1481; x_wconf 86' lang='lat' dir='ltr'>ederet</span> <span class='ocrx_word' id='word_1_436' title='bbox 1641 1447 1760 1490; x_wconf 84' lang='lat' dir='ltr'>quippe</span> <span class='ocrx_word' id='word_1_437' title='bbox 1772 1447 1863 1479; x_wconf 91' lang='lat' dir='ltr'>illum</span> <span class='ocrx_word' id='word_1_438' title='bbox 1880 1447 1993 1480; x_wconf 88' lang='lat' dir='ltr'>sonum</span> <span class='ocrx_word' id='word_1_439' title='bbox 2007 1458 2062 1490; x_wconf 84' lang='lat' dir='ltr'>per</span> <span class='ocrx_word' id='word_1_440' title='bbox 2073 1458 2141 1481; x_wconf 87' lang='lat' dir='ltr'>mo·</span> 
     </span>
     <span class='ocr_line' id='line_1_63' title="bbox 1262 1497 2141 1540; baseline 0 -9"><span class='ocrx_word' id='word_1_441' title='bbox 1262 1509 1332 1531; x_wconf 89' lang='lat' dir='ltr'>tum</span> <span class='ocrx_word' id='word_1_442' title='bbox 1356 1497 1517 1535; x_wconf 81' lang='lat' dir='ltr'>labiorum</span> <span class='ocrx_word' id='word_1_443' title='bbox 1532 1522 1542 1537; x_wconf 87' lang='lat'>,</span> <span class='ocrx_word' id='word_1_444' title='bbox 1568 1506 1610 1532; x_wconf 83' lang='lat' dir='ltr'>eo</span> <span class='ocrx_word' id='word_1_445' title='bbox 1637 1498 1738 1534; x_wconf 79' lang='lat' dir='ltr'>modo</span> <span class='ocrx_word' id='word_1_446' title='bbox 1750 1508 1817 1540; x_wconf 86' lang='lat' dir='ltr'>quo</span> <span class='ocrx_word' id='word_1_447' title='bbox 1828 1497 1921 1532; x_wconf 81' lang='lat' dir='ltr'>arbor</span> <span class='ocrx_word' id='word_1_448' title='bbox 1931 1497 2000 1531; x_wconf 89' lang='lat' dir='ltr'>edit</span> <span class='ocrx_word' id='word_1_449' title='bbox 2022 1497 2141 1532; x_wconf 82' lang='lat' dir='ltr'>sonum</span> 
     </span>
     <span class='ocr_line' id='line_1_64' title="bbox 1263 1546 2141 1591; baseline -0.002 -10"><span class='ocrx_word' id='word_1_450' title='bbox 1263 1560 1315 1591; x_wconf 88' lang='lat' dir='ltr'>per</span> <span class='ocrx_word' id='word_1_451' title='bbox 1338 1558 1466 1581; x_wconf 89' lang='lat' dir='ltr'>motum</span> <span class='ocrx_word' id='word_1_452' title='bbox 1491 1548 1622 1580; x_wconf 87' lang='lat' dir='ltr'>suorum</span> <span class='ocrx_word' id='word_1_453' title='bbox 1645 1546 1804 1580; x_wconf 87' lang='lat' dir='ltr'>foliorum</span> <span class='ocrx_word' id='word_1_454' title='bbox 1819 1558 1828 1587; x_wconf 86' lang='lat'>;</span> <span class='ocrx_word' id='word_1_455' title='bbox 1856 1557 1935 1589; x_wconf 88' lang='lat' dir='ltr'>ergo</span> <span class='ocrx_word' id='word_1_456' title='bbox 1957 1546 2030 1580; x_wconf 87' lang='lat' dir='ltr'>talis</span> <span class='ocrx_word' id='word_1_457' title='bbox 2042 1548 2141 1581; x_wconf 87' lang='lat' dir='ltr'>sonus</span> 
     </span>
     <span class='ocr_line' id='line_1_65' title="bbox 1263 1595 2143 1641; baseline 0.001 -10"><span class='ocrx_word' id='word_1_458' title='bbox 1263 1609 1328 1633; x_wconf 90' lang='lat' dir='ltr'>non</span> <span class='ocrx_word' id='word_1_459' title='bbox 1353 1598 1454 1640; x_wconf 89' lang='lat' dir='ltr'>potest</span> <span class='ocrx_word' id='word_1_460' title='bbox 1479 1599 1541 1633; x_wconf 75' lang='lat' dir='ltr'>esse</span> <span class='ocrx_word' id='word_1_461' title='bbox 1562 1608 1627 1631; x_wconf 84' lang='lat' dir='ltr'>vox</span> <span class='ocrx_word' id='word_1_462' title='bbox 1639 1608 1652 1641; x_wconf 77' lang='lat'>,-</span> <span class='ocrx_word' id='word_1_463' title='bbox 1680 1607 1760 1640; x_wconf 85' lang='lat' dir='ltr'>ergo</span> <span class='ocrx_word' id='word_1_464' title='bbox 1785 1607 1848 1629; x_wconf 77' lang='lat' dir='ltr'>vox</span> <span class='ocrx_word' id='word_1_465' title='bbox 1863 1595 1959 1630; x_wconf 88' lang='lat' dir='ltr'>debet</span> <span class='ocrx_word' id='word_1_466' title='bbox 1970 1597 2031 1631; x_wconf 73' lang='lat' dir='ltr'>effe</span> <span class='ocrx_word' id='word_1_467' title='bbox 2042 1598 2143 1632; x_wconf 85' lang='lat' dir='ltr'>sonus</span> 
     </span>
     <span class='ocr_line' id='line_1_66' title="bbox 1261 1646 2140 1690; baseline 0 -9"><span class='ocrx_word' id='word_1_468' title='bbox 1261 1647 1412 1681; x_wconf 86' lang='lat' dir='ltr'>animalis</span> <span class='ocrx_word' id='word_1_469' title='bbox 1423 1658 1479 1681; x_wconf 92' lang='lat' dir='ltr'>ore</span> <span class='ocrx_word' id='word_1_470' title='bbox 1500 1646 1643 1689; x_wconf 88' lang='lat' dir='ltr'>prolatus</span> <span class='ocrx_word' id='word_1_471' title='bbox 1654 1656 1730 1682; x_wconf 84' lang='lat' dir='ltr'>cum</span> <span class='ocrx_word' id='word_1_472' title='bbox 1746 1646 1941 1690; x_wconf 89' lang='lat' dir='ltr'>cognitione</span> <span class='ocrx_word' id='word_1_473' title='bbox 1955 1669 1966 1685; x_wconf 91' lang='lat'><em>‚</em></span> <span class='ocrx_word' id='word_1_474' title='bbox 1991 1655 2063 1687; x_wconf 84' lang='lat' dir='ltr'>quae</span> <span class='ocrx_word' id='word_1_475' title='bbox 2076 1657 2115 1681; x_wconf 89' lang='lat' dir='ltr'>os</span> <span class='ocrx_word' id='word_1_476' title='bbox 2125 1669 2140 1687; x_wconf 89' lang='lat'><strong>,</strong></span> 
     </span>
     <span class='ocr_line' id='line_1_67' title="bbox 1260 1694 2140 1741; baseline 0.002 -11"><span class='ocrx_word' id='word_1_477' title='bbox 1260 1699 1388 1741; x_wconf 81' lang='lat' dir='ltr'>orisque</span> <span class='ocrx_word' id='word_1_478' title='bbox 1402 1697 1618 1733; x_wconf 78' lang='lat' dir='ltr'>instrumenta</span> <span class='ocrx_word' id='word_1_479' title='bbox 1629 1697 1664 1732; x_wconf 83' lang='lat' dir='ltr'>in</span> <span class='ocrx_word' id='word_1_480' title='bbox 1677 1694 1736 1731; x_wconf 84' lang='lat' dir='ltr'>hac</span> <span class='ocrx_word' id='word_1_481' title='bbox 1748 1696 1933 1741; x_wconf 73' lang='lat' dir='ltr'>prolatione</span> <span class='ocrx_word' id='word_1_482' title='bbox 1943 1694 2064 1741; x_wconf 73' lang='lat' dir='ltr'>dirigat</span> <span class='ocrx_word' id='word_1_483' title='bbox 2076 1707 2140 1737; x_wconf 82' lang='lat' dir='ltr'>‚ac</span> 
     </span>
     <span class='ocr_line' id='line_1_68' title="bbox 1262 1747 1476 1786; baseline 0.009 -4"><span class='ocrx_word' id='word_1_484' title='bbox 1262 1747 1459 1786; x_wconf 82' lang='lat' dir='ltr'>manuducat</span> <span class='ocrx_word' id='word_1_485' title='bbox 1469 1772 1476 1783; x_wconf 89' lang='lat'><strong>.</strong></span> 
     </span>
    </p>

    <p class='ocr_par' dir='ltr' id='par_1_8' title="bbox 1261 1797 2140 1892">
     <span class='ocr_line' id='line_1_69' title="bbox 1313 1797 2139 1845; baseline 0 -13"><span class='ocrx_word' id='word_1_486' title='bbox 1313 1809 1343 1845; x_wconf 84' lang='lat'>3.</span> <span class='ocrx_word' id='word_1_487' title='bbox 1372 1800 1465 1833; x_wconf 83' lang='lat' dir='ltr'>Hinc</span> <span class='ocrx_word' id='word_1_488' title='bbox 1477 1799 1534 1833; x_wconf 84' lang='lat' dir='ltr'>illa</span> <span class='ocrx_word' id='word_1_489' title='bbox 1554 1799 1703 1844; x_wconf 90' lang='lat' dir='ltr'>cognitio</span> <span class='ocrx_word' id='word_1_490' title='bbox 1711 1798 1866 1833; x_wconf 71' lang='lat' dir='ltr'>direstiva</span> <span class='ocrx_word' id='word_1_491' title='bbox 1881 1797 2036 1841; x_wconf 81' lang='lat' dir='ltr'>potentiae</span> <span class='ocrx_word' id='word_1_492' title='bbox 2047 1797 2139 1832; x_wconf 86' lang='lat' dir='ltr'>loco·</span> 
     </span>
     <span class='ocr_line' id='line_1_70' title="bbox 1261 1844 2140 1892; baseline -0.003 -8"><span class='ocrx_word' id='word_1_493' title='bbox 1261 1850 1394 1884; x_wconf 67' lang='lat' dir='ltr'>motivae</span> <span class='ocrx_word' id='word_1_494' title='bbox 1413 1850 1446 1882; x_wconf 89' lang='lat' dir='ltr'>in</span> <span class='ocrx_word' id='word_1_495' title='bbox 1471 1850 1668 1884; x_wconf 85' lang='lat' dir='ltr'>formatione</span> <span class='ocrx_word' id='word_1_496' title='bbox 1679 1850 1768 1883; x_wconf 87' lang='lat' dir='ltr'>vocis</span> <span class='ocrx_word' id='word_1_497' title='bbox 1784 1873 1794 1889; x_wconf 88' lang='lat'><em>,</em></span> <span class='ocrx_word' id='word_1_498' title='bbox 1821 1860 1920 1892; x_wconf 83' lang='lat' dir='ltr'>quarn</span> <span class='ocrx_word' id='word_1_499' title='bbox 1932 1847 2047 1882; x_wconf 90' lang='lat' dir='ltr'>dicunt</span> <span class='ocrx_word' id='word_1_500' title='bbox 2059 1844 2140 1881; x_wconf 82' lang='lat' dir='ltr'>Phi-</span> 
     </span>
    </p>
   </div>
   <div class='ocr_carea' id='block_1_6' title="bbox 312 1897 2140 1942">
    <p class='ocr_par' dir='ltr' id='par_1_9' title="bbox 312 1897 2140 1942">
     <span class='ocr_line' id='line_1_71' title="bbox 312 1897 2140 1942; baseline -0.001 -10"><span class='ocrx_word' id='word_1_501' title='bbox 312 1898 432 1941; x_wconf 81' lang='lat' dir='ltr'>sphaera</span> <span class='ocrx_word' id='word_1_502' title='bbox 457 1897 599 1933; x_wconf 84' lang='lat' dir='ltr'>coelestis</span> <span class='ocrx_word' id='word_1_503' title='bbox 618 1898 652 1934; x_wconf 83' lang='lat'>&amp;</span> <span class='ocrx_word' id='word_1_504' title='bbox 679 1897 833 1932; x_wconf 85' lang='lat' dir='ltr'>terrestris</span> <span class='ocrx_word' id='word_1_505' title='bbox 846 1898 1021 1934; x_wconf 85' lang='lat' dir='ltr'>artificialis</span> <span class='ocrx_word' id='word_1_506' title='bbox 1034 1921 1044 1936; x_wconf 91' lang='lat'>,</span> <span class='ocrx_word' id='word_1_507' title='bbox 1069 1899 1196 1942; x_wconf 85' lang='lat' dir='ltr'>aliaque</span> <span class='ocrx_word' id='word_1_508' title='bbox 1223 1906 1231 1914; x_wconf 90' lang='grc'><em>·</em></span> <span class='ocrx_word' id='word_1_509' title='bbox 1257 1899 1462 1942; x_wconf 80' lang='lat' dir='ltr'>losopbiesie</span> <span class='ocrx_word' id='word_1_510' title='bbox 1473 1900 1513 1933; x_wconf 92' lang='lat' dir='ltr'>de</span> <span class='ocrx_word' id='word_1_511' title='bbox 1526 1901 1659 1939; x_wconf 75' lang='lat' dir='ltr'>essentia</span> <span class='ocrx_word' id='word_1_512' title='bbox 1673 1899 1761 1934; x_wconf 87' lang='lat' dir='ltr'>vocis</span> <span class='ocrx_word' id='word_1_513' title='bbox 1777 1923 1787 1938; x_wconf 88' lang='lat'><em>,</em></span> <span class='ocrx_word' id='word_1_514' title='bbox 1812 1910 1882 1932; x_wconf 88' lang='lat' dir='ltr'>non</span> <span class='ocrx_word' id='word_1_515' title='bbox 1896 1898 1992 1931; x_wconf 88' lang='lat' dir='ltr'>debet</span> <span class='ocrx_word' id='word_1_516' title='bbox 2015 1898 2077 1931; x_wconf 76' lang='lat' dir='ltr'>esse</span> <span class='ocrx_word' id='word_1_517' title='bbox 2088 1897 2140 1931; x_wconf 87' lang='lat' dir='ltr'>in·</span> 
     </span>
    </p>
   </div>
   <div class='ocr_carea' id='block_1_7' title="bbox 313 1946 1198 2087">
    <p class='ocr_par' dir='ltr' id='par_1_10' title="bbox 313 1946 1198 2087">
     <span class='ocr_line' id='line_1_72' title="bbox 313 1946 1195 1990; baseline 0 -8"><span class='ocrx_word' id='word_1_518' title='bbox 313 1949 430 1983; x_wconf 72' lang='lat' dir='ltr'>similia</span> <span class='ocrx_word' id='word_1_519' title='bbox 453 1973 464 1988; x_wconf 89' lang='lat'>,</span> <span class='ocrx_word' id='word_1_520' title='bbox 492 1946 601 1983; x_wconf 82' lang='lat' dir='ltr'>vocari</span> <span class='ocrx_word' id='word_1_521' title='bbox 622 1948 754 1990; x_wconf 70' lang='lat' dir='ltr'>possunt</span> <span class='ocrx_word' id='word_1_522' title='bbox 776 1947 863 1990; x_wconf 83' lang='lat' dir='ltr'>figna</span> <span class='ocrx_word' id='word_1_523' title='bbox 890 1948 1085 1981; x_wconf 61' lang='lat' dir='ltr'>doctrinalia</span> <span class='ocrx_word' id='word_1_524' title='bbox 1108 1960 1118 1990; x_wconf 89' lang='lat'>;</span> <span class='ocrx_word' id='word_1_525' title='bbox 1144 1948 1195 1982; x_wconf 89' lang='lat' dir='ltr'>sed</span> 
     </span>
     <span class='ocr_line' id='line_1_73' title="bbox 314 1995 1198 2041; baseline 0.002 -8"><span class='ocrx_word' id='word_1_526' title='bbox 314 1998 372 2034; x_wconf 78' lang='lat' dir='ltr'>illa</span> <span class='ocrx_word' id='word_1_527' title='bbox 386 1999 513 2038; x_wconf 90' lang='lat' dir='ltr'>solum,</span> <span class='ocrx_word' id='word_1_528' title='bbox 541 1997 659 2041; x_wconf 89' lang='lat' dir='ltr'>quibus</span> <span class='ocrx_word' id='word_1_529' title='bbox 685 1998 720 2031; x_wconf 88' lang='lat' dir='ltr'>in</span> <span class='ocrx_word' id='word_1_530' title='bbox 748 1995 914 2032; x_wconf 83' lang='lat' dir='ltr'>tradendis</span> <span class='ocrx_word' id='word_1_531' title='bbox 926 1996 1198 2037; x_wconf 77' lang='lat' dir='ltr'>omnibusomni-</span> 
     </span>
     <span class='ocr_line' id='line_1_74' title="bbox 315 2046 847 2087; baseline -0.002 -2"><span class='ocrx_word' id='word_1_532' title='bbox 315 2061 361 2085; x_wconf 85' lang='lat' dir='ltr'>no</span> <span class='ocrx_word' id='word_1_533' title='bbox 373 2049 518 2087; x_wconf 77' lang='lat' dir='ltr'>scientiis</span> <span class='ocrx_word' id='word_1_534' title='bbox 527 2049 650 2087; x_wconf 81' lang='lat' dir='ltr'>utimur</span> <span class='ocrx_word' id='word_1_535' title='bbox 662 2046 826 2085; x_wconf 70' lang='lat' dir='ltr'>ordinarie</span> <span class='ocrx_word' id='word_1_536' title='bbox 839 2070 847 2083; x_wconf 77' lang='lat'><strong>·</strong></span> 
     </span>
    </p>
   </div>
   <div class='ocr_carea' id='block_1_8' title="bbox 319 2135 1195 2337">
    <p class='ocr_par' dir='ltr' id='par_1_11' title="bbox 319 2135 1195 2337">
     <span class='ocr_line' id='line_1_75' title="bbox 387 2135 1129 2199; baseline -0.007 -1"><span class='ocrx_word' id='word_1_537' title='bbox 387 2135 1002 2199; x_wconf 74' lang='lat' dir='ltr'>DISPUTATIO</span> <span class='ocrx_word' id='word_1_538' title='bbox 1070 2152 1129 2195; x_wconf 90' lang='lat' dir='ltr'>v.</span> 
     </span>
     <span class='ocr_line' id='line_1_76' title="bbox 319 2227 1195 2337; baseline -0.014 -18"><span class='ocrx_word' id='word_1_539' title='bbox 319 2277 378 2322; x_wconf 87' lang='lat' dir='ltr'>De</span> <span class='ocrx_word' id='word_1_540' title='bbox 392 2269 505 2337; x_wconf 76' lang='lat' dir='ltr'>signo</span> <span class='ocrx_word' id='word_1_541' title='bbox 529 2266 683 2327; x_wconf 73' lang='lat' dir='ltr'>vocali,</span> <span class='ocrx_word' id='word_1_542' title='bbox 708 2267 800 2332; x_wconf 84' lang='lat' dir='ltr'>five</span> <span class='ocrx_word' id='word_1_543' title='bbox 827 2265 870 2313; x_wconf 83' lang='lat' dir='ltr'>de</span> <span class='ocrx_word' id='word_1_544' title='bbox 897 2227 985 2315; x_wconf 72' lang='lat' dir='ltr'>voce</span> <span class='ocrx_word' id='word_1_545' title='bbox 997 2265 1195 2335; x_wconf 71' lang='lat' dir='ltr'>stgmfica.</span> 
     </span>
    </p>
   </div>
   <div class='ocr_carea' id='block_1_9' title="bbox 462 2340 1056 2471">
    <p class='ocr_par' dir='ltr' id='par_1_12' title="bbox 462 2340 1056 2471">
     <span class='ocr_line' id='line_1_77' title="bbox 601 2340 919 2403; baseline 0 -19"><span class='ocrx_word' id='word_1_546' title='bbox 601 2341 690 2384; x_wconf 78' lang='lat' dir='ltr'>tiva</span> <span class='ocrx_word' id='word_1_547' title='bbox 714 2340 751 2384; x_wconf 86' lang='lat' dir='ltr'>in</span> <span class='ocrx_word' id='word_1_548' title='bbox 767 2354 919 2403; x_wconf 80' lang='lat' dir='ltr'>genere.</span> 
     </span>
     <span class='ocr_line' id='line_1_78' title="bbox 462 2426 1056 2471; baseline -0.012 0"><span class='ocrx_word' id='word_1_549' title='bbox 462 2432 505 2471; x_wconf 94' lang='lat' dir='ltr'>D</span> <span class='ocrx_word' id='word_1_550' title='bbox 558 2430 598 2470; x_wconf 94' lang='lat' dir='ltr'>U</span> <span class='ocrx_word' id='word_1_551' title='bbox 650 2430 682 2468; x_wconf 92' lang='lat' dir='ltr'>B</span> <span class='ocrx_word' id='word_1_552' title='bbox 735 2429 754 2468; x_wconf 93' lang='grc' dir='ltr'>Ι</span> <span class='ocrx_word' id='word_1_553' title='bbox 809 2428 847 2467; x_wconf 94' lang='lat' dir='ltr'>U</span> <span class='ocrx_word' id='word_1_554' title='bbox 899 2428 945 2466; x_wconf 89' lang='lat' dir='ltr'>M</span> <span class='ocrx_word' id='word_1_555' title='bbox 1024 2426 1056 2466; x_wconf 93' lang='lat'>1.</span> 
     </span>
    </p>
   </div>
   <div class='ocr_carea' id='block_1_10' title="bbox 518 2508 995 2555">
    <p class='ocr_par' dir='ltr' id='par_1_13' title="bbox 518 2508 995 2555">
     <span class='ocr_line' id='line_1_79' title="bbox 518 2508 995 2555; baseline -0.008 -11"><span class='ocrx_word' id='word_1_556' title='bbox 518 2512 609 2555; x_wconf 69' lang='lat' dir='ltr'>,Quid</span> <span class='ocrx_word' id='word_1_557' title='bbox 621 2508 660 2553; x_wconf 81' lang='lat' dir='ltr'>fit</span> <span class='ocrx_word' id='word_1_558' title='bbox 686 2521 747 2545; x_wconf 78' lang='lat' dir='ltr'>vox</span> <span class='ocrx_word' id='word_1_559' title='bbox 768 2514 800 2543; x_wconf 81' lang='lat' dir='ltr'>in</span> <span class='ocrx_word' id='word_1_560' title='bbox 826 2509 995 2542; x_wconf 74' lang='lat' dir='ltr'>communi?</span> 
     </span>
    </p>
   </div>
   <div class='ocr_carea' id='block_1_11' title="bbox 318 2590 1202 3483">
    <p class='ocr_par' dir='ltr' id='par_1_14' title="bbox 318 2590 1202 3483">
     <span class='ocr_line' id='line_1_80' title="bbox 478 2590 1194 2639; baseline -0.013 -7"><span class='ocrx_word' id='word_1_561' title='bbox 478 2599 584 2638; x_wconf 82' lang='lat' dir='ltr'>Ocem</span> <span class='ocrx_word' id='word_1_562' title='bbox 611 2596 644 2630; x_wconf 89' lang='lat' dir='ltr'>in</span> <span class='ocrx_word' id='word_1_563' title='bbox 670 2595 841 2631; x_wconf 86' lang='lat' dir='ltr'>communi</span> <span class='ocrx_word' id='word_1_564' title='bbox 862 2602 957 2639; x_wconf 87' lang='lat' dir='ltr'>prout</span> <span class='ocrx_word' id='word_1_565' title='bbox 967 2590 1194 2627; x_wconf 62' lang='lat' dir='ltr'>abstrahitafi-</span> 
     </span>
     <span class='ocr_line' id='line_1_81' title="bbox 344 2609 1194 2738; baseline -0.011 -55"><span class='ocrx_word' id='word_1_566' title='bbox 344 2610 380 2738; x_wconf 59' lang='grc' dir='ltr'>ς</span> <span class='ocrx_word' id='word_1_567' title='bbox 415 2609 431 2694; x_wconf 53' lang='grc' dir='ltr'>Ξ</span> <span class='ocrx_word' id='word_1_568' title='bbox 491 2648 683 2694; x_wconf 76' lang='lat' dir='ltr'>gnificativa</span> <span class='ocrx_word' id='word_1_569' title='bbox 707 2647 741 2681; x_wconf 79' lang='grc' dir='ltr'>δι’.</span> <span class='ocrx_word' id='word_1_570' title='bbox 765 2657 835 2679; x_wconf 89' lang='lat' dir='ltr'>non</span> <span class='ocrx_word' id='word_1_571' title='bbox 856 2644 1070 2690; x_wconf 81' lang='lat' dir='ltr'>significativa</span> <span class='ocrx_word' id='word_1_572' title='bbox 1085 2641 1194 2686; x_wconf 80' lang='lat' dir='ltr'>paffim</span> 
     </span>
     <span class='ocr_line' id='line_1_82' title="bbox 492 2693 1195 2739; baseline -0.01 -8"><span class='ocrx_word' id='word_1_573' title='bbox 492 2697 655 2732; x_wconf 86' lang='lat' dir='ltr'>definiunt</span> <span class='ocrx_word' id='word_1_574' title='bbox 685 2694 883 2739; x_wconf 84' lang='lat' dir='ltr'>Philosophi</span> <span class='ocrx_word' id='word_1_575' title='bbox 907 2694 970 2728; x_wconf 90' lang='lat' dir='ltr'>hoc</span> <span class='ocrx_word' id='word_1_576' title='bbox 983 2693 1105 2727; x_wconf 84' lang='lat' dir='ltr'>modo.-</span> <span class='ocrx_word' id='word_1_577' title='bbox 1134 2702 1195 2724; x_wconf 79' lang='lat' dir='ltr'>vox</span> 
     </span>
     <span class='ocr_line' id='line_1_83' title="bbox 491 2740 1194 2791; baseline -0.013 -9"><span class='ocrx_word' id='word_1_578' title='bbox 491 2748 529 2788; x_wconf 84' lang='lat' dir='ltr'>est</span> <span class='ocrx_word' id='word_1_579' title='bbox 536 2747 629 2791; x_wconf 83' lang='lat' dir='ltr'>sonus</span> <span class='ocrx_word' id='word_1_580' title='bbox 640 2772 650 2787; x_wconf 88' lang='lat'>,</span> <span class='ocrx_word' id='word_1_581' title='bbox 676 2753 727 2788; x_wconf 85' lang='lat' dir='ltr'>qui</span> <span class='ocrx_word' id='word_1_582' title='bbox 738 2752 827 2778; x_wconf 83' lang='lat' dir='ltr'>certis</span> <span class='ocrx_word' id='word_1_583' title='bbox 839 2747 859 2778; x_wconf 76' lang='grc' dir='ltr'><em>ἃ</em></span> <span class='ocrx_word' id='word_1_584' title='bbox 873 2755 984 2779; x_wconf 82' lang='lat' dir='ltr'>natura</span> <span class='ocrx_word' id='word_1_585' title='bbox 996 2742 1077 2776; x_wconf 77' lang='lat' dir='ltr'>datis</span> <span class='ocrx_word' id='word_1_586' title='bbox 1084 2740 1194 2782; x_wconf 72' lang='lat' dir='ltr'>instru-</span> 
     </span>
     <span class='ocr_line' id='line_1_84' title="bbox 318 2790 1192 2838; baseline -0.013 -4"><span class='ocrx_word' id='word_1_587' title='bbox 318 2803 428 2834; x_wconf 81' lang='lat' dir='ltr'>mentis</span> <span class='ocrx_word' id='word_1_588' title='bbox 449 2799 592 2832; x_wconf 80' lang='lat' dir='ltr'>animalt&#39;s</span> <span class='ocrx_word' id='word_1_589' title='bbox 617 2807 663 2829; x_wconf 81' lang='lat' dir='ltr'>ore</span> <span class='ocrx_word' id='word_1_590' title='bbox 678 2795 829 2838; x_wconf 79' lang='lat' dir='ltr'>profertur</span> <span class='ocrx_word' id='word_1_591' title='bbox 852 2807 917 2829; x_wconf 86' lang='lat' dir='ltr'>cum</span> <span class='ocrx_word' id='word_1_592' title='bbox 940 2799 1100 2838; x_wconf 76' lang='lat' dir='ltr'>cognitione</span> <span class='ocrx_word' id='word_1_593' title='bbox 1115 2816 1122 2824; x_wconf 94' lang='lat'><em>.</em></span> <span class='ocrx_word' id='word_1_594' title='bbox 1153 2790 1192 2824; x_wconf 86' lang='lat' dir='ltr'>In</span> 
     </span>
     <span class='ocr_line' id='line_1_85' title="bbox 318 2841 1190 2894; baseline -0.013 -10"><span class='ocrx_word' id='word_1_595' title='bbox 318 2862 382 2894; x_wconf 86' lang='lat' dir='ltr'>qua</span> <span class='ocrx_word' id='word_1_596' title='bbox 404 2849 599 2883; x_wconf 87' lang='lat' dir='ltr'>definitione</span> <span class='ocrx_word' id='word_1_597' title='bbox 622 2845 795 2880; x_wconf 85' lang='lat' dir='ltr'>definitum</span> <span class='ocrx_word' id='word_1_598' title='bbox 817 2845 862 2879; x_wconf 88' lang='lat' dir='ltr'>est</span> <span class='ocrx_word' id='word_1_599' title='bbox 875 2856 940 2878; x_wconf 89' lang='lat' dir='ltr'>vox</span> <span class='ocrx_word' id='word_1_600' title='bbox 954 2845 986 2876; x_wconf 90' lang='lat' dir='ltr'>in</span> <span class='ocrx_word' id='word_1_601' title='bbox 1002 2841 1190 2877; x_wconf 85' lang='lat' dir='ltr'>communi.</span> 
     </span>
     <span class='ocr_line' id='line_1_86' title="bbox 318 2892 1192 2935; baseline -0.009 -1"><span class='ocrx_word' id='word_1_602' title='bbox 318 2901 432 2935; x_wconf 83' lang='lat' dir='ltr'>Genus</span> <span class='ocrx_word' id='word_1_603' title='bbox 442 2898 570 2933; x_wconf 83' lang='lat' dir='ltr'>definiti</span> <span class='ocrx_word' id='word_1_604' title='bbox 582 2897 627 2931; x_wconf 83' lang='lat' dir='ltr'>est</span> <span class='ocrx_word' id='word_1_605' title='bbox 640 2897 736 2929; x_wconf 88' lang='lat' dir='ltr'>sonus</span> <span class='ocrx_word' id='word_1_606' title='bbox 750 2920 757 2927; x_wconf 92' lang='lat'>.</span> <span class='ocrx_word' id='word_1_607' title='bbox 789 2895 858 2928; x_wconf 91' lang='lat' dir='ltr'>Hic</span> <span class='ocrx_word' id='word_1_608' title='bbox 871 2895 960 2928; x_wconf 88' lang='lat' dir='ltr'>enim</span> <span class='ocrx_word' id='word_1_609' title='bbox 972 2892 1070 2926; x_wconf 87' lang='lat' dir='ltr'>latius</span> <span class='ocrx_word' id='word_1_610' title='bbox 1083 2899 1169 2934; x_wconf 71' lang='lat' dir='ltr'>patet</span> <span class='ocrx_word' id='word_1_611' title='bbox 1181 2914 1192 2931; x_wconf 84' lang='lat'><em>,</em></span> 
     </span>
     <span class='ocr_line' id='line_1_87' title="bbox 318 2942 1192 2994; baseline -0.011 -10"><span class='ocrx_word' id='word_1_612' title='bbox 318 2950 430 2994; x_wconf 77' lang='lat' dir='ltr'>estque</span> <span class='ocrx_word' id='word_1_613' title='bbox 442 2951 545 2993; x_wconf 80' lang='lat' dir='ltr'>magis</span> <span class='ocrx_word' id='word_1_614' title='bbox 565 2946 751 2981; x_wconf 87' lang='lat' dir='ltr'>communis</span> <span class='ocrx_word' id='word_1_615' title='bbox 765 2956 862 2988; x_wconf 88' lang='lat' dir='ltr'>quam</span> <span class='ocrx_word' id='word_1_616' title='bbox 876 2955 942 2978; x_wconf 87' lang='lat' dir='ltr'>vox</span> <span class='ocrx_word' id='word_1_617' title='bbox 955 2967 963 2976; x_wconf 96' lang='lat'><strong><em>.</em></strong></span> <span class='ocrx_word' id='word_1_618' title='bbox 992 2942 1082 2976; x_wconf 85' lang='lat' dir='ltr'>Nam</span> <span class='ocrx_word' id='word_1_619' title='bbox 1095 2942 1192 2974; x_wconf 88' lang='lat' dir='ltr'>sonus</span> 
     </span>
     <span class='ocr_line' id='line_1_88' title="bbox 318 2990 1191 3043; baseline -0.013 -9"><span class='ocrx_word' id='word_1_620' title='bbox 318 3009 502 3043; x_wconf 83' lang='lat' dir='ltr'>campanae,</span> <span class='ocrx_word' id='word_1_621' title='bbox 530 2999 628 3032; x_wconf 87' lang='lat' dir='ltr'>sonus</span> <span class='ocrx_word' id='word_1_622' title='bbox 640 2996 813 3039; x_wconf 82' lang='lat' dir='ltr'>tympani,</span> <span class='ocrx_word' id='word_1_623' title='bbox 839 2995 901 3029; x_wconf 76' lang='grc' dir='ltr'>διο.</span> <span class='ocrx_word' id='word_1_624' title='bbox 915 2993 998 3026; x_wconf 91' lang='lat' dir='ltr'>Item</span> <span class='ocrx_word' id='word_1_625' title='bbox 1022 2990 1191 3025; x_wconf 82' lang='lat' dir='ltr'>sonusalia</span> 
     </span>
     <span class='ocr_line' id='line_1_89' title="bbox 320 3040 1190 3091; baseline -0.013 -7"><span class='ocrx_word' id='word_1_626' title='bbox 320 3049 473 3084; x_wconf 84' lang='lat' dir='ltr'>animalis</span> <span class='ocrx_word' id='word_1_627' title='bbox 496 3059 583 3091; x_wconf 84' lang='lat' dir='ltr'>parte</span> <span class='ocrx_word' id='word_1_628' title='bbox 604 3071 615 3088; x_wconf 90' lang='lat'><strong>,</strong></span> <span class='ocrx_word' id='word_1_629' title='bbox 641 3057 739 3089; x_wconf 83' lang='lat' dir='ltr'>quam</span> <span class='ocrx_word' id='word_1_630' title='bbox 763 3055 820 3079; x_wconf 90' lang='lat' dir='ltr'>ore</span> <span class='ocrx_word' id='word_1_631' title='bbox 840 3044 997 3078; x_wconf 78' lang='lat' dir='ltr'>caussatus</span> <span class='ocrx_word' id='word_1_632' title='bbox 1020 3053 1031 3084; x_wconf 89' lang='lat'>·‚</span> <span class='ocrx_word' id='word_1_633' title='bbox 1059 3049 1094 3075; x_wconf 87' lang='lat' dir='ltr'>ut</span> <span class='ocrx_word' id='word_1_634' title='bbox 1114 3040 1190 3080; x_wconf 83' lang='lat' dir='ltr'>ille,</span> 
     </span>
     <span class='ocr_line' id='line_1_90' title="bbox 321 3090 1190 3141; baseline -0.013 -7"><span class='ocrx_word' id='word_1_635' title='bbox 321 3111 418 3141; x_wconf 89' lang='lat' dir='ltr'>quem</span> <span class='ocrx_word' id='word_1_636' title='bbox 438 3109 510 3132; x_wconf 83' lang='lat' dir='ltr'>aves</span> <span class='ocrx_word' id='word_1_637' title='bbox 521 3097 601 3137; x_wconf 84' lang='lat' dir='ltr'>alis,</span> <span class='ocrx_word' id='word_1_638' title='bbox 631 3098 732 3139; x_wconf 84' lang='lat' dir='ltr'>pisces</span> <span class='ocrx_word' id='word_1_639' title='bbox 744 3095 915 3139; x_wconf 84' lang='lat' dir='ltr'>sqamrnis,</span> <span class='ocrx_word' id='word_1_640' title='bbox 942 3093 1088 3136; x_wconf 78' lang='lat' dir='ltr'>jumenta</span> <span class='ocrx_word' id='word_1_641' title='bbox 1099 3090 1190 3134; x_wconf 87' lang='lat' dir='ltr'>pedi-</span> 
     </span>
     <span class='ocr_line' id='line_1_91' title="bbox 320 3142 1193 3188; baseline -0.009 -5"><span class='ocrx_word' id='word_1_642' title='bbox 320 3149 378 3183; x_wconf 90' lang='lat' dir='ltr'>bus</span> <span class='ocrx_word' id='word_1_643' title='bbox 390 3149 453 3183; x_wconf 84' lang='lat' dir='ltr'>suis</span> <span class='ocrx_word' id='word_1_644' title='bbox 472 3146 574 3182; x_wconf 88' lang='lat' dir='ltr'>edunt</span> <span class='ocrx_word' id='word_1_645' title='bbox 590 3171 600 3186; x_wconf 95' lang='lat'>,</span> <span class='ocrx_word' id='word_1_646' title='bbox 625 3147 699 3179; x_wconf 93' lang='lat' dir='ltr'>sunt</span> <span class='ocrx_word' id='word_1_647' title='bbox 722 3146 794 3179; x_wconf 87' lang='lat' dir='ltr'>soni</span> <span class='ocrx_word' id='word_1_648' title='bbox 810 3157 820 3188; x_wconf 91' lang='lat'>·,</span> <span class='ocrx_word' id='word_1_649' title='bbox 846 3153 1033 3178; x_wconf 85' lang='lat' dir='ltr'>nontamen</span> <span class='ocrx_word' id='word_1_650' title='bbox 1045 3142 1119 3175; x_wconf 87' lang='lat' dir='ltr'>sunt</span> <span class='ocrx_word' id='word_1_651' title='bbox 1132 3152 1193 3175; x_wconf 89' lang='lat' dir='ltr'>vo-</span> 
     </span>
     <span class='ocr_line' id='line_1_92' title="bbox 321 3192 1194 3241; baseline -0.011 -9"><span class='ocrx_word' id='word_1_652' title='bbox 321 3210 373 3231; x_wconf 85' lang='lat' dir='ltr'>ces</span> <span class='ocrx_word' id='word_1_653' title='bbox 384 3224 391 3231; x_wconf 93' lang='lat'>.</span> <span class='ocrx_word' id='word_1_654' title='bbox 417 3199 527 3232; x_wconf 91' lang='lat' dir='ltr'>Debet</span> <span class='ocrx_word' id='word_1_655' title='bbox 541 3208 620 3241; x_wconf 89' lang='lat' dir='ltr'>ergo</span> <span class='ocrx_word' id='word_1_656' title='bbox 633 3208 697 3230; x_wconf 85' lang='lat' dir='ltr'>vox</span> <span class='ocrx_word' id='word_1_657' title='bbox 712 3196 773 3230; x_wconf 78' lang='lat' dir='ltr'>esse</span> <span class='ocrx_word' id='word_1_658' title='bbox 785 3197 883 3229; x_wconf 87' lang='lat' dir='ltr'>sonus</span> <span class='ocrx_word' id='word_1_659' title='bbox 891 3192 1043 3228; x_wconf 79' lang='lat' dir='ltr'>animalis</span> <span class='ocrx_word' id='word_1_660' title='bbox 1053 3202 1110 3225; x_wconf 89' lang='lat' dir='ltr'>ore</span> <span class='ocrx_word' id='word_1_661' title='bbox 1123 3201 1194 3233; x_wconf 89' lang='lat' dir='ltr'>pro-</span> 
     </span>
     <span class='ocr_line' id='line_1_93' title="bbox 322 3239 1195 3291; baseline -0.007 -12"><span class='ocrx_word' id='word_1_662' title='bbox 322 3247 406 3281; x_wconf 81' lang='lat' dir='ltr'>latus</span> <span class='ocrx_word' id='word_1_663' title='bbox 424 3260 499 3282; x_wconf 90' lang='lat' dir='ltr'>cum</span> <span class='ocrx_word' id='word_1_664' title='bbox 522 3247 762 3291; x_wconf 82' lang='lat' dir='ltr'>imaginatione</span> <span class='ocrx_word' id='word_1_665' title='bbox 773 3246 834 3279; x_wconf 84' lang='lat' dir='ltr'>five</span> <span class='ocrx_word' id='word_1_666' title='bbox 846 3243 1061 3288; x_wconf 88' lang='lat' dir='ltr'>cognitione.</span> <span class='ocrx_word' id='word_1_667' title='bbox 1088 3239 1195 3275; x_wconf 87' lang='lat' dir='ltr'>Unde</span> 
     </span>
     <span class='ocr_line' id='line_1_94' title="bbox 323 3290 1202 3338; baseline -0.009 -9"><span class='ocrx_word' id='word_1_668' title='bbox 323 3297 346 3329; x_wconf 83' lang='lat' dir='ltr'>si</span> <span class='ocrx_word' id='word_1_669' title='bbox 374 3297 507 3338; x_wconf 83' lang='lat' dir='ltr'>aliquod</span> <span class='ocrx_word' id='word_1_670' title='bbox 529 3297 652 3331; x_wconf 83' lang='lat' dir='ltr'>animal</span> <span class='ocrx_word' id='word_1_671' title='bbox 675 3295 959 3338; x_wconf 82' lang='lat' dir='ltr'>supernaturaliter</span> <span class='ocrx_word' id='word_1_672' title='bbox 981 3294 994 3335; x_wconf 89' lang='lat'>(</span> <span class='ocrx_word' id='word_1_673' title='bbox 1018 3290 1202 3331; x_wconf 38' lang='lat' dir='ltr'>naturaliter,</span> 
     </span>
     <span class='ocr_line' id='line_1_95' title="bbox 323 3341 1197 3393; baseline -0.006 -15"><span class='ocrx_word' id='word_1_674' title='bbox 323 3351 402 3393; x_wconf 60' lang='lat' dir='ltr'>enim</span> <span class='ocrx_word' id='word_1_675' title='bbox 413 3347 519 3387; x_wconf 79' lang='lat' dir='ltr'>tdfiert</span> <span class='ocrx_word' id='word_1_676' title='bbox 542 3359 599 3381; x_wconf 86' lang='lat' dir='ltr'>non</span> <span class='ocrx_word' id='word_1_677' title='bbox 614 3346 705 3389; x_wconf 79' lang='lat' dir='ltr'>potest</span> <span class='ocrx_word' id='word_1_678' title='bbox 721 3347 800 3388; x_wconf 90' lang='lat' dir='ltr'>)ore</span> <span class='ocrx_word' id='word_1_679' title='bbox 812 3346 869 3380; x_wconf 90' lang='lat' dir='ltr'>suo</span> <span class='ocrx_word' id='word_1_680' title='bbox 878 3344 987 3378; x_wconf 89' lang='lat' dir='ltr'>ederet</span> <span class='ocrx_word' id='word_1_681' title='bbox 998 3343 1139 3384; x_wconf 82' lang='lat' dir='ltr'>aliquem</span> <span class='ocrx_word' id='word_1_682' title='bbox 1149 3341 1197 3374; x_wconf 91' lang='lat' dir='ltr'>so·</span> 
     </span>
     <span class='ocr_line' id='line_1_96' title="bbox 323 3391 1196 3441; baseline -0.007 -11"><span class='ocrx_word' id='word_1_683' title='bbox 323 3406 406 3432; x_wconf 85' lang='lat' dir='ltr'>num</span> <span class='ocrx_word' id='word_1_684' title='bbox 428 3419 437 3433; x_wconf 90' lang='lat'>‚</span> <span class='ocrx_word' id='word_1_685' title='bbox 463 3396 529 3430; x_wconf 85' lang='lat' dir='ltr'>fine</span> <span class='ocrx_word' id='word_1_686' title='bbox 550 3398 765 3441; x_wconf 84' lang='lat' dir='ltr'>cognitione:</span> <span class='ocrx_word' id='word_1_687' title='bbox 795 3396 893 3431; x_wconf 90' lang='lat' dir='ltr'>sonus</span> <span class='ocrx_word' id='word_1_688' title='bbox 925 3393 986 3429; x_wconf 85' lang='lat' dir='ltr'>iste</span> <span class='ocrx_word' id='word_1_689' title='bbox 1009 3391 1196 3430; x_wconf 85' lang='lat' dir='ltr'>nullatenus</span> 
     </span>
     <span class='ocr_line' id='line_1_97' title="bbox 322 3446 512 3483; baseline -0.026 0"><span class='ocrx_word' id='word_1_690' title='bbox 322 3446 406 3483; x_wconf 78' lang='lat' dir='ltr'>foret</span> <span class='ocrx_word' id='word_1_691' title='bbox 427 3455 512 3479; x_wconf 84' lang='lat' dir='ltr'>vox.</span> 
     </span>
    </p>
   </div>
   <div class='ocr_carea' id='block_1_12' title="bbox 1240 1994 1248 2086">
    <p class='ocr_par' dir='ltr' id='par_1_15' title="bbox 1240 1994 1248 2086">
     <span class='ocr_line' id='line_1_98' title="bbox 1240 1994 1248 2086; baseline 0 1684"><span class='ocrx_word' id='word_1_692' title='bbox 1240 1994 1248 2086; x_wconf 95' lang='lat' dir='ltr'> </span> 
     </span>
    </p>
   </div>
   <div class='ocr_carea' id='block_1_13' title="bbox 1240 1948 2171 3521">
    <p class='ocr_par' dir='ltr' id='par_1_16' title="bbox 1252 1948 2171 3234">
     <span class='ocr_line' id='line_1_99' title="bbox 1261 1948 2137 1992; baseline 0 -11"><span class='ocrx_word' id='word_1_693' title='bbox 1261 1948 1423 1985; x_wconf 75' lang='lat' dir='ltr'>telleffiva</span> <span class='ocrx_word' id='word_1_694' title='bbox 1436 1961 1446 1990; x_wconf 86' lang='lat'>;</span> <span class='ocrx_word' id='word_1_695' title='bbox 1458 1949 1511 1983; x_wconf 85' lang='lat' dir='ltr'>sed</span> <span class='ocrx_word' id='word_1_696' title='bbox 1525 1949 1627 1992; x_wconf 87' lang='lat' dir='ltr'>potest</span> <span class='ocrx_word' id='word_1_697' title='bbox 1642 1950 1706 1982; x_wconf 82' lang='lat' dir='ltr'>effe</span> <span class='ocrx_word' id='word_1_698' title='bbox 1718 1949 1866 1982; x_wconf 78' lang='lat' dir='ltr'>sensitiva</span> <span class='ocrx_word' id='word_1_699' title='bbox 1880 1960 1887 1979; x_wconf 90' lang='lat'>:</span> <span class='ocrx_word' id='word_1_700' title='bbox 1915 1948 2012 1980; x_wconf 83' lang='lat' dir='ltr'>debet</span> <span class='ocrx_word' id='word_1_701' title='bbox 2023 1957 2137 1981; x_wconf 85' lang='lat' dir='ltr'>tamen</span> 
     </span>
     <span class='ocr_line' id='line_1_100' title="bbox 1263 1996 2153 2042; baseline 0 -11"><span class='ocrx_word' id='word_1_702' title='bbox 1263 1998 1483 2042; x_wconf 76' lang='lat' dir='ltr'>essecognitio</span> <span class='ocrx_word' id='word_1_703' title='bbox 1506 1998 1676 2041; x_wconf 78' lang='lat' dir='ltr'>phantafiae</span> <span class='ocrx_word' id='word_1_704' title='bbox 1689 2021 1699 2037; x_wconf 92' lang='lat'>‚</span> <span class='ocrx_word' id='word_1_705' title='bbox 1726 1997 1787 2031; x_wconf 85' lang='lat' dir='ltr'>sive</span> <span class='ocrx_word' id='word_1_706' title='bbox 1801 1997 1910 2030; x_wconf 90' lang='lat' dir='ltr'>sensus</span> <span class='ocrx_word' id='word_1_707' title='bbox 1925 1996 2153 2031; x_wconf 75' lang='lat' dir='ltr'>communisz.</span> 
     </span>
     <span class='ocr_line' id='line_1_101' title="bbox 1264 2043 2153 2091; baseline -0.001 -9"><span class='ocrx_word' id='word_1_708' title='bbox 1264 2060 1367 2090; x_wconf 89' lang='lat' dir='ltr'>neque</span> <span class='ocrx_word' id='word_1_709' title='bbox 1378 2048 1493 2082; x_wconf 63' lang='lat' dir='ltr'>sufficit</span> <span class='ocrx_word' id='word_1_710' title='bbox 1507 2047 1669 2091; x_wconf 69' lang='lat' dir='ltr'>‚cognitio</span> <span class='ocrx_word' id='word_1_711' title='bbox 1695 2045 1830 2089; x_wconf 81' lang='lat' dir='ltr'>alicujus</span> <span class='ocrx_word' id='word_1_712' title='bbox 1844 2047 1956 2082; x_wconf 83' lang='lat' dir='ltr'>sensus</span> <span class='ocrx_word' id='word_1_713' title='bbox 1965 2043 2153 2088; x_wconf 62' lang='grc' dir='ltr'>Ριιῐῑὶςιιῐι-ι</span> 
     </span>
     <span class='ocr_line' id='line_1_102' title="bbox 1262 2094 2138 2138; baseline 0.002 -9"><span class='ocrx_word' id='word_1_714' title='bbox 1262 2098 1323 2131; x_wconf 85' lang='lat' dir='ltr'>ris:</span> <span class='ocrx_word' id='word_1_715' title='bbox 1352 2108 1390 2129; x_wconf 87' lang='lat' dir='ltr'>ac</span> <span class='ocrx_word' id='word_1_716' title='bbox 1402 2097 1532 2129; x_wconf 84' lang='lat' dir='ltr'>tandem</span> <span class='ocrx_word' id='word_1_717' title='bbox 1547 2097 1614 2129; x_wconf 75' lang='lat' dir='ltr'>haec</span> <span class='ocrx_word' id='word_1_718' title='bbox 1630 2097 1783 2138; x_wconf 87' lang='lat' dir='ltr'>cognitio</span> <span class='ocrx_word' id='word_1_719' title='bbox 1795 2107 1853 2137; x_wconf 85' lang='lat' dir='ltr'>pro</span> <span class='ocrx_word' id='word_1_720' title='bbox 1866 2095 1992 2137; x_wconf 68' lang='lat' dir='ltr'>objesto</span> <span class='ocrx_word' id='word_1_721' title='bbox 2005 2097 2063 2130; x_wconf 91' lang='lat' dir='ltr'>suo</span> <span class='ocrx_word' id='word_1_722' title='bbox 2075 2094 2138 2131; x_wconf 80' lang='lat' dir='ltr'>ha-</span> 
     </span>
     <span class='ocr_line' id='line_1_103' title="bbox 1263 2143 2137 2187; baseline 0 -8"><span class='ocrx_word' id='word_1_723' title='bbox 1263 2145 1313 2179; x_wconf 85' lang='lat' dir='ltr'>bet</span> <span class='ocrx_word' id='word_1_724' title='bbox 1325 2156 1392 2179; x_wconf 89' lang='lat' dir='ltr'>non</span> <span class='ocrx_word' id='word_1_725' title='bbox 1405 2145 1494 2177; x_wconf 86' lang='lat' dir='ltr'>vocis</span> <span class='ocrx_word' id='word_1_726' title='bbox 1507 2143 1702 2186; x_wconf 82' lang='lat' dir='ltr'>proferendae</span> <span class='ocrx_word' id='word_1_727' title='bbox 1715 2143 2006 2187; x_wconf 84' lang='lat' dir='ltr'>fignificatum;sed</span> <span class='ocrx_word' id='word_1_728' title='bbox 2019 2146 2137 2187; x_wconf 86' lang='lat' dir='ltr'>ipsam-</span> 
     </span>
     <span class='ocr_line' id='line_1_104' title="bbox 1262 2193 2133 2236; baseline -0.002 -8"><span class='ocrx_word' id='word_1_729' title='bbox 1262 2204 1328 2229; x_wconf 89' lang='lat' dir='ltr'>met</span> <span class='ocrx_word' id='word_1_730' title='bbox 1342 2205 1454 2228; x_wconf 89' lang='lat' dir='ltr'>vocem</span> <span class='ocrx_word' id='word_1_731' title='bbox 1471 2193 1695 2236; x_wconf 85' lang='lat' dir='ltr'>proferendam</span> <span class='ocrx_word' id='word_1_732' title='bbox 1707 2216 1714 2225; x_wconf 92' lang='lat'><em>.</em></span> <span class='ocrx_word' id='word_1_733' title='bbox 1727 2196 1818 2225; x_wconf 84' lang='lat' dir='ltr'>Ratio</span> <span class='ocrx_word' id='word_1_734' title='bbox 1825 2199 1919 2234; x_wconf 72' lang='lat' dir='ltr'>prima·</span> <span class='ocrx_word' id='word_1_735' title='bbox 1935 2196 1969 2227; x_wconf 61' lang='grc' dir='ltr'>(ς</span> <span class='ocrx_word' id='word_1_736' title='bbox 1979 2200 2063 2228; x_wconf 80' lang='lat' dir='ltr'>term</span> <span class='ocrx_word' id='word_1_737' title='bbox 2074 2193 2133 2233; x_wconf 78' lang='lat' dir='ltr'>est:</span> 
     </span>
     <span class='ocr_line' id='line_1_105' title="bbox 1261 2241 2136 2287; baseline 0 -10"><span class='ocrx_word' id='word_1_738' title='bbox 1261 2245 1336 2287; x_wconf 83' lang='lat' dir='ltr'>quia</span> <span class='ocrx_word' id='word_1_739' title='bbox 1356 2241 1422 2278; x_wconf 86' lang='lat' dir='ltr'>haec</span> <span class='ocrx_word' id='word_1_740' title='bbox 1446 2243 1618 2286; x_wconf 86' lang='lat' dir='ltr'>cognitio,</span> <span class='ocrx_word' id='word_1_741' title='bbox 1645 2253 1716 2284; x_wconf 82' lang='lat' dir='ltr'>quae</span> <span class='ocrx_word' id='word_1_742' title='bbox 1736 2242 1781 2275; x_wconf 89' lang='lat' dir='ltr'>est</span> <span class='ocrx_word' id='word_1_743' title='bbox 1800 2243 1842 2276; x_wconf 90' lang='lat' dir='ltr'>de</span> <span class='ocrx_word' id='word_1_744' title='bbox 1862 2244 1997 2278; x_wconf 77' lang='lat' dir='ltr'>effentia</span> <span class='ocrx_word' id='word_1_745' title='bbox 2020 2243 2136 2285; x_wconf 79' lang='lat' dir='ltr'>vocis,</span> 
     </span>
     <span class='ocr_line' id='line_1_106' title="bbox 1262 2291 2171 2335; baseline 0.001 -9"><span class='ocrx_word' id='word_1_746' title='bbox 1262 2295 1360 2327; x_wconf 82' lang='lat' dir='ltr'>etiam</span> <span class='ocrx_word' id='word_1_747' title='bbox 1374 2295 1527 2335; x_wconf 84' lang='lat' dir='ltr'>reperitur</span> <span class='ocrx_word' id='word_1_748' title='bbox 1539 2293 1574 2326; x_wconf 89' lang='lat' dir='ltr'>in</span> <span class='ocrx_word' id='word_1_749' title='bbox 1586 2292 1688 2328; x_wconf 85' lang='lat' dir='ltr'>brutis</span> <span class='ocrx_word' id='word_1_750' title='bbox 1700 2304 1707 2324; x_wconf 76' lang='grc' dir='ltr'><strong><em>ε</em></strong></span> <span class='ocrx_word' id='word_1_751' title='bbox 1719 2291 1813 2330; x_wconf 86' lang='lat' dir='ltr'>bruta</span> <span class='ocrx_word' id='word_1_752' title='bbox 1825 2292 1914 2325; x_wconf 86' lang='lat' dir='ltr'>enim</span> <span class='ocrx_word' id='word_1_753' title='bbox 1925 2293 2024 2326; x_wconf 87' lang='lat' dir='ltr'>etiam</span> <span class='ocrx_word' id='word_1_754' title='bbox 2038 2303 2134 2327; x_wconf 77' lang='lat' dir='ltr'>voces</span> <span class='ocrx_word' id='word_1_755' title='bbox 2168 2315 2171 2319; x_wconf 86' lang='lat'><strong>·</strong></span> 
     </span>
     <span class='ocr_line' id='line_1_107' title="bbox 1262 2339 2135 2384; baseline 0 -8"><span class='ocrx_word' id='word_1_756' title='bbox 1262 2344 1401 2377; x_wconf 83' lang='lat' dir='ltr'>formant</span> <span class='ocrx_word' id='word_1_757' title='bbox 1411 2366 1422 2382; x_wconf 87' lang='lat'><em>‚</em></span> <span class='ocrx_word' id='word_1_758' title='bbox 1451 2343 1483 2376; x_wconf 69' lang='grc' dir='ltr'>ὅ(</span> <span class='ocrx_word' id='word_1_759' title='bbox 1494 2341 1596 2375; x_wconf 88' lang='lat' dir='ltr'>edunt</span> <span class='ocrx_word' id='word_1_760' title='bbox 1609 2355 1622 2375; x_wconf 78' lang='lat'>.-</span> <span class='ocrx_word' id='word_1_761' title='bbox 1647 2341 1738 2384; x_wconf 79' lang='lat' dir='ltr'>arqui</span> <span class='ocrx_word' id='word_1_762' title='bbox 1751 2340 1844 2374; x_wconf 81' lang='lat' dir='ltr'>bruta</span> <span class='ocrx_word' id='word_1_763' title='bbox 1857 2351 1923 2374; x_wconf 88' lang='lat' dir='ltr'>non</span> <span class='ocrx_word' id='word_1_764' title='bbox 1938 2341 2070 2384; x_wconf 78' lang='lat' dir='ltr'>possunt</span> <span class='ocrx_word' id='word_1_765' title='bbox 2079 2339 2135 2376; x_wconf 81' lang='lat' dir='ltr'>ha·</span> 
     </span>
     <span class='ocr_line' id='line_1_108' title="bbox 1263 2390 2132 2436; baseline -0.001 -9"><span class='ocrx_word' id='word_1_766' title='bbox 1263 2393 1334 2427; x_wconf 89' lang='lat' dir='ltr'>bere</span> <span class='ocrx_word' id='word_1_767' title='bbox 1353 2391 1562 2436; x_wconf 81' lang='lat' dir='ltr'>cognitiones</span> <span class='ocrx_word' id='word_1_768' title='bbox 1583 2390 1799 2425; x_wconf 69' lang='lat' dir='ltr'>intelleetivas</span> <span class='ocrx_word' id='word_1_769' title='bbox 1815 2403 1826 2422; x_wconf 92' lang='lat'><em>:</em></span> <span class='ocrx_word' id='word_1_770' title='bbox 1852 2390 1934 2424; x_wconf 83' lang='lat' dir='ltr'>Item</span> <span class='ocrx_word' id='word_1_771' title='bbox 1958 2391 2053 2426; x_wconf 87' lang='lat' dir='ltr'>bruta</span> <span class='ocrx_word' id='word_1_772' title='bbox 2062 2402 2132 2430; x_wconf 76' lang='lat' dir='ltr'>non</span> 
     </span>
     <span class='ocr_line' id='line_1_109' title="bbox 1263 2440 2133 2486; baseline 0 -10"><span class='ocrx_word' id='word_1_773' title='bbox 1263 2444 1392 2486; x_wconf 79' lang='lat' dir='ltr'>poffunt</span> <span class='ocrx_word' id='word_1_774' title='bbox 1414 2442 1609 2486; x_wconf 85' lang='lat' dir='ltr'>cognitione</span> <span class='ocrx_word' id='word_1_775' title='bbox 1633 2442 1687 2474; x_wconf 84' lang='lat' dir='ltr'>sua</span> <span class='ocrx_word' id='word_1_776' title='bbox 1697 2440 1858 2484; x_wconf 86' lang='lat' dir='ltr'>attingere</span> <span class='ocrx_word' id='word_1_777' title='bbox 1872 2441 1963 2478; x_wconf 76' lang='lat' dir='ltr'>vocis</span> <span class='ocrx_word' id='word_1_778' title='bbox 1976 2442 2133 2486; x_wconf 80' lang='lat' dir='ltr'>fignifica-</span> 
     </span>
     <span class='ocr_line' id='line_1_110' title="bbox 1263 2490 2133 2535; baseline 0 -9"><span class='ocrx_word' id='word_1_779' title='bbox 1263 2502 1330 2527; x_wconf 86' lang='lat' dir='ltr'>tum</span> <span class='ocrx_word' id='word_1_780' title='bbox 1343 2505 1354 2525; x_wconf 89' lang='lat'><em>:</em></span> <span class='ocrx_word' id='word_1_781' title='bbox 1382 2491 1446 2525; x_wconf 89' lang='lat' dir='ltr'>hoc</span> <span class='ocrx_word' id='word_1_782' title='bbox 1462 2492 1581 2533; x_wconf 87' lang='lat' dir='ltr'>quippe</span> <span class='ocrx_word' id='word_1_783' title='bbox 1608 2491 1686 2533; x_wconf 82' lang='lat' dir='ltr'>faepe</span> <span class='ocrx_word' id='word_1_784' title='bbox 1710 2490 1872 2532; x_wconf 85' lang='lat' dir='ltr'>spirituale</span> <span class='ocrx_word' id='word_1_785' title='bbox 1888 2490 1949 2524; x_wconf 85' lang='lat' dir='ltr'>est.</span> <span class='ocrx_word' id='word_1_786' title='bbox 1978 2491 2069 2535; x_wconf 85' lang='lat' dir='ltr'>Ergo</span> <span class='ocrx_word' id='word_1_787' title='bbox 2080 2501 2133 2526; x_wconf 86' lang='lat' dir='ltr'>co·</span> 
     </span>
     <span class='ocr_line' id='line_1_111' title="bbox 1260 2539 2128 2587; baseline -0.001 -12"><span class='ocrx_word' id='word_1_788' title='bbox 1260 2544 1368 2587; x_wconf 89' lang='lat' dir='ltr'>gnitio</span> <span class='ocrx_word' id='word_1_789' title='bbox 1381 2541 1446 2575; x_wconf 80' lang='lat' dir='ltr'>haec</span> <span class='ocrx_word' id='word_1_790' title='bbox 1459 2552 1525 2574; x_wconf 91' lang='lat' dir='ltr'>non</span> <span class='ocrx_word' id='word_1_791' title='bbox 1537 2539 1632 2574; x_wconf 84' lang='lat' dir='ltr'>debet</span> <span class='ocrx_word' id='word_1_792' title='bbox 1644 2541 1705 2573; x_wconf 75' lang='lat' dir='ltr'>ene</span> <span class='ocrx_word' id='word_1_793' title='bbox 1715 2539 1910 2573; x_wconf 67' lang='lat' dir='ltr'>intellectiva</span> <span class='ocrx_word' id='word_1_794' title='bbox 1923 2551 1934 2582; x_wconf 88' lang='lat'>;</span> <span class='ocrx_word' id='word_1_795' title='bbox 1950 2551 2055 2584; x_wconf 83' lang='lat' dir='ltr'>neque</span> <span class='ocrx_word' id='word_1_796' title='bbox 2067 2550 2128 2581; x_wconf 81' lang='lat' dir='ltr'>pro</span> 
     </span>
     <span class='ocr_line' id='line_1_112' title="bbox 1259 2587 2130 2635; baseline -0.005 -9"><span class='ocrx_word' id='word_1_797' title='bbox 1259 2592 1385 2635; x_wconf 62' lang='lat' dir='ltr'>objecto</span> <span class='ocrx_word' id='word_1_798' title='bbox 1403 2591 1461 2624; x_wconf 88' lang='lat' dir='ltr'>suo</span> <span class='ocrx_word' id='word_1_799' title='bbox 1474 2588 1590 2624; x_wconf 85' lang='lat' dir='ltr'>habere</span> <span class='ocrx_word' id='word_1_800' title='bbox 1600 2587 1697 2623; x_wconf 89' lang='lat' dir='ltr'>debet</span> <span class='ocrx_word' id='word_1_801' title='bbox 1710 2587 1797 2622; x_wconf 78' lang='lat' dir='ltr'>vocis</span> <span class='ocrx_word' id='word_1_802' title='bbox 1808 2589 2025 2632; x_wconf 71' lang='lat' dir='ltr'>significatum</span> <span class='ocrx_word' id='word_1_803' title='bbox 2040 2599 2050 2629; x_wconf 62' lang='grc' dir='ltr'><strong>ς</strong></span> <span class='ocrx_word' id='word_1_804' title='bbox 2073 2589 2130 2627; x_wconf 78' lang='lat' dir='ltr'>sed</span> 
     </span>
     <span class='ocr_line' id='line_1_113' title="bbox 1253 2636 2128 2684; baseline -0.002 -10"><span class='ocrx_word' id='word_1_805' title='bbox 1253 2643 1321 2676; x_wconf 80' lang='lat' dir='ltr'>:effe</span> <span class='ocrx_word' id='word_1_806' title='bbox 1348 2640 1449 2684; x_wconf 87' lang='lat' dir='ltr'>potest</span> <span class='ocrx_word' id='word_1_807' title='bbox 1474 2639 1628 2684; x_wconf 89' lang='lat' dir='ltr'>cognitio</span> <span class='ocrx_word' id='word_1_808' title='bbox 1641 2638 1786 2672; x_wconf 73' lang='lat' dir='ltr'>sensitiva</span> <span class='ocrx_word' id='word_1_809' title='bbox 1798 2637 1922 2680; x_wconf 81' lang='lat' dir='ltr'>habens</span> <span class='ocrx_word' id='word_1_810' title='bbox 1930 2650 1984 2682; x_wconf 83' lang='lat' dir='ltr'>pro</span> <span class='ocrx_word' id='word_1_811' title='bbox 1997 2636 2128 2681; x_wconf 78' lang='lat' dir='ltr'>objecto</span> 
     </span>
     <span class='ocr_line' id='line_1_114' title="bbox 1258 2682 2128 2734; baseline -0.003 -9"><span class='ocrx_word' id='word_1_812' title='bbox 1258 2693 1315 2725; x_wconf 91' lang='lat' dir='ltr'>suo</span> <span class='ocrx_word' id='word_1_813' title='bbox 1327 2691 1428 2734; x_wconf 89' lang='lat' dir='ltr'>ipsam</span> <span class='ocrx_word' id='word_1_814' title='bbox 1446 2701 1560 2724; x_wconf 88' lang='lat' dir='ltr'>vocem</span> <span class='ocrx_word' id='word_1_815' title='bbox 1574 2687 1798 2732; x_wconf 80' lang='lat' dir='ltr'>proferendam</span> <span class='ocrx_word' id='word_1_816' title='bbox 1810 2711 1819 2720; x_wconf 94' lang='lat'>.</span> <span class='ocrx_word' id='word_1_817' title='bbox 1845 2682 2105 2728; x_wconf 72' lang='lat' dir='ltr'>Rarissecundiest</span> <span class='ocrx_word' id='word_1_818' title='bbox 2117 2701 2128 2722; x_wconf 71' lang='lat' dir='ltr'>t</span> 
     </span>
     <span class='ocr_line' id='line_1_115' title="bbox 1255 2734 2127 2785; baseline -0.005 -10"><span class='ocrx_word' id='word_1_819' title='bbox 1255 2742 1331 2785; x_wconf 80' lang='lat' dir='ltr'>quia</span> <span class='ocrx_word' id='word_1_820' title='bbox 1354 2740 1509 2784; x_wconf 87' lang='lat' dir='ltr'>cognitio</span> <span class='ocrx_word' id='word_1_821' title='bbox 1538 2740 1604 2772; x_wconf 72' lang='lat' dir='ltr'>haec</span> <span class='ocrx_word' id='word_1_822' title='bbox 1629 2737 1727 2772; x_wconf 87' lang='lat' dir='ltr'>debet</span> <span class='ocrx_word' id='word_1_823' title='bbox 1751 2739 1814 2772; x_wconf 74' lang='lat' dir='ltr'>effe</span> <span class='ocrx_word' id='word_1_824' title='bbox 1825 2734 1972 2780; x_wconf 81' lang='lat' dir='ltr'>cognitio</span> <span class='ocrx_word' id='word_1_825' title='bbox 1982 2735 2127 2781; x_wconf 83' lang='lat' dir='ltr'>dirigens</span> 
     </span>
     <span class='ocr_line' id='line_1_116' title="bbox 1255 2784 2128 2836; baseline -0.005 -12"><span class='ocrx_word' id='word_1_826' title='bbox 1255 2790 1436 2836; x_wconf 86' lang='lat' dir='ltr'>potentiam</span> <span class='ocrx_word' id='word_1_827' title='bbox 1465 2789 1736 2824; x_wconf 65' lang='lat' dir='ltr'>loco-motivam</span> <span class='ocrx_word' id='word_1_828' title='bbox 1761 2784 1851 2826; x_wconf 71' lang='lat' dir='ltr'>atqui</span> <span class='ocrx_word' id='word_1_829' title='bbox 1877 2786 2023 2827; x_wconf 87' lang='lat' dir='ltr'>potentia</span> <span class='ocrx_word' id='word_1_830' title='bbox 2034 2785 2128 2823; x_wconf 85' lang='lat' dir='ltr'>loco-</span> 
     </span>
     <span class='ocr_line' id='line_1_117' title="bbox 1255 2833 2125 2884; baseline -0.005 -11"><span class='ocrx_word' id='word_1_831' title='bbox 1255 2842 1377 2883; x_wconf 80' lang='lat' dir='ltr'>motiva</span> <span class='ocrx_word' id='word_1_832' title='bbox 1391 2839 1488 2884; x_wconf 89' lang='lat' dir='ltr'>dirigi</span> <span class='ocrx_word' id='word_1_833' title='bbox 1501 2849 1567 2872; x_wconf 88' lang='lat' dir='ltr'>non</span> <span class='ocrx_word' id='word_1_834' title='bbox 1580 2837 1680 2878; x_wconf 68' lang='lat' dir='ltr'>potest</span> <span class='ocrx_word' id='word_1_835' title='bbox 1691 2843 1747 2875; x_wconf 86' lang='lat' dir='ltr'>per</span> <span class='ocrx_word' id='word_1_836' title='bbox 1762 2833 1869 2866; x_wconf 86' lang='lat' dir='ltr'>sensus</span> <span class='ocrx_word' id='word_1_837' title='bbox 1880 2845 2056 2878; x_wconf 82' lang='lat' dir='ltr'>externos;</span> <span class='ocrx_word' id='word_1_838' title='bbox 2070 2836 2125 2872; x_wconf 84' lang='lat' dir='ltr'>sed</span> 
     </span>
     <span class='ocr_line' id='line_1_118' title="bbox 1254 2882 2127 2929; baseline 0 -9"><span class='ocrx_word' id='word_1_839' title='bbox 1254 2890 1463 2925; x_wconf 80' lang='lat' dir='ltr'>solummodo</span> <span class='ocrx_word' id='word_1_840' title='bbox 1487 2897 1542 2929; x_wconf 88' lang='lat' dir='ltr'>per</span> <span class='ocrx_word' id='word_1_841' title='bbox 1567 2883 1691 2917; x_wconf 86' lang='lat' dir='ltr'>sensum</span> <span class='ocrx_word' id='word_1_842' title='bbox 1716 2882 1879 2916; x_wconf 87' lang='lat' dir='ltr'>internum</span> <span class='ocrx_word' id='word_1_843' title='bbox 1892 2909 1903 2923; x_wconf 93' lang='lat'>,</span> <span class='ocrx_word' id='word_1_844' title='bbox 1929 2896 1968 2919; x_wconf 82' lang='lat' dir='ltr'>ac</span> <span class='ocrx_word' id='word_1_845' title='bbox 1979 2896 2127 2922; x_wconf 88' lang='lat' dir='ltr'>commu-</span> 
     </span>
     <span class='ocr_line' id='line_1_119' title="bbox 1255 2933 2125 2981; baseline -0.008 -11"><span class='ocrx_word' id='word_1_846' title='bbox 1255 2952 1350 2975; x_wconf 82' lang='lat' dir='ltr'>nem:</span> <span class='ocrx_word' id='word_1_847' title='bbox 1375 2945 1419 2973; x_wconf 71' lang='lat' dir='ltr'>uti</span> <span class='ocrx_word' id='word_1_848' title='bbox 1442 2943 1474 2969; x_wconf 74' lang='lat' dir='ltr'>in</span> <span class='ocrx_word' id='word_1_849' title='bbox 1497 2934 1582 2969; x_wconf 79' lang='lat' dir='ltr'>libris</span> <span class='ocrx_word' id='word_1_850' title='bbox 1609 2934 1646 2965; x_wconf 85' lang='lat' dir='ltr'>de</span> <span class='ocrx_word' id='word_1_851' title='bbox 1657 2935 1763 2964; x_wconf 74' lang='lat' dir='ltr'>animu</span> <span class='ocrx_word' id='word_1_852' title='bbox 1773 2933 1932 2966; x_wconf 76' lang='lat' dir='ltr'>dicendum</span> <span class='ocrx_word' id='word_1_853' title='bbox 1943 2934 1984 2975; x_wconf 81' lang='lat' dir='ltr'>est</span> <span class='ocrx_word' id='word_1_854' title='bbox 1997 2959 2005 2966; x_wconf 90' lang='lat'><strong><em>.</em></strong></span> <span class='ocrx_word' id='word_1_855' title='bbox 2033 2935 2125 2981; x_wconf 74' lang='lat' dir='ltr'>Ergo</span> 
     </span>
     <span class='ocr_line' id='line_1_120' title="bbox 1253 2980 2123 3033; baseline -0.003 -9"><span class='ocrx_word' id='word_1_856' title='bbox 1253 2990 1319 3024; x_wconf 80' lang='lat' dir='ltr'>haec</span> <span class='ocrx_word' id='word_1_857' title='bbox 1340 2987 1490 3033; x_wconf 87' lang='lat' dir='ltr'>cognitio</span> <span class='ocrx_word' id='word_1_858' title='bbox 1504 2995 1571 3018; x_wconf 91' lang='lat' dir='ltr'>non</span> <span class='ocrx_word' id='word_1_859' title='bbox 1594 2980 1698 3026; x_wconf 85' lang='lat' dir='ltr'>potest</span> <span class='ocrx_word' id='word_1_860' title='bbox 1712 2981 1773 3014; x_wconf 79' lang='lat' dir='ltr'>effe</span> <span class='ocrx_word' id='word_1_861' title='bbox 1786 2981 1937 3023; x_wconf 79' lang='lat' dir='ltr'>cognitio</span> <span class='ocrx_word' id='word_1_862' title='bbox 1957 2984 2123 3020; x_wconf 70' lang='lat' dir='ltr'>sensusex-</span> 
     </span>
     <span class='ocr_line' id='line_1_121' title="bbox 1252 3031 2123 3081; baseline -0.009 -6"><span class='ocrx_word' id='word_1_863' title='bbox 1252 3041 1334 3075; x_wconf 88' lang='lat' dir='ltr'>terni</span> <span class='ocrx_word' id='word_1_864' title='bbox 1345 3065 1354 3073; x_wconf 89' lang='lat'>.</span> <span class='ocrx_word' id='word_1_865' title='bbox 1384 3036 1502 3081; x_wconf 78' lang='lat' dir='ltr'>,Quibus</span> <span class='ocrx_word' id='word_1_866' title='bbox 1514 3034 1635 3068; x_wconf 82' lang='lat' dir='ltr'>tandem</span> <span class='ocrx_word' id='word_1_867' title='bbox 1644 3031 1723 3063; x_wconf 85' lang='lat' dir='ltr'>adde</span> <span class='ocrx_word' id='word_1_868' title='bbox 1739 3039 1893 3072; x_wconf 78' lang='lat' dir='ltr'>quartum:</span> <span class='ocrx_word' id='word_1_869' title='bbox 1921 3032 2047 3068; x_wconf 85' lang='lat' dir='ltr'>scilicet</span> <span class='ocrx_word' id='word_1_870' title='bbox 2065 3046 2123 3071; x_wconf 85' lang='lat' dir='ltr'>vo-</span> 
     </span>
     <span class='ocr_line' id='line_1_122' title="bbox 1253 3079 2122 3132; baseline -0.02 -7"><span class='ocrx_word' id='word_1_871' title='bbox 1253 3102 1323 3125; x_wconf 88' lang='lat' dir='ltr'>cem</span> <span class='ocrx_word' id='word_1_872' title='bbox 1336 3089 1398 3123; x_wconf 81' lang='lat' dir='ltr'>effe</span> <span class='ocrx_word' id='word_1_873' title='bbox 1407 3094 1619 3132; x_wconf 81' lang='lat' dir='ltr'>aggregatum</span> <span class='ocrx_word' id='word_1_874' title='bbox 1642 3091 1696 3124; x_wconf 88' lang='lat' dir='ltr'>per</span> <span class='ocrx_word' id='word_1_875' title='bbox 1714 3079 1865 3113; x_wconf 87' lang='lat' dir='ltr'>accidens</span> <span class='ocrx_word' id='word_1_876' title='bbox 1876 3090 1887 3110; x_wconf 88' lang='lat'>.·</span> <span class='ocrx_word' id='word_1_877' title='bbox 1909 3081 1954 3114; x_wconf 85' lang='lat' dir='ltr'>est</span> <span class='ocrx_word' id='word_1_878' title='bbox 1966 3082 2055 3117; x_wconf 74' lang='lat' dir='ltr'>enim</span> <span class='ocrx_word' id='word_1_879' title='bbox 2066 3096 2122 3130; x_wconf 74' lang='lat'>²8·</span> 
     </span>
     <span class='ocr_line' id='line_1_123' title="bbox 1253 3129 2121 3185; baseline -0.007 -13"><span class='ocrx_word' id='word_1_880' title='bbox 1253 3149 1424 3185; x_wconf 84' lang='lat' dir='ltr'>gregatum</span> <span class='ocrx_word' id='word_1_881' title='bbox 1443 3148 1483 3169; x_wconf 82' lang='lat' dir='ltr'>ex</span> <span class='ocrx_word' id='word_1_882' title='bbox 1495 3137 1576 3169; x_wconf 89' lang='lat' dir='ltr'>sono</span> <span class='ocrx_word' id='word_1_883' title='bbox 1586 3131 1713 3176; x_wconf 74' lang='lat' dir='ltr'>prolato</span> <span class='ocrx_word' id='word_1_884' title='bbox 1722 3153 1733 3170; x_wconf 89' lang='lat'>,</span> <span class='ocrx_word' id='word_1_885' title='bbox 1761 3129 1794 3163; x_wconf 85' lang='lat'>&amp;</span> <span class='ocrx_word' id='word_1_886' title='bbox 1807 3139 1847 3162; x_wconf 87' lang='lat' dir='ltr'>ex</span> <span class='ocrx_word' id='word_1_887' title='bbox 1859 3132 2048 3172; x_wconf 80' lang='lat' dir='ltr'>cognitione</span> <span class='ocrx_word' id='word_1_888' title='bbox 2061 3137 2121 3172; x_wconf 52' lang='grc' dir='ltr'>[υς</span> 
     </span>
     <span class='ocr_line' id='line_1_124' title="bbox 1255 3183 1626 3234; baseline -0.019 -12"><span class='ocrx_word' id='word_1_889' title='bbox 1255 3189 1446 3234; x_wconf 81' lang='lat' dir='ltr'>prolationis</span> <span class='ocrx_word' id='word_1_890' title='bbox 1455 3183 1606 3220; x_wconf 71' lang='lat' dir='ltr'>direetiva</span> <span class='ocrx_word' id='word_1_891' title='bbox 1617 3206 1626 3214; x_wconf 90' lang='lat'>.</span> 
     </span>
    </p>

    <p class='ocr_par' dir='ltr' id='par_1_17' title="bbox 1255 3226 2119 3428">
     <span class='ocr_line' id='line_1_125' title="bbox 1304 3226 2118 3286; baseline -0.01 -17"><span class='ocrx_word' id='word_1_892' title='bbox 1304 3249 1337 3285; x_wconf 87' lang='lat'>4.</span> <span class='ocrx_word' id='word_1_893' title='bbox 1366 3238 1492 3279; x_wconf 74' lang='lat' dir='ltr'>objicies</span> <span class='ocrx_word' id='word_1_894' title='bbox 1500 3235 1617 3277; x_wconf 70' lang='lat' dir='ltr'>primo:</span> <span class='ocrx_word' id='word_1_895' title='bbox 1645 3228 1798 3263; x_wconf 85' lang='lat' dir='ltr'>homines</span> <span class='ocrx_word' id='word_1_896' title='bbox 1823 3226 1841 3261; x_wconf 71' lang='grc' dir='ltr'>ὲ</span> <span class='ocrx_word' id='word_1_897' title='bbox 1852 3227 1993 3286; x_wconf 47' lang='lat' dir='ltr'>doemon}</span> <span class='ocrx_word' id='word_1_898' title='bbox 2003 3231 2118 3281; x_wconf 31' lang='lat' dir='ltr'>ob-feffi</span> 
     </span>
     <span class='ocr_line' id='line_1_126' title="bbox 1255 3278 2119 3324; baseline -0.016 -1"><span class='ocrx_word' id='word_1_899' title='bbox 1255 3288 1356 3324; x_wconf 90' lang='lat' dir='ltr'>edunt</span> <span class='ocrx_word' id='word_1_900' title='bbox 1372 3287 1515 3322; x_wconf 85' lang='lat' dir='ltr'>diversos</span> <span class='ocrx_word' id='word_1_901' title='bbox 1529 3285 1624 3317; x_wconf 84' lang='lat' dir='ltr'>sonos</span> <span class='ocrx_word' id='word_1_902' title='bbox 1636 3282 1703 3313; x_wconf 87' lang='lat' dir='ltr'>fine</span> <span class='ocrx_word' id='word_1_903' title='bbox 1714 3289 1826 3313; x_wconf 84' lang='lat' dir='ltr'>eorum</span> <span class='ocrx_word' id='word_1_904' title='bbox 1843 3278 2071 3322; x_wconf 56' lang='lat' dir='ltr'>imaginaspue</span> <span class='ocrx_word' id='word_1_905' title='bbox 2081 3287 2119 3320; x_wconf 62' lang='lat' dir='ltr'>‘gc</span> 
     </span>
     <span class='ocr_line' id='line_1_127' title="bbox 1257 3328 2118 3384; baseline -0.016 -13"><span class='ocrx_word' id='word_1_906' title='bbox 1257 3338 1450 3384; x_wconf 85' lang='lat' dir='ltr'>cognitione</span> <span class='ocrx_word' id='word_1_907' title='bbox 1462 3348 1476 3377; x_wconf 85' lang='lat'>,·</span> <span class='ocrx_word' id='word_1_908' title='bbox 1488 3333 1587 3368; x_wconf 89' lang='lat' dir='ltr'>edunt</span> <span class='ocrx_word' id='word_1_909' title='bbox 1598 3332 1717 3373; x_wconf 83' lang='lat' dir='ltr'>quippe</span> <span class='ocrx_word' id='word_1_910' title='bbox 1727 3331 1824 3363; x_wconf 88' lang='lat' dir='ltr'>sonos</span> <span class='ocrx_word' id='word_1_911' title='bbox 1834 3328 1955 3363; x_wconf 84' lang='lat' dir='ltr'>latinos</span> <span class='ocrx_word' id='word_1_912' title='bbox 1965 3352 1976 3367; x_wconf 95' lang='lat'>‚</span> <span class='ocrx_word' id='word_1_913' title='bbox 1987 3338 2118 3377; x_wconf 43' lang='grc' dir='ltr'>ἕτερος,</span> 
     </span>
     <span class='ocr_line' id='line_1_128' title="bbox 1259 3384 2118 3428; baseline -0.016 -5"><span class='ocrx_word' id='word_1_914' title='bbox 1259 3389 1400 3423; x_wconf 80' lang='lat' dir='ltr'>hebraeos</span> <span class='ocrx_word' id='word_1_915' title='bbox 1413 3411 1423 3428; x_wconf 95' lang='lat'>,</span> <span class='ocrx_word' id='word_1_916' title='bbox 1450 3384 1602 3421; x_wconf 83' lang='lat' dir='ltr'>barbaros</span> <span class='ocrx_word' id='word_1_917' title='bbox 1611 3403 1622 3420; x_wconf 94' lang='lat'>,</span> <span class='ocrx_word' id='word_1_918' title='bbox 1647 3388 1731 3422; x_wconf 85' lang='lat' dir='ltr'>quos</span> <span class='ocrx_word' id='word_1_919' title='bbox 1752 3387 1920 3422; x_wconf 83' lang='lat' dir='ltr'>nunquam</span> <span class='ocrx_word' id='word_1_920' title='bbox 1942 3388 2093 3419; x_wconf 56' lang='lat' dir='ltr'>noverint</span> <span class='ocrx_word' id='word_1_921' title='bbox 2103 3408 2118 3426; x_wconf 65' lang='lat'>‚</span> 
     </span>
    </p>

    <p class='ocr_par' dir='ltr' id='par_1_18' title="bbox 1240 3426 2116 3521">
     <span class='ocr_line' id='line_1_129' title="bbox 1240 3426 2116 3486; baseline -0.015 -11"><span class='ocrx_word' id='word_1_922' title='bbox 1240 3448 1247 3483; x_wconf 69' lang='grc' dir='ltr'><strong>ς</strong></span> <span class='ocrx_word' id='word_1_923' title='bbox 1261 3450 1366 3486; x_wconf 86' lang='lat' dir='ltr'>neque</span> <span class='ocrx_word' id='word_1_924' title='bbox 1386 3437 1559 3475; x_wconf 84' lang='lat' dir='ltr'>audierunt</span> <span class='ocrx_word' id='word_1_925' title='bbox 1580 3444 1588 3468; x_wconf 82' lang='grc'><strong>;</strong></span> <span class='ocrx_word' id='word_1_926' title='bbox 1613 3430 1715 3469; x_wconf 72' lang='lat' dir='ltr'>edunt</span> <span class='ocrx_word' id='word_1_927' title='bbox 1734 3451 1747 3471; x_wconf 87' lang='lat'>‚</span> <span class='ocrx_word' id='word_1_928' title='bbox 1771 3428 1908 3472; x_wconf 76' lang='lat' dir='ltr'>inquam</span> <span class='ocrx_word' id='word_1_929' title='bbox 1920 3450 1933 3469; x_wconf 90' lang='lat'>‚</span> <span class='ocrx_word' id='word_1_930' title='bbox 1959 3426 2036 3463; x_wconf 81' lang='lat' dir='ltr'>illos</span> <span class='ocrx_word' id='word_1_931' title='bbox 2058 3437 2116 3470; x_wconf 67' lang='lat' dir='ltr'>nm</span> 
     </span>
     <span class='ocr_line' id='line_1_130' title="bbox 2027 3485 2083 3521; baseline 0 -12"><span class='ocrx_word' id='word_1_932' title='bbox 2027 3485 2083 3521; x_wconf 72' lang='lat' dir='ltr'>per</span> 
     </span>
    </p>
   </div>
  </div>
 </body>
</html>
