2384 3770
615 194 771 258 quu
808 192 899 237 811
933 190 1111 236 Pam).
1146 188 1297 234 Sues.
1336 188 1497 245 Qum
1532 192 1676 237 Ace.
1965 201 2065 252 267

280 270 505 318 significatum
526 273 664 308 formale
685 272 870 317 praedicati,
891 270 967 304 licet
985 280 1058 304 non
1070 270 1108 303 fit
1118 270 1159 306 de
1219 280 1286 305 non
1310 268 1542 310 accidentales,
1570 270 1831 313 praedicationem
1853 271 2094 308 substantialem

285 323 411 381 subjeffl
434 324 594 365 essentia,
617 324 663 359 est
683 332 793 356 tamen
815 320 856 356 de
877 318 1005 365 subjecti
1018 319 1160 357 substan·
1219 329 1334 364 putant
1343 320 1405 353 esse
1414 329 1548 353 omnem
1570 320 1681 360 illam,
1705 334 1773 364 quae
1782 323 1910 358 constat
1922 324 2092 367 pradicato

285 373 353 409 tiu
379 374 424 406 ita
445 385 482 408 ut
506 375 573 408 sine
595 373 655 406 illo
665 371 838 414 subjeetum
850 369 934 406 foret
948 370 1158 407 substantiali·
1220 368 1439 403 substantiali.
1466 369 1528 404 Sed
1541 370 1643 403 male:
1670 369 1781 416 Qia,
1805 374 1852 407 uti
1862 374 1925 416 jam
1937 374 2029 414 dixi,
2054 373 2093 408 δε

285 431 334 457 ter
356 425 608 467 impet-fedum,
640 420 956 477 substantialiterque
982 420 1156 479 incomple-
1217 417 1437 464 dicitquoque
1450 418 1585 454 Gabriel
1601 419 1667 463 jam
1678 424 1812 461 citatus,
1841 424 2006 465 praedicata
2020 423 2093 458 sub-

1218 468 1377 504 stantialia
1391 481 1456 503 non
1470 470 1681 513 praedicantur
1693 470 1814 512 semper
1830 472 2090 513 substantialiter,

1218 530 1321 563 neque
1334 521 1454 563 semper
1475 519 1599 554 faciunt
1621 518 1880 564 praedicationem
1895 523 2090 558 substantia-

1218 569 1279 603 lem
1292 581 1302 611 ς
1328 570 1382 604 sed
1394 570 1604 613 praedicantur
1616 569 1816 614 quandoque
1831 570 2089 612 substantialiter,

1216 620 1411 663 quandoque
1430 620 1673 655 accidentaliter
1693 644 1704 660 ‚
1732 621 1918 663 faciuntque
1944 622 2091 664 praedica·

1217 671 1343 705 tionem
1367 670 1468 704 modo
1490 669 1732 704 substantialem
1749 695 1761 711 ,
1786 670 1888 704 modo
1912 670 2090 706 accidenta-

1218 720 1279 753 lem
1292 745 1299 753 .
1329 721 1383 754 De
1394 730 1462 761 quo
1481 716 1617 755 inferius
1627 719 1733 754 adhuc
1744 719 1888 763 aliquid.

285 482 374 507 tum:
402 485 437 508 ut
449 473 686 512 consideranti,
712 481 750 505 ac
763 466 906 516 singula
900 470 1104 505 examinanti
1115 472 1158 505 fa·

284 523 348 557 cile
361 524 415 557 fiet
434 525 586 566 planum.

338 584 393 619 ¹9·
420 572 545 607 Eodem
565 569 668 605 modo
688 569 875 606 definienda
902 571 945 605 est
971 569 1157 614 praedicatio

283 622 492 656 accidentalis
514 621 659 665 opposita
679 620 880 655 substantiali
895 632 907 655 ·,
933 621 989 654 Est
1013 621 1155 665 praedica·

281 672 350 710 t‘io,
376 670 408 703 in
431 681 493 715 qua
516 671 719 715 praedicatum
733 670 775 705 de
786 670 922 713 subjecto
932 681 1000 705 non
1013 670 1153 715 praedica

275 730 334 756 >tur
355 720 623 755 substantialiter.
651 721 726 756 Sive
746 722 790 756 est
805 722 881 761 illa,
913 722 945 756 in
957 732 1020 764 qua
1031 721 1154 766 signifi-

281 781 391 806 catum
404 771 540 805 formale
550 770 711 815 praedicati
725 782 830 814 neque
840 771 885 805 est
895 772 934 805 de
945 771 1090 812 essentia,
1104 781 1155 805 ne·

282 830 345 864 que
365 820 406 854 de
428 821 602 856 substantia
622 820 755 864 subjecti
768 845 776 853 .
804 821 913 854 Potest
937 819 1032 863 hujus
1050 820 1155 863 praedi·

282 870 422 906 cationis
442 871 647 915 praedicatum
668 873 731 905 effe
752 869 980 912 substantiale;
1005 869 1057 903 sed
1086 882 1154 904 non

279 919 384 964 potest
396 921 644 955 substantialiter
666 919 824 963 praedicari
836 932 859 962 ς.
875 931 903 953 v.
914 931 943 965 g.
957 930 1074 954 omnes
1087 919 1134 954 hae
1145 944 1156 960 ,

280 973 373 1003 Homo
382 969 419 1010 est
430 970 564 1012 vestitus,
576 970 614 1011 est
626 971 774 1006 calceatus
787 994 798 1011 ‚
809 969 891 1003 bomo
908 969 946 1009 est
957 969 1055 1009 albus,
1065 980 1154 1013 equus

278 1025 397 1062 currit,
422 1021 554 1064 aliaeque
574 1021 690 1055 similes
710 1022 784 1055 sunt
808 1019 1048 1064 praedica‘tiones
1068 1020 1154 1054 acci·

279 1068 450 1104 dentales.
444 1084 453 1092 ·
479 1070 569 1118 Qia
583 1070 692 1105 inillis
705 1071 919 1116 significatum
931 1069 1066 1105 formale
1080 1082 1147 1114 prae-

279 1119 380 1154 dicati
393 1132 497 1162 neque
512 1121 556 1156 est
570 1120 611 1156 de
628 1121 783 1162 effentia,
811 1131 916 1162 neque
925 1120 966 1154 de
973 1119 1154 1155 substantia

279 1170 327 1203 sui
350 1169 496 1214 subjeffl3
525 1182 551 1205 v.
563 1182 594 1216 g.
618 1171 719 1205 vestes
735 1172 769 1205 δι
792 1170 892 1206 calcei
914 1181 1019 1218 neque
1032 1171 1105 1207 sunt
1115 1168 1155 1204 de

278 1220 434 1260 essentia,
461 1232 567 1264 neque
579 1221 753 1255 substantia
770 1220 937 1256 hominis.
965 1220 1050 1255 Illud
1064 1220 1152 1263 quip

278 1278 320 1311 pe
339 1269 383 1301 est
407 1269 447 1302 de
468 1268 613 1303 hominis
635 1270 832 1311 substantia,
859 1271 948 1312 quod
966 1280 1102 1314 pertmet
1115 1267 1155 1303 ad

278 1318 424 1352 hominis
435 1318 672 1354 substantialem
685 1321 914 1365 Ρειῑεέὶίοιιειιι
928 1345 939 1361 ,
964 1331 1002 1355 ac
1012 1319 1152 1355 substan-

278 1367 357 1402 tiale
376 1369 654 1413 complementum
666 1395 676 1411 ,
701 1371 767 1405 fine
794 1382 860 1415 quo
873 1369 975 1405 homo
988 1371 1071 1404 foret
1085 1369 1154 1405 sub·

278 1416 471 1453 stantialiter
491 1419 694 1463 imperfectus
715 1433 752 1455 ac
775 1420 994 1464 incompletus
1018 1432 1031 1453 .·
1064 1419 1155 1461 atqui

266 1467 407 1509 calcei,v
428 1469 561 1513 aliaeque
584 1470 685 1504 venes
708 1481 776 1504 non
802 1471 946 1512 speciant
957 1469 998 1503 ab
1010 1468 1154 1503 hominis

276 1515 484 1551 substantiale
494 1519 772 1562 complementum
784 1531 795 1550 .-
822 1519 969 1562 alioquin
983 1516 1086 1553 homo
1099 1530 1155 1553 nu·

276 1567 337 1600 dus
357 1590 369 1607 ,
394 1579 450 1602 aut
471 1568 682 1603 discalceatus
706 1567 790 1603 foret
816 1568 1066 1604 substantialiter
1090 1570 1155 1603 im-

1266 781 1324 807 21-
1351 772 1422 804 Dico
1442 768 1566 814 secunde)
1587 784 1599 804 .·
1637 770 1759 805 Eadem
1780 770 1962 813 praedicatio
1985 769 2089 814 potest

1216 820 1278 853 effe
1303 820 1395 854 fimul
1417 820 1656 861 substantialis,
1683 820 1957 855 &accidentalis.
1982 819 2091 854 Immo

1216 869 1277 903 effe
1289 869 1392 913 potest
1405 870 1500 904 simul
1517 870 1690 904 essentialis
1701 894 1712 910 ‚
1733 869 1948 905 substantialis
1959 894 1971 911 ,
1996 871 2029 904 ὅ(
2041 881 2092 904 ac·

1216 919 1405 962 cideutalis3
1427 931 1487 964 v.g.
1502 919 1570 955 haec
1584 920 1765 964 praedicatio
1777 944 1789 960 ‚
1816 926 1908 956 Homo
1918 920 1956 961 est
1964 928 2092 962 corpus,

1215 968 1260 1003 est
1284 969 1377 1004 simul
1402 969 1618 1005 substantialis
1642 969 1872 1005 &effentialis.
1901 971 1982 1004 Haec
1993 969 2092 1010 verti,

1215 1018 1352 1060 Homoest
1362 1031 1435 1060 ens,
1462 1020 1506 1054 est
1528 1020 1620 1054 simul
1641 1021 1838 1062 essentialis,
1863 1019 2092 1061 accidentalis,

1215 1069 1247 1103 ἀ
1270 1069 1508 1103 substantialis.
1536 1070 1704 1104 Probatur:
1731 1070 1820 1118 Qia
1845 1071 2027 1113 praedicatio
2047 1069 2093 1104 es-

1217 1119 1358 1153 sentialis
1366 1118 1411 1152 est
1424 1120 1499 1160 illa,
1527 1120 1560 1153 in
1573 1132 1636 1161 qua
1647 1120 1859 1165 significatum
1870 1120 2006 1154 formale
2020 1130 2092 1163 prae·

1215 1169 1315 1203 dicati
1339 1169 1476 1211 pertinet
1494 1169 1535 1203 ad
1558 1170 1725 1204 essentiam
1736 1169 1885 1213 subjeffi3
1912 1169 2094 1205 accidenta-

1217 1219 1255 1252 lis
1267 1218 1310 1252 est
1326 1218 1379 1253 illa
1391 1243 1402 1259 ,
1429 1219 1463 1253 in
1476 1230 1538 1262 qua
1553 1220 1688 1254 formale
1706 1218 1864 1263 praedicati
1874 1220 2094 1263 significatum

1218 1280 1320 1313 neque
1339 1269 1379 1303 ad
1402 1270 1568 1304 effentiam
1581 1294 1591 1310 ,
1620 1281 1722 1315 neque
1742 1269 1782 1303 ad
1797 1268 2008 1303 substantiam
2023 1266 2093 1302 sub-

1214 1319 1287 1362 jesti
1310 1319 1469 1362 pertinet:
1495 1319 1585 1364 atqui
1607 1319 1743 1355 formale
1755 1319 1971 1363 significatum
1983 1317 2095 1363 praedi-

1215 1371 1277 1403 cati
1291 1380 1344 1403 ens
1366 1369 1460 1403 limul
1484 1371 1646 1413 pertinet,
1672 1371 1783 1404 &non
1796 1371 1935 1413 pertinet
1946 1368 1986 1403 ad
1997 1368 2092 1403 effen·

1216 1421 1293 1455 tiam
1307 1418 1472 1453 hominis:
1502 1429 1539 1454 ut
1557 1420 1625 1454 dixi
1637 1421 1738 1456 dub.1.
1756 1420 1846 1465 Ergo
1867 1418 1931 1453 haec
1945 1419 2096 1463 praedica-

1216 1470 1285 1508 tio,
1302 1472 1391 1503 Homo
1411 1469 1449 1509 est
1472 1481 1546 1510 ens,
1572 1470 1617 1505 est
1639 1469 1836 1510 essentialis,
1861 1469 2094 1504 &fimulacci-

1214 1518 1368 1553 dentalis.
1399 1519 1503 1568 Qod
1531 1530 1661 1562 quoque
1682 1520 1898 1555 substantialis
1919 1520 1976 1558 fit,
2002 1524 2096 1552 etiam

1212 1569 1322 1610 probo:
1350 1569 1440 1615 Qia
1467 1568 1599 1610 praedica
1584 1570 1652 1602 tio
1674 1569 2033 1608 substantialisestilla,
2060 1568 2096 1600 in

1218 1629 1280 1661 qua
1295 1618 1514 1663 fignificatum
1528 1618 1666 1651 formale
1678 1616 1858 1661 praedicad,
1888 1618 1964 1651 licet
1978 1628 2044 1650 non
2060 1614 2098 1649 fic

1215 1668 1257 1702 de
1270 1668 1428 1708 essentia,
1458 1667 1502 1713 est
1517 1678 1626 1701 tamen
1639 1668 1678 1701 de
1690 1666 1868 1702 substantia
1881 1667 1927 1701 sui
1942 1666 2098 1709 subjesti:

1216 1718 1308 1761 atqui
1330 1728 1411 1756 ens,
1437 1718 1471 1751 ἀ
1496 1717 1711 1761 fignificatum
1732 1716 1869 1751 formale
1893 1717 1961 1759 ejus
1973 1718 2046 1751 sunt
2058 1716 2099 1749 de

276 1617 433 1661 perfectus
445 1642 455 1658 ‚
475 1629 513 1652 ac
523 1619 743 1662 incompletus
753 1643 760 1650 .
792 1618 882 1663 Ergo
893 1619 1015 1660 vesteS,
1038 1620 1072 1654 δι
1087 1618 1154 1653 cal-

275 1667 327 1700 cei
349 1665 391 1701 de
411 1667 539 1701 formali
566 1680 621 1712 per
635 1668 695 1703 ista
721 1668 887 1711 praedicata
900 1668 1073 1713 fignificati
1087 1680 1154 1702 non

275 1717 352 1750 sunt
363 1716 404 1751 de
415 1717 589 1752 substantia
614 1715 779 1752 hominis:
805 1719 951 1761 adeoque
963 1718 1028 1752 istae
1043 1718 1157 1762 praedi-

274 1767 423 1802 cationes
430 1778 497 1800 non
510 1768 582 1802 sunt
596 1767 820 1802 substantiales
835 1769 910 1811 ;sed
922 1767 1137 1803 accidentales
1147 1792 1155 1800 .

326 1825 384 1852 20.
411 1816 540 1858 objiciet
552 1831 565 1851 .-
590 1819 625 1853 Si
645 1817 831 1862 praedicatio
845 1817 1062 1853 substantialis
1074 1819 1156 1857 foret

274 1865 352 1906 illa,
376 1866 411 1900 in
423 1877 485 1910 qua
498 1866 718 1912 fignificatum
736 1868 874 1903 formale
888 1868 1048 1912 praedicati
1060 1868 1105 1903 est
1116 1867 1158 1902 de

274 1914 452 1960 substantia
465 1917 616 1959 subjecti,
643 1917 709 1952 haec
720 1918 909 1961 praedicatio
919 1942 929 1957 ,
959 1920 1039 1950 Deus
1053 1917 1089 1956 est
1102 1916 1156 1949 ho-

276 1975 324 1998 mo
336 1988 347 2004 ,
371 1964 492 1997 &homo
514 1965 552 2006 est
565 1970 646 1999 Deus
658 1990 669 2005 ,
697 1977 765 1999 non
785 1968 871 2000 foret
883 1967 1070 2009 pradicatio
1080 1967 1114 1999 su
1123 1965 1155 1999 b·

274 2014 455 2054 stantialis,
480 2014 533 2049 sed
555 2016 785 2054 accidentalis:
811 2018 1014 2060 consequens
1027 2014 1092 2050 hoc
1103 2014 1156 2049 ab·

275 2064 410 2098 surdum
430 2063 494 2104 est,
521 2076 559 2099 ac
582 2077 694 2101 contra
715 2077 830 2100 omnes
840 2065 1059 2109 Theologos,
1087 2076 1176 2724 uno!

1218 1766 1399 1801 substantia
1413 1765 1582 1801 hominis:
1608 1777 1688 1811 ergo
1699 1764 1766 1801 haec
1777 1765 1982 1810 praedicatio,
2009 1768 2100 1799 Homo

1216 1817 1254 1857 est
1265 1828 1317 1850 ens
1330 1841 1340 1858 ,
1359 1817 1404 1851 est
1417 1817 1516 1851 etiam
1532 1817 1715 1860 praedicatio
1726 1811 1941 1853 substantialis
1953 1840 1961 1853 -,
1988 1815 2100 1853 Proba-

1217 1876 1268 1901 tur
1287 1871 1403 1901 minor.-
1432 1867 1525 1913 Qi²
1544 1880 1621 1902 caro
1635 1892 1646 1907 ‚
1673 1878 1735 1906 os,
1760 1877 1897 1906 nervus,
1923 1866 2002 1900 item
2025 1877 2098 1899 uar-

1219 1928 1316 1949 neum
1333 1940 1344 1956 ‚
1370 1917 1494 1950 offeum
1518 1940 1529 1956 ,
1558 1917 1728 1950 nervosum
1743 1940 1755 1957 ‚
1781 1917 1844 1951 διο.
1867 1917 1941 1950 sunt
1965 1917 2007 1950 de
2028 1915 2101 1950 sub·

1217 1964 1334 1998 stantia
1348 1964 1511 1999 hominis.
1505 1978 1514 1986 ·
1541 1967 1642 2006 sunt,
1667 1967 1801 2010 inquam
1814 1992 1825 2007 ,
1849 1965 2011 2010 predicata
2025 1965 2097 2000 sub-

1217 2014 1399 2056 stantialia,
1425 2025 1489 2058 que
1511 2015 1551 2049 de
1575 2013 1712 2050 homine
1734 2017 1940 2059 predicantur
1951 2015 2100 2050 substan·

1216 2065 1350 2098 tialiter:
1381 2075 1417 2097 ut
1439 2075 1526 2106 patet
1640 2077 1671 2100 m
1695 2066 1806 2100 distis.
1833 2066 1923 2111 Ergo
1933 2067 2032 2102 etiam
2043 2076 2097 2100 ens

1215 2113 1259 2145 est
1285 2113 1326 2144 de
1347 2112 1526 2145 substantia
1547 2066 1701 2148 εΙκΐιὶιιῗίιιίς
1725 2139 1737 2156 ,
1762 2115 1870 2157 estque
1893 2117 2097 2160 predicatum

1216 2160 1445 2200 substantiale,
1471 2161 1561 2204 quod
1574 2162 1615 2196 de
1639 2163 1699 2197 illo
1713 2165 1891 2208 predicatur
1903 2166 2096 2200 substantia·

1217 2211 1310 2244 liter.
1337 2212 1428 2243 Patet
1438 2210 1552 2254 conseq.
1563 2214 1655 2260 Qra
1678 2214 1791 2248 omnia
1803 2215 1982 2249 essentialia
1998 2215 2098 2258 predi·

1215 2269 1288 2292 cata
1311 2259 1471 2301 praedicati
1496 2261 1705 2302 praedicantur
1714 2262 1755 2295 de
1763 2264 2097 2308 pradicatisubjecto,

1215 2320 1256 2341 eo
1265 2308 1367 2341 modo
1379 2318 1447 2350 quo
1460 2308 1665 2351 praedicatum
1684 2312 1874 2353 praedicatur
1884 2314 1926 2348 de
1937 2314 1999 2348 illo
2011 2328 2023 2351 ,.·
2050 2325 2098 2349 at*

1215 2359 1271 2401 qui
1293 2369 1347 2391 ens
1368 2357 1413 2391 est
1439 2356 1645 2400 praedicatum
1665 2360 1830 2395 essentiale
1849 2364 1974 2404 carnis,
1995 2363 2070 2398 offis
2082 2386 2095 2404 ,

1216 2408 1325 2448 nervi,
1336 2408 1400 2442 &c.
1412 2406 1502 2452 Ergo
1512 2409 1701 2451 praedicatur
1711 2410 1754 2445 de
1765 2409 1901 2445 homine
1912 2422 1954 2446 eo
1965 2413 2067 2447 modo
2080 2437 2094 2453 ,

1215 2468 1281 2501 quo
1298 2468 1396 2499 caro,
1421 2468 1480 2498 os,
1508 2470 1647 2501 nervus,
1672 2461 1734 2495 διο.
1759 2461 1969 2505 praedicantur
1980 2463 2022 2497 de
2032 2460 2094 2497 ho-

1215 2507 1319 2541 mine:
1350 2508 1438 2551 atqui
1451 2519 1548 2550 caro,
1574 2521 1631 2547 os,
1657 2521 1796 2551 nervus,
1821 2512 1884 2546 &c-
1895 2512 1936 2546 de
1951 2511 2090 2548 homine

1215 2557 1427 2601 praedicantur
1447 2558 1717 2594 substantialiter·
1742 2572 1822 2606 ergo
1833 2562 1932 2597 etiam
1942 2573 1998 2597 ens
2010 2574 2091 2606 prz-

1213 2608 1339 2642 dicatur
1361 2608 1402 2642 de
1422 2607 1483 2641 illo
1505 2608 1784 2650 substantialiter.
1822 2612 2092 2657 Argumentum,

1213 2659 1302 2700 quod
1325 2668 1437 2692 contra
1457 2656 1541 2692 hanc
1561 2660 1800 2695 conclufionem
1815 2663 1948 2697 formari
1964 2663 2065 2706 posset
2078 2686 2090 2704 ,

1212 2708 1387 2742 formatum
1398 2719 1435 2742 ac
1447 2708 1590 2747 solutum
1599 2710 1644 2744 est
1657 2710 2037 2747 dub.1.vide111udibi.

274 2124 334 2147 ore
354 2113 607 2156 propositionem
627 2114 719 2146 illam
742 2113 982 2147 substantialem
993 2116 1056 2147 effe
1069 2113 1156 2146 affir-

274 2172 419 2203 mantes:
445 2172 526 2207 ergo
547 2161 718 2197 absurdum
739 2173 872 2206 quoque
882 2163 926 2195 est
938 2160 1156 2195 antecedens:

274 2211 527 2254 definiendaque
554 2212 599 2245 est
632 2210 819 2255 praedicatio
850 2211 1066 2245 substantialis
1091 2211 1155 2245 hoc

274 2261 397 2295 modo:
426 2260 483 2294 Est
504 2260 691 2302 predicatio
717 2260 870 2294 constans
891 2261 1061 2302 praedicato
1085 2260 1155 2293 sub·

275 2308 441 2343 stantiali.
466 2307 547 2342 Haec
565 2309 654 2342 enim
676 2308 970 2352 definitioquadrat
983 2308 1032 2342 isti
1047 2308 1153 2351 praedi-

275 2359 423 2394 cationi.
457 2358 601 2391 Probatur
621 2356 743 2401 sequela
764 2360 908 2399 majoris:
939 2357 1027 2405 Qia
1039 2358 1075 2391 in
1089 2358 1154 2391 istis

275 2409 555 2454 praedicationibus
581 2408 800 2452 significatum
824 2407 961 2442 formale
990 2407 1151 2451 praedicati

274 2470 344 2492 non
356 2458 401 2492 est
412 2458 454 2492 de
464 2457 640 2491 substantia
665 2458 816 2501 subjecti:
843 2457 1021 2501 subjeetum
1033 2458 1152 2501 quippe

273 2508 319 2541 est
332 2511 435 2549 Deus,
462 2508 504 2541 de
513 2506 603 2550 cujus
615 2507 791 2544 substantia
804 2519 870 2541 non
885 2508 927 2541 est
943 2506 1152 2547 humanitas,

273 2569 343 2602 quae
363 2558 409 2592 est
430 2557 648 2601 significatum
660 2557 797 2591 formale
809 2557 1106 2602 praedicati3ergo,
1130 2558 1151 2591 fi

273 2607 462 2653 pradicatio
476 2606 692 2642 substantialis
711 2608 793 2642 foret
803 2608 875 2648 illa,
905 2609 939 2641 in
952 2619 1014 2651 qua
1027 2609 1150 2652 fignifi-

273 2667 385 2692 catum
409 2656 544 2690 formale
560 2657 721 2699 praedicati
747 2658 792 2690 est
815 2656 855 2692 de
866 2657 1041 2692 substantia
1053 2658 1148 2700 subje

274 2707 317 2741 &i
331 2730 342 2747 ‚
367 2704 433 2739 istae
455 2704 589 2749 praefatae
612 2705 851 2748 praedicationes
874 2717 940 2741 non
955 2709 1061 2742 forent
1085 2707 1151 2741 sub-

274 2755 461 2797 stantiales,
488 2754 540 2790 sed
561 2756 778 2790 accidentales
803 2780 811 2788 .
840 2759 931 2789 Patet
954 2758 1149 2793 antecedens:

274 2804 502 2854 Qia'aliquid
513 2805 626 2840 essede
648 2804 824 2840 substantia
842 2806 974 2840 alterius
988 2806 1032 2840 est
1047 2818 1148 2841 unum
1417 2808 1453 2842 D
1480 2807 1520 2843 U
1547 2808 1575 2842 B
1600 2809 1616 2844 1
1643 2809 1683 2846 U
1710 2810 1751 2845 M
1803 2810 1859 2846 111.

275 2858 436 2900 pertinere
446 2856 486 2900 ad
500 2854 706 2890 substantiale
718 2855 995 2899 complementum
1008 2855 1151 2896 alterius,

274 2908 321 2940 ita
333 2916 377 2941 ut>
390 2904 474 2940 istud
494 2905 561 2940 sine
580 2905 646 2940 hoc
668 2905 751 2941 foret
765 2905 1148 2941 substantialiterincom-

273 2957 416 3001 pletum,
442 2967 481 2991 ac
503 2956 747 3000 imperfeetum:
773 2957 862 3000 atqui
886 2955 1071 2991 humanitas
1081 2967 1148 2990 non

274 3007 414 3051 pertinet
425 3006 466 3041 ad
478 3005 684 3041 substantiale
695 3006 758 3040 Dei
769 3005 1048 3050 complementum
1062 3018 1070 3038 :
1095 3018 1148 3040 ne-

1237 2907 1364 2952 ,Quidfit
1371 2909 1548 2951 praedicatio
1558 2909 1712 2952 neceffaria
1722 2912 1737 2945 ,³
1765 2912 1856 2956 ,Quid
1861 2916 2032 2957 contingen-s
2044 2913 2062 2947 ἓ

1451 3007 1474 3042 S
1500 3008 1530 3042 E
1557 3007 1589 3042 C
1614 3009 1652 3044 T
1675 3011 1692 3045 1
1716 3012 1751 3046 Ο
1812 3011 1837 3046 Ι.

275 3066 338 3100 que
347 3057 438 3091 Deus
446 3057 511 3091 fine
533 3055 734 3092 humanitate
744 3058 776 3090 su
782 3056 909 3091 blistens
919 3057 1002 3090 foret
1012 3055 1114 3090 substa
1120 3069 1151 3092 ιι·

275 3106 395 3140 tialiter
408 3107 645 3152 incompletus,
671 3106 960 3150 autimperfeaus.
991 3106 1079 3151 Ergo
1093 3105 1150 3142 hu·
1393 3108 1536 3150 Definitio
1554 3111 1718 3153 praedicati
1736 3113 1900 3156 necessarii.

275 3156 416 3190 manitas
439 3168 507 3191 non
524 3158 568 3192 est
594 3156 636 3192 de
661 3156 834 3202 substantia
846 3157 910 3190 Dei
925 3180 932 3188 .
957 3154 1095 3199 Resp.ln
1110 3159 1149 3192 ri-

275 3216 357 3249 gore
379 3206 505 3250 Logico
527 3206 693 3252 loquendo
705 3230 715 3246 ,
742 3206 815 3241 istas
828 3206 1068 3249 praedicationes
1080 3219 1146 3242 non

275 3256 338 3290 effe
361 3254 581 3292 substantiales
598 3282 611 3299 ,
638 3256 690 3292 sed
712 3256 926 3292 accidentales
947 3268 955 3287 :
992 3257 1040 3291 uri
1061 3268 1152 3303 argu-

276 3316 426 3340 mentum
446 3302 510 3340 hoe
521 3307 733 3342 efficacissime
745 3306 877 3351 probat.
906 3306 1020 3348 Neque
1031 3305 1095 3342 hoc
1106 3307 1149 3341 est

275 3366 391 3390 contra
404 3367 521 3390 omnes
531 3356 728 3403 Theologos
738 3371 749 3391 .-
780 3358 814 3391 id
827 3357 914 3391 enim
935 3359 1034 3391 etiam
1047 3357 1150 3395 asserit

277 3405 413 3440 Gabriel
426 3411 458 3438 in
471 3417 499 3453 3.
511 3405 709 3453 dfi.7.quaest.
722 3413 831 3447 unica,
856 3416 951 3454 art.3.
971 3406 1036 3440 dub.
1045 3417 1074 3455 3.
1085 3407 1151 3442 alii·
1213 3418 1281 3442 tum
1305 3417 1380 3441 cum
1405 3407 1569 3451 subjeetm
1590 3422 1619 3444 v.
1628 3422 1661 3456 g.
1684 3414 1857 3454 Rationale,
1884 3414 2010 3455 risibile,
2036 3421 2082 3446 in-

276 3466 342 3497 que
353 3455 550 3490 Nominales
560 3459 794 3492 communiter.
807 3455 1150 3501 Theologivero,qui
1215 3457 1418 3498 tellec‘livum,
1444 3459 1625 3500 volmvum,
1652 3463 1786 3505 animal,
1812 3472 1915 3505 corpus
1928 3488 1939 3504 ‚
1953 3466 2007 3497 &a
2021 3464 2082 3500 res.

277 3504 353 3541 istas
374 3506 618 3551 pradicationes
640 3518 756 3552 putant
777 3509 840 3544 esse
852 3506 1095 3553 substantiales,
1119 3509 1152 3543 &
1216 3509 1308 3554 pestu
1329 3506 1476 3544 hominis
1495 3511 1570 3546 sunt
1588 3511 1757 3557 praedicata
1777 3513 1947 3550 necessaria
1968 3524 1976 3544 :
2003 3514 2080 3557 quia

1929 3561 2032 3598 ratio-

1212 3218 1267 3245 22·
1296 3206 1516 3290 ADverte
1535 3208 1786 3259 prim6:Q1id
1813 3212 1850 3247 sit
1874 3197 2082 3257 pradicatum

1415 3259 1645 3300 neceflarium,
1673 3263 1752 3304 quid
1778 3263 1979 3305 praedicatum
2003 3276 2083 3300 con·

1212 3306 1356 3351 tingens.
1373 3305 1606 3343 praedicatum
1597 3319 1704 3355 itaque
1716 3313 1919 3348 necessarium
1931 3315 1974 3348 est
1986 3315 2081 3356 illud,

1212 3357 1304 3399 cujus
1317 3357 1452 3391 formale
1464 3357 1679 3403 fignificatum
1705 3363 1749 3396 est
1762 3364 1887 3398 realiter
1899 3364 2081 3400 identifica-
