2384 3770
988 83 1033 122 ll.

400 163 431 210 ‘3
443 164 505 198 20

373 232 437 267 aiei
447 242 590 268 extrema
602 244 615 272 ,-
638 231 785 276 adeoque
794 232 885 277 quod
893 234 977 269 actio
990 235 1129 280 analoga
1142 245 1242 279 quan-

372 283 483 326 doque
499 282 537 320 fit
549 307 562 325 ,
597 284 795 328 quandoque
814 295 881 319 non
902 286 941 320 fit
960 286 1046 320 aelio
1065 286 1205 320 univoca
1230 310 1239 318 .

372 335 434 366 Hoc
445 356 458 373 ‚
483 332 617 376 inquam
628 359 640 376 ,
667 340 758 371 etiam
764 335 907 377 probatur
918 348 927 371 :
953 336 1043 386 Qia
1055 335 1183 370 eductio
1194 347 1241 370 ca-

369 381 448 417 loris
459 384 540 418 faita
550 384 569 418 a
579 386 686 420 calore
696 410 708 427 ,
733 384 774 420 ab
787 387 861 431 igne
876 409 887 426 ‚
910 385 928 421 ,a
953 387 1018 420 sole
1030 397 1041 428 ς
1068 386 1145 419 item
1166 386 1239 419 edu-

367 433 435 467 &io
448 433 578 479 frigoris
589 436 671 471 faeta
679 436 698 469 a
709 437 829 481 frigore
839 460 851 476 ,
875 433 1003 469 eductio
1016 435 1148 469 luminis
1160 437 1240 470 fana

365 484 385 519 ὲ
396 485 485 528 luce3
513 487 592 520 item
603 486 732 521 eductio
746 485 877 520 unionis
889 485 972 518 inter
983 484 1127 519 animam
1136 486 1241 521 &cor-

363 547 426 580 pus
438 537 515 571 fasta
525 535 567 570 ab
574 536 684 571 anima
691 562 702 579 ‚
734 536 840 570 motio
853 533 966 568 localis
977 535 1055 569 fasta
1068 534 1092 568 a
1109 547 1239 580 magne-

363 595 399 620 te
411 610 422 626 ,
447 586 466 620 a
487 587 704 631 gravitarione
724 593 777 618 aut
798 583 989 619 levitatione
998 608 1008 625 ,
1033 585 1074 618 ab
1097 584 1239 629 impulsu

361 635 566 682 projicientis
577 661 588 676 ‚
615 637 676 670 &a
691 635 734 669 Et
747 635 816 668 aliae
828 634 860 668 id
872 634 977 679 genus
989 635 1132 668 actiones
1142 647 1238 678 quam

359 686 504 730 plurimae
523 685 745 724 fantastiones
761 686 847 724 factae
858 696 913 728 per
931 685 1132 719 ordinariam
1155 685 1238 720 ordi-

918 149 1351 200 Canus·

1308 232 1357 268 ἂὲ
1375 245 1439 280 ego
1461 232 1666 269 confuderint
1703 232 1863 271 actionem
1899 237 2073 286 analogam
2103 252 2182 277 eum

1310 283 1436 319 afflone
1447 285 1586 319 univoca
1596 309 1607 327 ,
1615 284 1672 328 qui
1690 285 1775 320 inter
1786 286 1933 333 analogae
1941 289 2076 327 aetionis
2086 303 2181 328 exem

1311 335 1361 379 pla
1383 345 1425 368 ne
1445 345 1546 369 unam
1564 335 1687 370 adduxi
1709 336 1871 372 astionem
1885 336 2058 374 univocam
2071 366 2080 374 .

1301 428 1308 435 .
1358 383 1390 419 6.
1417 384 1574 419 Similiter
1584 386 1744 421 confundi
1756 397 1823 421 non
1837 387 1966 431 possunt
1977 390 2059 424 auio
2081 392 2179 436 arqui-

1310 444 1388 467 voca
1399 434 1432 468 &
1444 434 1530 468 astio
1541 432 1747 480 hetroclyta:
1773 438 1847 471 sunt
1856 437 1946 473 enim
1958 439 2057 474 etiam
2067 443 2180 476 exces-

1308 485 1385 518 sa&
1409 484 1620 525 excedentia,
1645 497 1852 531 nequaquam
1874 487 1950 522 vero
1972 488 2182 525 confundibi·

1309 534 1351 567 lia
1363 543 1418 568 aut
1429 533 1677 569 convertibilia.
1705 537 1862 579 Raetoest:
1890 538 2183 585 Quiainterae‘lio·

1306 594 1361 617 nes
1379 584 1560 627 aequivocas
1576 583 1692 628 aliquae
1714 586 1789 620 suut
1807 611 1819 628 ,
1857 587 1973 632 aliquae
2007 601 2076 624 non
2103 591 2180 625 sunt

1305 635 1447 668 actiones
1469 633 1677 678 hetroclytae;
1714 634 1794 670 item
1825 637 1910 672 inter
1935 640 2080 674 actiones
2118 638 2180 674 he·

1303 684 1464 725 troclytas
1488 683 1638 728 quasdam
1679 684 1754 720 sunt
1778 709 1791 726 ,
1818 686 1977 729 „quaedam
2003 701 2072 724 non
2104 690 2180 724 sunt

358 738 455 772 nariae
467 735 674 771 cauffalitatis
690 735 773 769 viam
787 749 798 769 ,-
826 734 874 768 uti
888 746 985 769 nemo
1000 735 1151 779 negabit.
1179 735 1236 770 At·
1281 731 1285 793 j
1303 734 1445 768 astiones
1453 733 1642 777 aequivocae:
1667 732 1755 780 Ergo
1764 735 1849 771 allio
1861 738 2025 781 aequivoca
2037 740 2072 774 δε
2093 740 2179 774 adio

359 787 415 829 qui
433 786 580 830 quaedam
593 786 779 826 versantur,
807 785 954 829 quaedam
979 785 1056 820 vero
1080 796 1147 818 non
1173 797 1236 820 ver·
1280 798 1284 832 g
1304 783 1486 828 hetroclyta
1496 784 1537 818 de
1548 785 1612 818 sese
1625 786 1742 820 mutuo
1765 786 1998 830 particulariter
2017 789 2179 824 affirman-

356 838 563 870 santurinrer
583 835 731 869 formalia
753 834 898 878 ejusdem
919 836 1033 878 speciei
1056 846 1200 870 extrema
1224 848 1231 868 ε

356 887 405 920 uti
417 896 546 930 quoque
557 884 679 929 patebit
688 882 784 921 facile
792 886 998 920 exanimanti
1011 910 1019 918 .
1045 886 1138 930 Ergo
1151 887 1235 920 ustio

355 937 438 971 facta
475 936 567 979 juxta
604 935 806 971 ordinariam
833 936 1001 970 ordinariae
1029 936 1234 971 caussalitatis

355 987 442 1020 viam
453 985 654 1030 quandoque
676 986 838 1026 versatur,
866 987 1064 1029 quandoque
1088 997 1232 1020 nonvver·

353 1036 440 1070 satur
462 1037 544 1070 inter
571 1036 721 1072 formalia
746 1037 888 1080 ejusdem
907 1037 1022 1080 speciei
1053 1046 1196 1071 extrema
1223 1060 1230 1069 .

353 1086 518 1129 Adeoque
528 1088 610 1121 actio
620 1087 764 1121 univoca
787 1089 801 1119 a
818 1086 950 1121 nemine
970 1086 1015 1120 est
1027 1087 1233 1122 confunden-

352 1136 394 1171 da
410 1145 465 1171 aut
477 1136 698 1172 convertenda
709 1148 786 1172 cum
798 1136 924 1171 astione
932 1136 1071 1181 analoga
1080 1161 1087 1168 .

403 1199 435 1234 ς.
465 1188 511 1221 At
534 1187 685 1230 nunquid
708 1199 773 1232 ego
795 1186 957 1221 confudi?
983 1186 1034 1220 lta
1053 1184 1228 1221 asseverant

350 1236 589 1283 Marpugenses
606 1263 613 1270 .
642 1234 766 1272 Verum
778 1249 842 1283 ego
855 1249 908 1271 me
920 1238 1038 1271 excuso
1048 1249 1064 1278 ‚·
1084 1248 1151 1272 non
1166 1237 1228 1271 feci

348 1289 440 1322 enim
454 1312 461 1319 .
490 1289 533 1322 Et
546 1297 632 1332 patet
646 1289 837 1322 innocentia
852 1299 923 1321 mea
935 1298 977 1320 ex
990 1286 1056 1320 istis
1080 1288 1229 1331 analogis

349 1336 556 1378 actionibus,
582 1349 660 1381 quas
677 1338 772 1372 attuli
796 1339 828 1372 in
848 1337 954 1380 capite
975 1338 1151 1382 Apologiae
1172 1348 1229 1380 pro

347 1388 526 1431 exemplis.
554 1388 637 1422 Haee
661 1389 736 1422 sunt
757 1388 933 1431 Apologiae
944 1386 1057 1423 verba:
1086 1392 1159 1430 Vg.
1179 1399 1229 1432 ge-

347 1440 465 1471 neratio
476 1437 602 1479 hominis
617 1463 626 1478 ‚
653 1444 719 1481 equi
731 1462 741 1478 ,
761 1437 838 1479 felis
848 1462 859 1479 ,
869 1443 966 1470 murts
977 1462 987 1478 ,
1013 1446 1068 1479 per
1083 1436 1229 1480 seminum

346 1493 605 1530 eommetionem3
630 1495 702 1522 item
707 1493 861 1533 generatio
869 1499 955 1521 ranae
966 1512 975 1528 ,
984 1489 1108 1530 gallinae
1123 1512 1134 1529 ‚
1153 1488 1231 1520 bom-

346 1537 441 1578 bycis,
462 1547 518 1580 per
531 1538 775 1578 excubationem,
802 1538 873 1581 sunt
888 1543 1094 1584 generatlones
1118 1539 1230 1581 regula-

345 1600 395 1621 res
407 1590 442 1622 θ
461 1590 645 1620 ordinaria:
676 1591 774 1620 Fiunt
786 1593 866 1621 enlm
877 1588 1032 1619 ordlnaria
1040 1592 1228 1631 propagam-

347 1643 395 1670 nis
419 1640 455 1671 ό·
473 1642 675 1684 generaetlanls
697 1642 770 1669 vla.
800 1636 885 1676 Hae,
923 1638 1077 1681 inquam,
1113 1648 1229 1670 omnes

346 1687 489 1722 astiones
504 1685 936 1724 suntastionesordinariae,
964 1685 1147 1729 regulares,
1175 1686 1229 1719 seu

346 1737 516 1780 analogae:
554 1735 658 1779 Atqui
678 1745 795 1769 omnes
819 1734 866 1769 hae
888 1735 1033 1769 astiones
1057 1746 1125 1770 non
1156 1736 1229 1769 sunt

346 1788 490 1821 afflones
503 1785 651 1819 univocae
665 1797 672 1817 :
698 1785 790 1831 Qin
801 1785 870 1819 imo
883 1784 973 1818 nulla
989 1785 1103 1818 harum
1124 1785 1229 1819 actio-

346 1849 426 1872 num
438 1836 483 1871 est
497 1837 662 1877 univoca;
691 1836 743 1868 sed
754 1845 871 1869 omnes
887 1834 1028 1868 omnino
1039 1836 1113 1868 sunt
1136 1836 1231 1868 astio-

346 1898 403 1922 nes
413 1887 599 1931 aequivocae.
626 1885 709 1919 Sunt
722 1908 733 1925 ‚
761 1885 898 1926 inquam
912 1908 923 1924 ,
935 1895 1052 1917 ornnes
1067 1883 1115 1917 has
1134 1884 1232 1917 astio-

347 1949 405 1973 nes
417 1937 589 1981 aequivocae
601 1959 611 1975 ‚
638 1947 705 1969 non
717 1933 847 1969 tantum
861 1935 920 1984 (ut
933 1935 1013 1967 meis
1027 1943 1101 1967 utar
1122 1933 1232 1966 termi-

348 1986 690 2032 nis)aequivocatione
701 1984 844 2030 generali
868 1984 1007 2028 respestu
1041 1984 1152 2018 causslae
1171 1982 1230 2027 pri-

349 2049 424 2081 mae3
453 2037 617 2072 sedetiam
638 2035 900 2077 aequivocatione
924 2034 1109 2077 particulari
1131 2034 1231 2077 respe-

349 2092 401 2124 {lu
414 2089 524 2123 cauffae
534 2088 596 2121 suae
610 2085 809 2130 particularis
826 2085 987 2118 secundae.
1020 2082 1115 2126 Ergo
1132 2084 1229 2116 astio-

350 2150 427 2173 nem
442 2139 617 2171 univocam
631 2147 694 2180 ego
717 2136 750 2167 in
775 2134 944 2175 Apologia
968 2133 1127 2172 nustpaam
1155 2142 1234 2163 eou-

352 2188 423 2222 fudi
434 2198 510 2221 cum
521 2187 649 2219 actione
663 2183 804 2227 analoga
818 2205 825 2213 .
852 2180 1001 2213 Probatur
1013 2186 1109 2212 minor
1122 2190 1130 2210 :
1142 2179 1232 2226 Qia

352 2237 439 2273 astio
451 2235 591 2270 univoca
602 2233 646 2268 est
662 2233 718 2265 illa
730 2255 740 2271 ,
768 2242 840 2273 quae
853 2230 993 2263 versatur
1009 2229 1093 2262 inter
1114 2229 1232 2262 forma·

353 2288 399 2322 lia'
409 2286 551 2330 ejusdem
564 2281 681 2326 speciei
692 2289 833 2314 extrema
843 2290 852 2320 3
882 2278 968 2312 aetio
979 2276 1056 2312 vero
1066 2277 1234 2320 aequivoca

354 2338 400 2372 est
412 2335 491 2375 illa,
517 2345 587 2377 quae
602 2333 738 2365 versatur
752 2331 834 2363 inter
846 2328 996 2362 formalia
1017 2327 1149 2362 diversae
1171 2328 1235 2371 spe·

355 2386 417 2422 ciei
439 2394 604 2426 extrema;
630 2391 666 2416 ut
687 2381 796 2415 dicam
817 2378 925 2412 statim
951 2378 1035 2412 infra
1058 2377 1203 2420 pluribus
1233 2400 1240 2410 .

355 2436 463 2480 Atqui
474 2443 590 2469 omnes
614 2431 679 2464 istae
692 2431 825 2473 praefatae
846 2428 987 2463 assiones
1011 2430 1175 2462 versantur
1189 2427 1238 2461 in·

355 2499 404 2523 ter
415 2482 567 2522 formalia
579 2480 709 2516 diversae
722 2477 840 2523 speciei
860 2487 1027 2512 extrema:
1056 2478 1148 2522 Ergo
1168 2488 1235 2511 om-

355 2548 413 2573 nes
426 2536 491 2571 istae
500 2534 634 2579 praefatae
646 2531 788 2566 actiones
799 2530 874 2563 sunt
882 2528 1026 2562 actiones
1046 2529 1218 2572 aequivocas
1233 2553 1240 2560 .

358 2588 508 2624 Probatur
518 2590 631 2618 minor:
660 2581 749 2628 Quia
763 2591 792 2613 v.
802 2591 834 2624 g.
845 2589 992 2613 extrema
1013 2577 1162 2612 formalia
1183 2589 1236 2622 ge-

357 2635 539 2672 nerationis
555 2632 704 2667 humanae
715 2630 732 2678 (
743 2629 938 2673 accipiamus
948 2640 991 2663 ex
999 2627 1155 2662 omnibus
1169 2627 1234 2661 istis

357 2686 539 2722 astionibus
550 2693 667 2725 unam;
694 2681 848 2716 omnium
869 2680 990 2723 quippe
1004 2678 1050 2712 est
1072 2678 1186 2712 eadem
1198 2689 1236 2712 ac

357 2734 499 2774 omnino
509 2732 692 2777 pariformis
704 2732 787 2766 ratio
800 2731 812 2771 )
825 2731 898 2763 sunt
910 2730 1018 2762 anima
1026 2727 1172 2763 hominis
1182 2738 1234 2772 ge·

357 2785 546 2822 nerantis&
568 2784 652 2816 unio
675 2781 821 2816 hominis
840 2780 1008 2824 generati.-
1044 2778 1147 2823 Atqui
1171 2777 1235 2812 hac

357 2838 468 2874 anima
480 2836 514 2869 &
525 2834 591 2868 haec
603 2833 685 2867 unio
697 2834 771 2865 sunt
780 2839 924 2864 extrema
936 2829 1068 2864 diversae
1080 2828 1197 2872 speciei
1223 2839 1233 2870 3

358 2889 408 2924 uti
420 2888 465 2921 est
488 2882 696 2920 manifestum
715 2893 722 2913 ε
754 2880 843 2924 Ergo
863 2880 1030 2925 generatio
1051 2876 1197 2913 hominis
1224 2901 1235 2917 ,

358 2938 538 2980 omnesque
553 2934 617 2969 ista·
628 2933 698 2966 aliae
709 2932 842 2975 praefatae
854 2931 997 2965 actiones
1009 2931 1173 2963 versantur
1189 2926 1234 2960 in·

357 2999 409 3024 ter
425 2986 584 3022 formalia·
594 2983 725 3018 diversae
747 2980 864 3025 speciei
885 2988 1047 3014 extrema.
1086 2977 1235 3011 Probatur

358 3040 474 3081 major:
501 3035 593 3085 Qia
603 3043 748 3068 extrema
770 3029 906 3072 alicujus
929 3029 1066 3064 astionis
1084 3027 1235 3062 formalia

357 3092 433 3125 sunt
444 3086 640 3131 principium
648 3081 786 3118 formale
796 3079 995 3115 &terminus
1005 3077 1152 3114 formalis
1164 3089 1235 3122 pro-

359 3141 473 3175 duetus
491 3151 499 3171 :
526 3137 612 3183 Qae
632 3133 720 3168 enirn
742 3133 852 3167 forent
873 3130 959 3165 alia?
985 3128 1092 3173 Atqui
1118 3128 1235 3171 priuci-

359 3190 451 3234 pium
464 3187 603 3222 formale
614 3183 764 3218 humanae
774 3180 996 3227 generationis
1006 3179 1052 3214 est
1062 3177 1172 3214 anima
1184 3189 1234 3223 ge-

359 3239 522 3280 nerantis3
550 3235 707 3270 terminus
728 3233 806 3268 vero
816 3230 964 3266 formalis
980 3240 1036 3274 per
1056 3227 1235 3263 humanam

358 3288 607 3335 generationem
619 3283 792 3329 productus
805 3281 850 3316 est
863 3280 944 3316 unio
964 3279 1168 3315 intercedens
1190 3279 1235 3312 in.-

301 3333 304 3337 ’
358 3347 410 3373 ter
422 3347 526 3380 partes
536 3332 854 3380 hominisgenerati:
881 3331 931 3366 uti
943 3329 997 3364 hic
1008 3354 1020 3371 ,
1039 3330 1156 3364 nolens
1167 3340 1235 3373 pro-

361 3387 440 3422 bare
453 3410 464 3429 ,
488 3387 638 3428 suppono
661 3409 668 3417 .
711 3381 803 3428 Ergo
822 3382 904 3416 unio
925 3379 1072 3415 hominis
1091 3379 1236 3427 generati

362 3439 399 3474 δε
409 3433 517 3472 tffima
526 3433 862 3478 hominisgenerantis
873 3434 949 3466 sunt
957 3429 1105 3465 formalia
1124 3429 1236 3465 huma·

361 3500 414 3531 aar
423 3483 644 3534 generationis
655 3490 799 3519 extrema
812 3509 820 3517 .
847 3482 936 3520 Vide
944 3478 1024 3528 ergo
1036 3505 1050 3525 ,
1070 3490 1169 3526 quarn
1190 3490 1238 3515 re·

1279 833 1283 877 ξ
1303 845 1378 878 tur,
1404 834 1701 879 particularitetque
1712 845 1896 880 negantur.-
1923 837 2012 884 Ergo
2023 849 2092 874 non
2101 839 2178 873 sunt

1277 881 1281 952 j
1301 883 1550 919 confundabilia
1566 885 1877 928 autconvertibilia,
1903 886 1957 922 sed
1978 889 2052 925 sunt
2072 890 2180 923 exces-

1303 936 1334 968 sa
1360 935 1393 969 ὃ(
1419 935 1612 970 excedentia
1627 958 1637 968 .
1674 936 1828 970 Probatur
1846 939 2023 972 antecedens
2037 950 2044 971 ε
2084 939 2176 986 Qia

1300 986 1386 1019 astio
1397 985 1561 1029 aequivoca
1575 985 1620 1020 est
1631 986 1716 1019 astio
1727 987 1852 1020 versans
1864 987 1946 1022 inter
1969 987 2120 1023 formalia
2128 987 2177 1023 di·

1302 1036 1397 1069 verse
1410 1035 1524 1078 speciei
1536 1045 1704 1078 extrema;
1730 1046 1766 1070 ut
1779 1036 1887 1070 dicam
1899 1037 2025 1072 statim:
2053 1050 2086 1073 at
2099 1038 2175 1073 νει-ὸ

1297 1086 1382 1119 aflio
1394 1085 1578 1128 hetroclyta
1587 1085 1631 1119 est
1646 1085 1729 1119 actio
1743 1109 1755 1126 ,
1780 1096 1850 1127 quae
1863 1097 1928 1121 non
1940 1085 1976 1121 fit
1987 1088 2079 1131 juxta
2089 1088 2175 1124 ordi-

1298 1136 1419 1169 nariam
1432 1135 1600 1169 ordinariae
1609 1134 1819 1170 cauffalitatis
1831 1136 1916 1170 viam
1930 1161 1937 1168 .
1964 1137 2002 1172 ld
2022 1138 2067 1172 est
2079 1162 2090 1178 ,
2116 1138 2178 1173 Est-

1297 1186 1384 1219 astio
1404 1209 1416 1226 ,
1445 1195 1515 1229 quae
1528 1196 1596 1220 non
1609 1186 1645 1218 fit
1659 1196 1699 1220 eo
1712 1184 1815 1220 modo
1825 1211 1836 1227 ,
1862 1197 1928 1230 quo
1940 1187 2019 1222 tales
2031 1188 2175 1223 actiones

1295 1235 1361 1268 fieri
1374 1235 1416 1269 de
1426 1236 1520 1269 eursu
1532 1236 1566 1269 δι
1581 1245 1671 1270 more
1685 1245 1804 1270 naturae
1813 1237 1983 1271 ordinario
1995 1238 2174 1284 prescripsit

1293 1287 1324 1319 ὃ(
1336 1286 1501 1319 ordinavit
1520 1286 1632 1320 auctor
1653 1297 1691 1320 ac
1708 1286 1851 1330 provisor
1875 1297 1995 1322 naturae
2014 1288 2174 1332 omnipo-

1295 1346 1366 1369 tens
1378 1335 1470 1370 Deus
1483 1360 1490 1368 .
1517 1335 1620 1370 Tales
1630 1335 1671 1369 V.
1693 1347 1724 1381 g.
1741 1336 1884 1371 actiones
1906 1338 1982 1371 sunt
2005 1338 2174 1383 generatio

1294 1385 1572 1420 ChristiDomini
1585 1385 1687 1420 nostri
1702 1386 1743 1420 de
1754 1386 1866 1430 spiritu
1889 1388 1996 1421 sanQo
2018 1387 2175 1432 concepti

1291 1436 1376 1470 &ex
1387 1436 1426 1469 M
1442 1436 1472 1470 A
1486 1435 1518 1469 R
1533 1436 1547 1469 1
1561 1436 1593 1468 A
1619 1434 1762 1481 Virgine
1781 1435 1848 1471 nati
1859 1459 1871 1476 ‚
1895 1437 2068 1481 productio
2092 1437 2176 1472 Adae

1291 1497 1333 1520 ex
1345 1486 1427 1520 limo
1440 1497 1551 1524 terrae,
1577 1486 1732 1520 formatio
1748 1486 1824 1520 Evae
1834 1498 1875 1521 ex
1896 1487 1984 1522 costa
2011 1487 2134 1524 Adami
2162 1512 2175 1530 ,

1292 1535 1404 1571 &aliae
1417 1534 1448 1569 id
1462 1534 1565 1579 genus
1576 1535 1720 1569 astiones
1738 1535 1998 1578 supernaturales
2019 1537 2055 1572 δε
2077 1538 2177 1571 mira·

1292 1586 1410 1619 culosae
1422 1609 1430 1617 .
1460 1584 1544 1617 Item
1566 1583 1674 1617 multa
1695 1584 1839 1619 actiones
1851 1586 2009 1620 naturales
2021 1587 2107 1622 sunt*
2118 1586 2177 1621 hu·

1292 1632 1454 1678 jusmodi:
1483 1631 1521 1665 E.
1540 1643 1571 1676 g.
1583 1634 1754 1676 generatio
1772 1634 1969 1670 crabronum
1981 1646 2023 1670 ex
2042 1637 2133 1671 afiuo
2157 1660 2170 1677 ‚

1295 1685 1460 1726 vesparum
1472 1693 1512 1716 ex
1534 1693 1643 1726 equo,
1668 1693 1767 1726 apum
1786 1694 1828 1718 ex
1853 1684 1976 1725 vitulo.
2005 1684 2067 1721 διε.
2091 1685 2178 1720 Item

1294 1733 1367 1767 talis
1377 1732 1421 1766 est
1434 1733 1601 1777 generatio
1615 1733 1726 1767 avium
1748 1744 1805 1767 aut
1826 1733 1964 1777 piscium
1984 1744 2025 1769 ex
2044 1733 2174 1770 arboris

1293 1783 1459 1826 cujusdam
1471 1782 1561 1816 foliis
1575 1783 1609 1815 in
1622 1793 1738 1818 terram
1750 1793 1807 1818 aut
1818 1782 1955 1819 fluvium
1965 1783 2104 1828 juvemae
2117 1785 2174 1821 de·

1295 1833 1407 1875 lapsis:
1436 1831 1567 1866 Etenim
1588 1831 1691 1872 folia,
1715 1843 1787 1874 quae
1808 1834 1842 1866 in
1866 1844 1982 1868 terram
2003 1834 2128 1869 cadunt
2151 1858 2165 1875 ‚

1293 1882 1378 1915 fiunt
1390 1880 1544 1915 animalia
1560 1881 1720 1925 volucria;
1750 1894 1788 1917 ea
1799 1882 1877 1916 vero
1890 1907 1900 1923 ,
1927 1880 2044 1927 quae-in
2064 1883 2173 1927 juver-

1295 1941 1345 1964 nae
1356 1930 1480 1965 flumen
1492 1929 1670 1970 decidam,
1696 1932 1781 1964 fiunt
1794 1931 1895 1974 pisces
1904 1933 1939 1967 δε
1949 1932 2104 1967 animalia
2116 1944 2174 1968 na·

1296 1980 1399 2015 tatilia
1411 2005 1420 2014 .
1446 1978 1530 2014 Item
1544 1980 1616 2021 talis
1628 1979 1674 2013 est
1683 1982 1854 2025 generatio
1873 1978 2112 2027 gurgulionum
2129 1994 2176 2018 exv

1296 2031 1427 2072 tritico,
1453 2030 1709 2064 vermiculorum
1720 2041 1762 2064 ex
1776 2030 1930 2073 nucibus,
1958 2043 2001 2067 ex
2017 2032 2176 2068 folliculis

1298 2080 1448 2121 lentisci,
1475 2091 1516 2113 ex
1530 2079 1670 2114 medulla
1694 2080 1805 2115 cardui
1818 2081 1975 2123 follonii,
2001 2082 2040 2117 in·
2059 2083 2178 2118 vericu-

1299 2130 1337 2161 lis
1350 2129 1430 2162 ulmi
1440 2153 1451 2168 ,
1476 2130 1539 2162 &m
1552 2129 1650 2162 Talis
1661 2131 1742 2162 item
1751 2130 1797 2162 est
1809 2132 1980 2173 generatio
1992 2132 2175 2177 avisigno-

1300 2189 1341 2211 τε
1352 2200 1378 2217 ,,
1389 2176 1477 2211 anati
1489 2176 1601 2210 nostro
1614 2186 1682 2210 non
1695 2177 1836 2211 multum
1858 2178 2028 2222 absimilis,
2055 2192 2125 2225 quc
2137 2181 2173 2215 in

1278 2233 1282 2277 1
1296 2226 1492 2261 Britannico
1503 2226 1640 2259 Oceano
1651 2237 1692 2258 ex
1701 2226 1846 2268 partibus
1870 2230 2117 2273 naufragiorum
2127 2241 2175 2265 re-

1278 2280 1282 2337 Ῑ
1297 2274 1409 2318 liquiis'
1419 2273 1538 2315 oritur,
1564 2275 1675 2319 eisque
1685 2273 1842 2316 adhaeret,
1867 2276 1902 2311 &
1913 2279 2000 2320 quasi
2011 2290 2055 2313 ex
2064 2279 2112 2314 eis
2119 2279 2175 2315 ali·

1299 2324 1571 2368 tur&pascitur,
1595 2323 1704 2358 donec
1716 2326 1844 2360 excussa
1870 2327 2041 2372 torpedine
2061 2339 2176 2373 proee-

1279 2346 1283 2412 ἰ
1297 2374 1353 2409 dat
1365 2374 1405 2409 ad
1418 2385 1565 2408 natatum
1576 2374 1608 2408 ὅ(
1622 2385 1776 2409 venatum
1790 2375 1991 2412 marinorum
2015 2377 2151 2423 piscium
2162 2404 2171 2413 .

1279 2414 1283 2451 Ῐ
1298 2427 1380 2460 ltem
1394 2424 1468 2458 talis
1478 2423 1524 2458 est
1547 2425 1716 2469 generatio
1735 2425 1937 2462 avicularum
1956 2437 1996 2463 ez
2006 2428 2121 2464 ostreis
2139 2429 2174 2466 dt

1296 2473 1503 2510 conchilibus
1515 2486 1522 2506 :
1549 2474 1647 2509 allata
1657 2474 1778 2519 quippe
1789 2475 1911 2511 dicitur
1920 2478 2092 2513 Francisco
2103 2478 2174 2514 Pri-

1296 2536 1351 2559 mo
1362 2525 1538 2559 Gallorum
1550 2524 1635 2569 Regi
1644 2524 1772 2560 concha
1785 2525 1931 2568 quaedam
1944 2528 2104 2563 inclusam
2116 2528 2172 2564 ha·

1279 2588 1283 2631 Ι
1297 2576 1374 2609 bens
1383 2574 1541 2608 aviculam
1552 2598 1563 2615 ,
1580 2585 1686 2616 qnam
1698 2574 1733 2608 in
1745 2573 1873 2609 concha
1885 2575 1920 2610 ἀ
1930 2588 1971 2610 ex
1978 2575 2106 2611 coneha
2118 2588 2172 2614 na-

1279 2632 1361 2661 itam
1373 2625 1436 2659 effe
1453 2632 1650 2667 putaverunt
1666 2622 1762 2657 multi
1785 2623 1915 2658 nobiles
1938 2624 2135 2671 Philosophi
2161 2651 2170 2662 .

1296 2677 1446 2714 Omnes,
1473 2673 1611 2716 inquam
1631 2696 1643 2713 ,
1661 2672 1740 2713 -hae,
1764 2672 1902 2716 aliaque
1919 2673 1955 2711 id
1979 2686 2083 2720 genus
2104 2677 2172 2712 five

1297 2724 1457 2759 naturales
1469 2723 1532 2756 five
1544 2722 1796 2766 supernaturales
1815 2724 1956 2760 actiones
1978 2727 2055 2761 sunt
2074 2726 2174 2763 aetio·

1297 2786 1353 2810 nes
1372 2773 1560 2818 irregulares
1578 2773 1611 2810 δε
1633 2772 1838 2817 hetroclytae:
1876 2775 1968 2822 Qia
1991 2787 2059 2813 non
2085 2776 2172 2812 fiunt

1297 2837 1352 2870 per
1367 2823 1566 2859 ordinariam
1578 2822 1747 2858 ordinaria:
1756 2822 1965 2859 caussalitatis
1974 2826 2007 2860 ’δι
2019 2837 2174 2872 propaga·

1297 2876 1399 2910 tionis
1411 2875 1496 2920 viam
1507 2885 1523 2914 ,ν
1550 2885 1622 2908 non·
1640 2874 1731 2907 enim
1749 2873 1834 2907 fiunt
1856 2886 1910 2918 per
1921 2875 2008 2910 viam
2029 2876 2172 2911 semina-

1297 2927 1360 2961 lem
1374 2948 1384 2966 ,
1410 2935 1480 2969 quae
1493 2922 1538 2957 est
1560 2922 1725 2958 ordinaria
1745 2919 2173 2971 viventiumvgenerationis

1297 2977 1431 3013 semita.

1347 3038 1379 3074 7.
1406 3027 1518 3071 Itaque
1528 3023 1612 3059 astio
1621 3023 1787 3068 aequivoca
1797 3023 1841 3057 est
1851 3024 1936 3060 astio
1948 3026 2075 3060 versans
2088 3025 2173 3060 inter

1297 3076 1448 3113 formalia
1467 3075 1599 3111 diversae
1609 3075 1724 3118 speciei
1746 3082 1907 3118 extrema;
1933 3076 2018 3109 actio
2029 3073 2105 3109 vero
2116 3074 2174 3110 he·

1296 3127 1440 3170 troclyta
1449 3126 1495 3160 est
1507 3126 1592 3159 aelio
1602 3149 1613 3166 ,
1639 3135 1708 3168 quas
1720 3134 1788 3158 non
1799 3124 1837 3157 fit
1857 3123 2019 3158 ordinaria
2038 3123 2174 3160 ordina-

1296 3179 1351 3213 riae
1370 3175 1578 3212 cauffalitatis
1602 3174 1672 3209 via:
1700 3173 1805 3217 Atqui
1829 3172 1914 3208 actio
1940 3174 2065 3209 versans
2086 3174 2173 3210 inter

1297 3227 1448 3264 formalia
1471 3225 1602 3261 diversae
1627 3224 1744 3268 speciei
1765 3231 1908 3257 extrema
1929 3223 2108 3268 aliquando
2120 3225 2172 3266 fit,

1297 3277 1476 3321 aliquando
1498 3287 1582 3313 nou.-
1605 3275 1644 3308 fit
1663 3272 1827 3309 ordinaria
1850 3275 2062 3313 cauffalitatis
2080 3273 2133 3309 via
2154 3286 2166 3317 ;

1299 3329 1377 3362 item
1397 3329 1505 3366 astio,
1531 3336 1600 3370 quae
1620 3324 1657 3358 fit
1687 3321 1940 3366 extraordinaria
1967 3323 2174 3359 caussalitatis

1301 3379 1352 3413 via
1364 3402 1375 3419 ,
1400 3375 1580 3421 aliquando
1596 3374 1733 3409 versatur
1745 3395 1757 3412 ,
1782 3373 1961 3416 aliquando
1981 3385 2050 3408 non
2064 3373 2174 3409 versa-

1301 3428 1449 3463 turiuter
1469 3425 1621 3462 formalia
1642 3423 1771 3459 diversae
1788 3422 1906 3466 speciei
1923 3431 2089 3458 extrema:
2117 3422 2173 3457 Er-

1300 3477 1346 3526 go
1364 3478 1450 3514 astio
1480 3476 1645 3521 aequivoca
1662 3471 1861 3517 quandoque
1881 3472 1951 3516 est,
1975 3471 2175 3517 quandoque

2056 3533 2129 3560 non
