2384 3770
395 140 488 187 342
991 122 1035 168 C
1091 135 1132 166 Λ
1201 133 1224 166 12

368 211 475 243 caussa
486 232 497 247 ,
523 204 679 240 deberent
695 205 870 250 sempervin
880 217 949 241 ovo
958 206 1096 249 produci
1108 217 1231 251 organa

367 258 469 297 talia,
496 257 604 298 qualia
626 257 697 290 sunt
712 257 1037 301 gallinzincubantis
1062 258 1095 291 r&
1109 268 1230 301 organa

369 308 427 341 ista
441 306 664 350 principaliter
676 307 862 342 cauffautis:
881 307 1013 341 Etenim
1023 309 1133 344 omnis
1145 309 1229 341 caus-

367 357 398 391 sa
411 356 595 400 principalis
608 357 751 400 intendit
763 357 820 390 sibi
842 357 1011 391 affimilare
1026 358 1149 400 passum
1162 382 1172 398 ,
1197 357 1229 390 &

368 407 492 450 passum
513 406 834 447 informarevtalibus
857 408 990 445 formis,
1017 407 1168 449 qualibus
1184 407 1229 440 in·

363 458 504 496 formata
514 457 560 491 est
574 458 653 500 ipsa.
676 457 783 500 Atqui
796 457 829 490 id
847 466 1050 499 nequaquam
1066 457 1102 490 sit
1116 469 1123 489 :
1138 458 1227 492 Nam

361 518 486 551 organa
497 507 552 542 ovi
565 519 640 541 non.
653 506 863 540 affimilantur
884 505 1017 549 organis
1040 506 1229 551 gallinzin-

360 558 537 600 cubantis,
554 557 616 591 ‚sed
635 557 766 601 gallinn
785 565 884 590 ovum
907 556 1059 602 parientis
1074 580 1087 597 ,
1114 557 1227 600 illique

361 609 511 642 animam.
528 606 744 650 imprimentis
774 628 782 636 .
816 605 938 639 Eadem
961 605 1081 650 quippe
1105 608 1226 651 gallina

362 669 428 692 uno
451 680 461 696 ‚
486 658 666 698 eodemque
688 654 844 689 incubatu
869 668 910 690 ex
934 667 1003 691 uno
1020 668 1087 691 ovo
1114 657 1227 690 excluv

358 707 409 742 dit
439 708 598 750 gallinam
630 704 690 739 sibi
711 706 848 740 similem
872 730 883 747 ,
909 717 951 740 ert
972 705 1040 740 alio
1059 707 1225 747 anserem,

358 769 400 790 ex
422 757 487 791 alio
514 755 702 796 ciconiam,
725 767 767 790 ex
789 755 855 789 alio
875 755 1036 802 perdicem
1058 781 1068 798 ,
1094 769 1135 790 ex
1158 757 1225 790 alio

357 805 490 843 turdum
512 831 523 846 ‚
560 817 603 839 ex
631 805 697 840 alio
722 808 872 849 passerem
895 831 906 847 ,
932 806 994 840 ἀς.
1021 805 1116 852 Ergo
1134 807 1224 852 galli-

356 867 399 891 na
434 855 592 896 incubans
610 866 832 901 nequaquam
862 857 908 890 est
944 855 1059 891 harum
1095 869 1223 902 organi-

354 906 524 941 zationum
545 904 734 949 principalis
760 907 866 941 caussa
886 932 894 941 .
922 906 1109 953 Qomodo
1133 908 1223 942 enim

353 956 464 990 cadem
504 957 608 998 specie
638 956 706 990 avis
733 968 803 991 uno
824 980 836 998 ‚
875 957 1057 1000 eodemque
1093 956 1223 992 incuba-

352 1016 388 1042 tu
401 1005 598 1048 produceret.
617 1016 683 1040 tam
703 1006 872 1048 diversas,
898 1017 1032 1052 tamque
1057 1007 1223 1054 dissimiles

348 1055 617 1100 organizationes
635 1057 648 1090 ἒ
677 1057 756 1090 Hoc
777 1055 850 1091 vere
871 1058 916 1092 est
935 1059 1203 1101 inconceptibile
1216 1082 1224 1090 .

350 1105 484 1143 Gallina
508 1106 548 1141 ad
574 1107 736 1141 summum
759 1107 936 1151 producere
962 1108 1065 1153 posset
1091 1119 1216 1153 organa

347 1157 551 1200 gallinacea,·
578 1155 702 1191 atvero
726 1159 906 1201 passerina,
933 1159 1079 1192 anserina
1095 1183 1106 1199 ‚
1132 1158 1217 1192 cico-

347 1208 477 1242 niarum
495 1232 505 1247 ,
525 1207 717 1248 turdorum,
742 1207 929 1251 perdicum,
949 1219 1016 1242 non
1032 1209 1135 1252 potest
1150 1209 1219 1243 ullo

346 1258 450 1291 modo
472 1282 479 1290 .
507 1256 642 1302 Singula
666 1257 724 1292 ista
747 1269 868 1303 organa
900 1262 1068 1303 requirunt
1094 1258 1216 1293 diversa

346 1317 625 1350 temperamenta,
651 1307 776 1345 diversa
802 1307 970 1349 membra,
994 1308 1155 1343 diversam
1183 1310 1216 1343 fi-

344 1367 494 1401 guram‚.
510 1358 674 1392 diversum
700 1358 875 1398 ordinem,
902 1358 1042 1393 diversas
1064 1370 1104 1393 ac
1126 1370 1214 1403 repu-

343 1417 482 1450 gnantes
495 1408 691 1452 qualitates,
720 1410 769 1442 uti
783 1409 999 1444 consideranti
1016 1408 1110 1444 facile
1135 1419 1217 1454 pate-

344 1457 413 1495 bit;
440 1456 625 1504 Qomodd
645 1456 724 1503 ergo
736 1458 802 1493 haec
821 1460 935 1494 omnia
953 1460 1022 1493 fieri
1048 1460 1166 1504 poffint
1178 1459 1218 1494 ab

345 1518 433 1548 una,
459 1508 639 1551 eademque
653 1509 782 1543 caussa?
811 1509 867 1544 Est
880 1508 1211 1553 certeinconceptibi-

343 1557 392 1592 le.
422 1558 489 1593 Dic
511 1559 590 1602 ergo
613 1559 754 1602 singulas
775 1560 978 1602 singulorum
990 1571 1129 1594 ovorum
1141 1559 1215 1594 ani·

344 1618 413 1641 mas
435 1630 446 1647 ‚
472 1617 636 1650 quamque
656 1617 715 1650 pro
737 1607 791 1641 sua
803 1609 959 1648 qualitate
976 1609 1216 1643 &conditione

343 1658 434 1692 suam
447 1657 572 1690 efficere
583 1656 868 1699 organizationern
881 1681 891 1697 ,
916 1658 949 1690 δε
960 1668 1075 1691 omnes
1086 1658 1144 1691 has
1153 1655 1215 1690 dif-

343 1706 503 1740 ficultates
513 1705 671 1744 evaseris,
700 1705 735 1740 <Sc
749 1717 905 1741 veramne
926 1706 1106 1751 genuinam
1126 1716 1215 1750 orga-

342 1756 522 1791 niz-tionis
543 1755 684 1790 caussam
706 1755 771 1789 fine
793 1756 897 1791 dubio
918 1757 1098 1791 inveneris.
1127 1756 1215 1790 Nam

343 1806 549 1853 organizatio
563 1817 631 1840 non
646 1804 750 1848 potest
764 1807 935 1849 provenire
956 1806 998 1840 de
1010 1807 1090 1841 foris
1100 1806 1118 1843 ὲ
1131 1807 1213 1840 caus

344 1859 378 1891 sa
400 1856 509 1899 aliqua
534 1855 647 1890 semini
661 1855 1084 1892 conformatoextrinseca.
1114 1855 1215 1900 quue

343 1907 416 1952 jure
429 1905 654 1941 meritissimo:
681 1904 771 1939 Nam
784 1906 993 1951 organizatio
1013 1916 1081 1940 ιιοιι
1098 1905 1144 1940 est
1160 1917 1214 1939 nu·

345 1958 388 1992 da
402 1956 532 1992 seminis
552 1956 731 2000 figuratim·
759 1956 813 1991 sed
834 1955 879 1991 est
900 1956 1029 1999 insuper
1051 1955 1191 1991 nutritio
1205 1978 1215 1995 ,

346 2006 600 2052 augmentatio,
628 2004 822 2047 offificatio,
848 2006 1075 2046 carnificum,
1103 2004 1217 2049 plumi-

347 2058 460 2093 ficatio
473 2081 483 2096 ‚
510 2057 571 2094 &a
585 2056 673 2091 Uno
685 2055 783 2091 verbo
792 2081 803 2096 ,
831 2056 875 2090 est
889 2066 1103 2101 aggregatum
1116 2054 1215 2099 quod·

348 2107 424 2142 dam
437 2108 680 2141 innumerarum
693 2118 731 2140 ac
745 2106 810 2140 fere
823 2106 1026 2140 infinitarum
1048 2105 1215 2140 actionum

349 2158 520 2191 vitalium.
553 2155 660 2197 Atqui
683 2155 824 2187 nutritio
849 2153 1055 2193 &accreti0,
1082 2152 1217 2196 aliaeque

351 2207 386 2242 id
399 2204 502 2251 genus
513 2204 625 2239 vitales
636 2202 778 2238 actiones
790 2213 857 2235 non
872 2203 1003 2244 possunt
1015 2177 1166 2235 advenire
1177 2201 1218 2235 de

352 2253 576 2291 forisacauffa
587 2253 697 2308 aliqua
717 2251 918 2290 extrinseca,
943 2250 1047 2293 qualis
1067 2250 1112 2283 est
1125 2250 1219 2294 galli·

353 2317 402 2340 nae
417 2301 603 2341 incubantis
614 2302 747 2335 anima.-
774 2300 1015 2336 Utianemine
1041 2299 1145 2343 potest
1167 2311 1219 2334 ne·

352 2354 442 2400 gari.
471 2350 559 2397 Ergo
570 2362 673 2396 neque
696 2350 741 2385 ita
754 2350 906 2384 advenire
928 2352 1031 2395 potest
1055 2349 1222 2394 organiza-

353 2405 404 2438 tio
430 2404 462 2438 &
482 2402 709 2442 ‚conformatio
729 2411 870 2434 ovorum
892 2413 899 2432 ε
939 2400 1029 2446 Ergo
1054 2400 1222 2443 provenire

355 2454 453 2489 debet
464 2452 505 2488 ab
515 2451 626 2495 aliqua
639 2452 743 2485 caussa
755 2451 880 2485 interna
890 2450 1111 2484 &intrinseca
1122 2474 1129 2481 .
1142 2451 1223 2488 Haec

355 2515 465 2539 autern
483 2513 550 2539 non
561 2505 606 2538 est
619 2503 702 2540 alia,
719 2506 816 2545 quam
827 2501 1007 2539 informans
1018 2500 1053 2539 (Sc
1064 2499 1223 2535 iuhaerens

357 2567 425 2593 ovo
442 2554 573 2591 anima.

415 2616 467 2641 12.
490 2607 535 2637 Et
546 2601 756 2644 confirmantur
767 2600 830 2635 baec
843 2605 961 2634 omnia·
988 2600 1079 2647 Qia
1100 2600 1222 2645 sigalli·

357 2667 402 2690 na
427 2652 586 2687 incubans
609 2653 693 2686 foret
715 2652 820 2688 caussa
847 2651 1069 2694 principaliter
1093 2651 1223 2695 organi-

362 2704 461 2744 zatio,
474 2713 680 2746 nequaquam
694 2702 756 2737 esse
769 2702 870 2746 posset
881 2702 966 2736 aetio
976 2701 1134 2739 continua
1143 2725 1154 2741 ‚
1170 2699 1221 2734 sed

359 2756 445 2790 foret
464 2763 562 2798 quam
586 2752 749 2796 saepiffime
770 2753 947 2795 interrupta
972 2765 983 2784 .·
1009 2749 1224 2794 Consequens

358 2804 531 2839 absurdum
555 2802 600 2837 est
625 2816 632 2838 2
661 2802 751 2846 Ergo
772 2803 805 2835 δε
825 2802 1020 2837 antecedens
1040 2823 1047 2832 -
1075 2801 1226 2837 Probatur

356 2855 477 2900 sequela
489 2854 634 2894 majoris:
662 2853 753 2900 Qia
765 2850 979 2896 gallinanon
1001 2852 1225 2894 scmperincn·

360 2904 451 2939 batui
471 2914 585 2946 vacat3
614 2902 668 2938 sed
690 2902 868 2945 aliquando
890 2904 990 2936 etiarn
1017 2903 1075 2935 suo
1097 2900 1221 2945 pastui,

359 2954 539 2996 aliquando
562 2951 686 2988 volatui
706 2977 716 2992 ,
744 2951 922 2995 aliquando
944 2949 1100 2987 discursui
1119 2963 1126 2983 :
1158 2950 1224 2985 Uti

359 3015 479 3042 notum
498 3003 543 3038 est
569 3014 611 3037 ex
634 3002 827 3046 quotidiana
848 3001 1046 3045 experientia
1064 3024 1072 3032 .
1097 3001 1190 3044 Ergo
1203 3001 1223 3033 fi

360 3054 484 3101 gallina
502 3053 660 3088 incubans
682 3054 769 3088 foret
777 3052 882 3088 caussa
896 3051 1114 3095 principaliter
1135 3061 1223 3096 orga-

360 3107 476 3140 nizans
486 3128 497 3144 ,
508 3104 716 3147 organizatio
729 3113 937 3146 nequaquam
949 3103 1033 3137 foret
1046 3101 1132 3136 astio
1143 3112 1220 3135 con·
1232 3114 1235 3117 ·

359 3156 475 3195 tinua‚
505 3155 558 3187 sed
582 3163 680 3197 quam
705 3151 867 3196 saepissime
889 3152 1087 3195 interrupta:
1117 3151 1227 3185 Nimi-

361 3215 431 3239 rum
450 3203 570 3243 toties,
597 3204 726 3247 quoties
747 3203 871 3248 gallina
891 3203 933 3239 ab,
955 3201 1111 3238 incubatu,
1125 3202 1226 3246 surge-

360 3263 430 3294 ret,
456 3255 487 3289 δι’
510 3253 550 3290 ad
579 3253 704 3297 pastum
727 3279 738 3295 ,
767 3253 913 3287 volatum
935 3276 946 3292 ,
972 3262 1028 3286 aut
1054 3251 1227 3296 spatiatum

361 3304 505 3337 tenderet
519 3328 526 3339 ,
555 3305 646 3337 Patet
659 3303 723 3337 baec
737 3301 961 3346 consequentia:
988 3302 1077 3347 Qja
1089 3303 1228 3335 cessante

361 3352 491 3387 influxu
513 3356 625 3388 cauffae
648 3351 857 3397 principalis,
882 3352 983 3387 etiam
1004 3353 1122 3387 cessare
1133 3352 1229 3387 debet

362 3401 492 3438 effeetus
505 3412 514 3440 ·,
526 3403 574 3435 uti
588 3403 631 3435 est
643 3403 887 3440 indubitatum:
913 3402 1030 3438 Caussa
1043 3402 1132 3436 enim
1146 3402 1228 3446 prin·

361 3451 475 3498 cipalis
488 3450 534 3487 est
550 3451 692 3495 primum
703 3465 859 3494 movens,
877 3464 896 3488 a
910 3463 976 3498 quo
987 3452 1101 3492 omnia
1113 3453 1238 3490 instru-

1263 131 1336 166 ὐΔ
1389 132 1459 164 ι“’.’
1520 120 1579 166 Χ.

1291 214 1426 245 menta,
1451 204 1579 247 aliaque
1598 202 1711 239 omnia
1730 206 1861 250 agentia
1881 206 2111 245 mbordinata
2103 221 2150 244 rn-

1290 255 1454 296 citantur,
1480 254 1692 299 impelluntur
1719 278 1731 295 ,
1757 255 1969 300 diriguntur
1962 279 1974 298 ,
1997 260 2151 304 adjuvan

1291 314 1367 337 tur:
1394 302 1547 339 Cessante
1566 316 1675 339 autem
1688 315 1748 346 eo,
1777 307 1867 350 quod
1887 308 1996 351 prime
2015 321 2146 352 movet,

1291 354 1412 388 cessant
1433 355 1590 390 &cenare
1599 354 1719 390 debent
1731 355 1843 393 omnia
1856 380 1867 397 ,
1893 368 1962 401 quae
1972 369 2149 395 moventur

1291 403 1422 437 abillo.
1452 404 1557 448 Atqui
1568 405 1648 440 dum
1661 405 1782 450 gallina
1801 406 2009 442 abincubatu
2023 408 2145 453 surgit,

1292 464 1372 488 tunc
1387 455 1486 488 etiam
1508 457 1601 488 suum
1624 455 1788 490 influxum
1811 457 1995 500 suspendit:
2024 457 2149 503 Ergdss

1291 503 1414 548 gallina
1426 503 1584 540 incubans
1594 505 1678 539 foret
1701 507 1921 550 principaliter
1931 510 2128 552 organizans
2138 531 2151 549 ,

1291 553 1387 588 toties
1398 555 1603 598 organizatio
1617 555 1904 599 interpolationem
1918 557 2037 592 subiret
2048 583 2060 599 ‚
2071 570 2151 602 quo·

1291 604 1351 637 ties
1372 605 1496 649 gallina
1508 604 1549 639 ab
1562 605 1718 639 incubatu
1733 605 1910 649 spaciatum
1929 608 2052 642 abiret.
2076 612 2151 642 Pro-

1290 653 1379 687 batur
1395 661 1509 688 mmor:
1537 655 1627 703 Qia
1638 656 1743 689 caussa
1762 657 1860 690 toties
1883 659 2045 692 iufluxum
2057 661 2149 693 suum

1290 704 1454 747 suspendit
1479 706 1512 739 ὅ(
1530 704 1724 749 interpolat,
1751 707 1882 750 quoties
1903 708 1921 742 a
1943 710 2031 751 passo
2044 711 2101 744 suo
2120 710 2152 743 se

1290 755 1395 790 aufert
1418 756 1450 790 &
1462 754 1607 790 absentat
1617 765 1633 787 ε·
1654 756 1774 800 Neque
1785 757 1873 790 enim
1886 756 1919 790 in
1930 756 2051 793 distans
2064 783 2075 799 ,
2095 759 2151 793 ab·

1290 805 1361 838 sens
1379 831 1391 847 ,
1417 806 1452 840 δι
1473 815 1634 840 remotum
1654 806 1791 843 influere
1810 807 1843 841 δι
1864 819 1958 853 agere
1979 809 2064 852 potis
2086 808 2148 843 est.

1291 855 1380 899 Ergo
1406 857 1535 898 quoties
1554 855 1678 901 gallina
1695 857 1869 901 spatiatum
1893 858 1994 904 surgit
2012 883 2024 901 ,
2050 859 2151 893 toties

1287 904 1328 939 ab
1338 915 1405 939 ovo
1418 909 1509 941 suurn
1519 906 1687 941 influxum
1710 907 1884 951 interpolat
1913 909 2126 952 &suspendit
2140 934 2149 942 .

1288 957 1426 990 Deinde:
1453 958 1528 991 Ova
1538 953 1620 1000 saepc
1635 969 1701 991 non
1713 958 1933 993 excluduntur
1952 959 2152 1002 perincuba·

1287 1015 1357 1040 tum
1369 1006 1512 1049 ejusdem
1523 1008 1591 1041 avis
1604 1031 1615 1048 ,
1641 1007 1696 1041 sed
1709 1019 1764 1050 per
1773 1019 1847 1042 aves
1868 1009 1963 1052 plane
1983 1008 2151 1043 dissimiles

1287 1067 1324 1090 ac
1347 1055 1486 1092 diversas
1509 1069 1520 1091 .·
1547 1057 1675 1094 Diversi
1701 1060 1948 1100 temperamenti
1970 1081 1985 1103 ,
2019 1060 2150 1094 diversas

1288 1107 1403 1149 speciei
1423 1132 1435 1148 ,
1460 1108 1659 1142 diversarum
1694 1108 1889 1151 qualitatum
1907 1133 1919 1150 ,
1946 1108 2148 1144 diversorum

1286 1156 1509 1192 membrorum
1529 1157 1797 1203 &organorum,
1823 1159 1886 1193 &m
1904 1159 2091 1206 Qiomodti
2103 1170 2149 1193 er-

1285 1207 1331 1251 go
1354 1207 1403 1246 hae
1422 1232 1432 1248 ,
1458 1207 1481 1240 fi
1510 1207 1619 1243 forent
1646 1208 1840 1252 principales
1864 1209 2152 1248 conformatum,

1285 1267 1353 1291 non
1381 1258 1524 1293 facerent
1546 1257 1698 1293 difforme
1716 1259 1898 1293 monstrum
1920 1261 1933 1293 ?
1965 1258 2149 1305 Qornodti

1284 1308 1422 1343 eandem
1444 1308 1744 1343 conformationem
1768 1309 1829 1343 suae
1848 1309 1944 1354 plane
1963 1309 2150 1343 diffimilem

1284 1368 1322 1391 ac
1334 1358 1567 1393 diffentaneam
1591 1360 1716 1403 possent
1738 1361 1932 1394 continuare
1952 1371 1989 1394 ae
2000 1361 2151 1394 consum·

1285 1409 1396 1442 mare?
1411 1409 1458 1442 ·ld
1473 1410 1546 1444 sane
1555 1420 1619 1454 ego
1627 1421 1696 1444 non
1709 1410 1824 1453 capio.
1837 1409 1956 1445 Valeat
1965 1409 2045 1455 ergo
2057 1409 2150 1444 incu-

1285 1456 1364 1493 bans
1380 1458 1526 1503 gallina,
1551 1459 1584 1494 δε
1600 1460 1686 1493 vivat
1697 1459 1754 1493 ovi
1767 1460 1900 1494 anima
1930 1484 1939 1488 „

1335 1518 1389 1555 13
1413 1508 1541 1542 Dicunt
1551 1510 1750 1552 Marpurgen
1756 1510 1801 1543 ses
1811 1509 2094 1554 organizationem
2108 1494 2151 1543 es2

1284 1558 1317 1595 se
1325 1558 1468 1611 omnino
1479 1559 1673 1591 continuam
1682 1582 1693 1598 ,
1721 1568 1827 1602 neque
1839 1570 1983 1603 unquam
1999 1561 2150 1602 interpo-

1283 1609 1381 1641 latam
1393 1614 1448 1640 aut
1459 1607 1673 1649 interruptam
1685 1630 1692 1638 .
1705 1605 1795 1640 Nam
1807 1607 1883 1642 licet
1894 1608 2016 1653 gallina
2029 1609 2153 1653 spacia·

1284 1665 1353 1690 turn
1364 1655 1460 1689 vadat
1473 1679 1484 1696 ,
1510 1667 1579 1690 non
1592 1654 1669 1690 ideo
1686 1666 1796 1690 tamen
1817 1655 2006 1692 inchoatam
2019 1657 2151 1702 organi·

1281 1705 1656 1763 zationeminterpolat:
1683 1705 1778 1740 Illam
1801 1708 1891 1741 enim
1913 1709 2039 1752 potest
2038 1709 2146 1743 conti·

1282 1767 1381 1790 nuare
1392 1767 1458 1789 non
1473 1757 1583 1791 minus
1603 1756 1740 1796 absens,
1767 1768 1864 1800 quam
1890 1759 2044 1801 praesens·
2072 1757 2147 1793 Ιιιιὸ

1282 1804 1385 1849 potest
1406 1805 1520 1840 absens
1535 1818 1603 1840 non
1617 1816 1747 1840 tantum
1769 1807 1880 1841 illam
1870 1819 1936 1850 jam
1957 1807 2168 1857 inchoatam),

1281 1855 1495 1896 continuare,
1521 1856 1573 1890 sed
1595 1856 1695 1890 etiam
1720 1855 1873 1890 inchoare
1894 1857 1930 1890 δε
1950 1858 2154 1892 consumma·

1282 1916 1333 1939 re.
1358 1905 1452 1942 Licet
1470 1905 1560 1939 enim
1581 1906 1621 1939 fit
1641 1905 1838 1949 quandoque
1861 1906 1977 1941 absens
1990 1918 2153 1950 corpore,

1283 1965 1451 1998 nunquam
1464 1965 1574 1989 tamen
1597 1954 1643 1989 est
1655 1954 1767 1989 absens
1788 1956 1934 2000 efficacia
1957 1957 1991 1990 δε
2010 1956 2153 1997 virtuter

1284 2005 1457 2049 Relinquit
1474 2005 1595 2050 quippe
1606 2004 1677 2049 post
1699 2005 1729 2038 se
1742 2005 1911 2041 vivificum
1936 2004 1972 2040 in
1986 2017 2052 2041 ovo
2066 2006 2157 2050 spiri-

1283 2066 1353 2090 tum
1364 2080 1374 2096 ‚
1403 2057 1464 2090 suae
1475 2055 1601 2094 virtutis
1611 2067 1649 2089 ac
1660 2055 1810 2092 efficaciae
1819 2056 1976 2091 vicarium
1988 2079 2001 2095 ,
2022 2057 2154 2100 suaque

1282 2105 1417 2139 actionis
1436 2106 1470 2139 in
1493 2117 1556 2140 ova
1576 2105 1814 2141 derivativum.
1843 2106 1968 2141 Verum
1990 2106 2153 2150 gallinam

1285 2153 1380 2186 nobis
1404 2153 1588 2196 elegantem
1622 2153 1655 2186 ἀ
1676 2154 1842 2187 efficacem
1875 2165 2005 2188 narrant
2026 2170 2037 2189 .-
2064 2156 2150 2190 Alia

1283 2203 1396 2237 caussae
1408 2214 1476 2236 non
1487 2203 1593 2236 solent
1604 2225 1616 2241 ,
1637 2211 1750 2246 neque
1765 2203 1874 2236 valent
1884 2205 2027 2238 caussato
2036 2204 2150 2240 absen-

1283 2261 1352 2291 tes,
1377 2249 1549 2293 quomodo
1563 2250 1597 2285 id
1609 2249 1691 2293 ergo
1712 2251 1840 2285 valeant
1857 2251 2012 2296 ganinaez?
2034 2253 2152 2289 Proser-

1284 2299 1336 2338 a&
1351 2299 1384 2333 id
1397 2311 1464 2335 non
1477 2301 1607 2345 possunt
1619 2324 1627 2333 .
1652 2303 1745 2337 Rati·
1756 2299 1794 2340 est
1808 2313 1816 2333 ι
1845 2302 1938 2349 Quia
1948 2302 2054 2337 caussa
2066 2303 2153 2347 prim

1283 2350 1396 2394 cipalis
1407 2350 1503 2384 debet
1514 2349 1586 2385 vere
1598 2361 1714 2395 agere,
1735 2351 1949 2411 effectumque
1961 2353 2079 2395 illum,
2097 2364 2153 2389 cuv

1282 2401 1332 2444 jus
1342 2397 1391 2434 est
1400 2401 1506 2435 caussa
1528 2400 1700 2458 pincipalis
1723 2412 1796 2435 vere
1806 2402 2002 2446 principiare
2019 2403 2152 2438 &caus-

1285 2452 1370 2485 sarez
1398 2450 1478 2486 Vox
1489 2452 1608 2495 quippe
1614 2452 1796 2494 principans
1808 2462 1923 2487 vocem
1935 2454 2036 2496 cauffo
2046 2465 2151 2498 neque

1283 2501 1456 2541 diminuit,
1482 2512 1588 2545 neque
1599 2502 1747 2543 alienat,
1773 2502 1826 2536 sed
1840 2504 2027 2547 restringit,
2053 2504 2150 2547 speci-

1281 2552 1369 2592 ficat,
1382 2551 1518 2591 attollit,
1526 2550 1750 2586 aenobilitar.
1764 2550 1870 2594 Atqui
1878 2552 2009 2596 galline
2018 2552 2147 2595 absens,

1282 2612 1337 2636 aut
1355 2603 1454 2636 etiam
1476 2611 1629 2650 mortua,
1654 2610 1723 2634 non
1736 2600 1841 2643 potest
1850 2601 1906 2635 ovi
1929 2601 1947 2634 a
1960 2602 1990 2635 se
2001 2601 2142 2637 absentis

1282 2652 1442 2686 &remoti
1464 2649 1749 2706 organizatiounem
1772 2649 1844 2683 vere
1856 2661 1972 2695 agere,
1997 2660 2054 2685 aut
2064 2651 2150 2695 prin-

1283 2703 1431 2745 cipiam:
1461 2700 1551 2745 Ergo
1580 2699 1693 2744 nequit
1713 2698 1805 2734 istius
1829 2701 2090 2757 organizat'ionis
2106 2703 2150 2737 es·

1284 2753 1312 2785 se
1339 2762 1413 2786 vera
1437 2752 1567 2785 caussa.
1596 2749 1676 2785 Arsi
1692 2758 1759 2785 non
1777 2751 1882 2785 caussa
1897 2760 1990 2791 vera,
2011 2762 2149 2795 quomo·

1284 2801 1329 2836 do
1340 2801 1537 2845 principalis
1549 2801 1583 2836 &
1597 2800 1748 2844 primaria
1759 2800 1777 2833 ἒ
1803 2799 1885 2834 Vox
1895 2800 2057 2835 videritis.
2071 2803 2150 2835 Pro-v

1284 2852 1372 2886 batur
1382 2857 1498 2884 minor:
1525 2851 1618 2898 Qia
1628 2850 1792 2884 actionem
1804 2851 2082 2886 conformativam
2094 2861 2149 2886 ve

1284 2902 1417 2947 reagere
1431 2903 1466 2937 δε
1475 2903 1636 2941 caussare,
1649 2900 1696 2934 est
1710 2899 1826 2934 illam
1811 2911 1829 2933 e
1842 2901 1897 2934 sua
1910 2900 2046 2935 entitate
2056 2902 2149 2937 emit

1285 2964 1374 2993 tere,
1400 2961 1539 2995 eamque
1551 2950 1569 2985 ὲ
1581 2951 1634 2984 sua
1645 2949 1782 2984 entitate
1792 2960 1967 2986 exeuntem
1987 2951 2020 2985 δε
2031 2951 2150 2996 deperio

1285 3002 1417 3037 dentem
1438 3001 1579 3037 habere.-
1609 3001 1714 3044 Atqui
1736 2999 1819 3034 aetio
1834 3001 2073 3036 conformativa
2093 3011 2148 3035 ne-

1285 3062 1448 3097 quaquam
1461 3052 1552 3092 exit,
1578 3062 1687 3094 neque
1703 3051 1792 3087 exite
1813 3050 1936 3093 potest,
1965 3061 2046 3085 non·
2057 3061 2146 3095 egre·

1286 3104 1399 3142 ditur,
1426 3112 1493 3136 non
1505 3100 1667 3145 dependet
1678 3099 1719 3134 ab
1731 3100 1839 3135 anima
1862 3099 1995 3145 gallinae
2011 3109 2149 3135 mortun

1285 3163 1341 3187 aut
1360 3152 1527 3187 absentis.
1551 3152 1623 3199 Qi
1641 3151 1731 3186 enim
1755 3148 1835 3183 asilo
1854 3150 1938 3184 faeta
1960 3150 2148 3190 &exercita

1288 3203 1361 3237 hic'
1354 3214 1385 3235 ιιι
1403 3201 1521 3246 Belgio
1531 3211 1625 3236 exeat
1637 3224 1648 3241 ,
1666 3200 1870 3245 egrediatur,
1895 3208 1953 3233 aut
1964 3198 2148 3243 dependeat

1287 3252 1438 3297 agallina
1451 3252 1609 3287 existente
1633 3249 1774 3285 alicubi'
1764 3259 1798 3283 in
1811 3248 1889 3283 orbe
1909 3259 1998 3285 novo
2011 3250 2030 3282 ἓ
2054 3250 2147 3296 Ergo

1289 3303 1398 3338 anima
1423 3302 1554 3347 gallinae
1565 3301 1704 3335 absentis
1713 3307 1915 3342 nequaquam
1926 3297 1998 3334 vere
2009 3300 2079 3344 agit
2089 3308 2147 3335 aut

1290 3353 1410 3387 cauffat
1420 3352 1476 3386 ovi
1488 3351 1789 3396 organizationem.

1344 3412 1396 3449 14.
1425 3402 1549 3436 Audite
1570 3401 1651 3445 quid
1678 3399 1756 3434 huic
1775 3408 1972 3444 argumento
1989 3408 2149 3441 reponant

1290 3452 1550 3498 Marpurgenses:
1567 3450 1655 3495 Resp.
1667 3454 1762 3484 minor
1774 3455 1807 3484 in
1819 3445 2084 3531 bochllogismziad
2096 3451 2150 3486 14-

2052 3509 2101 3534 um
