2384 3770
148 1783 280 1821 Concil.

146 1835 243 1872 Mile.
253 1847 281 1872 c.

148 1983 256 2026 Epist.

739 115 1080 161 Sanc-rr

323 198 473 238 Romani
488 195 649 242 Episcopi
660 195 845 237 Primatum
857 196 1056 239 impugnant
1069 207 1081 228 .-
1109 194 1216 228 Omni

324 254 415 286 enim
430 248 600 284 Eccleiiast
610 250 666 283 icae
681 248 890 288 antiquitatis
903 244 1009 289 periio
1019 245 1144 279 clarum
1158 244 1216 287 est;

323 313 489 338 canonem
513 299 614 333 istum
625 299 797 333 extensum
809 307 981 343 nunquam
1004 295 1097 334 fuiffe
1119 296 1218 336 usque

322 352 364 387 ad
380 352 576 386 Romanurn
594 349 797 392 Episcopum
808 369 820 386 2
831 346 872 380 ad
887 357 985 389 quern
996 346 1037 381 ab
1049 344 1141 383 Afris
1153 345 1216 379 fuit

321 403 446 444 semper
470 399 669 444 appellatum
693 422 701 430 .
732 397 843 431 Etiam
866 396 1019 430 adversus
1040 396 1218 429 sententias

322 451 482 495 Episcopi
496 446 784 492 carthaginensis.
813 446 858 480 Et
875 447 950 480 sane
973 447 1089 481 Italica
1105 445 1216 483 Eccle-

322 502 366 535 fia
377 502 410 535 &
423 497 565 535 Ecclefia
580 497 740 533 Africana
752 497 1011 541 disparatiffimis
1021 496 1219 540 regebantur

321 549 449 596 legibus
461 571 473 587 ,
503 546 647 591 ideoque
658 550 780 585 mirum
795 557 865 581 non
878 547 924 580 est
939 570 950 586 ‚
971 545 1060 590 quod
1072 545 1218 579 Advenae

320 601 375 635 isti
393 596 506 638 clerici
529 597 603 632 Itali
620 621 631 637 ,
658 598 715 642 qui
738 600 770 632 se
794 596 835 631 ad
848 596 1030 642 regendum
1053 606 1150 639 atque
1172 604 1215 627 re-

318 645 531 685 formandum
556 658 694 687 vocatos
715 646 916 687 credebant,
942 659 1020 681 cum
1040 645 1215 689 Indigenis

317 698 411 733 Afris
430 709 502 732 non
523 698 691 742 potuerint
716 698 913 736 convenire.
943 697 1155 745 Quapropter
1168 695 1212 728 vi·

316 748 396 783 dens
410 747 570 787 Aurelius.
581 747 682 788 ,Italos
692 749 832 784 clericos
848 749 913 783 effe
940 748 1007 782 suis
1020 745 1151 789 populis
1163 755 1214 778 re-

317 797 436 844 gendis
450 809 520 836 non
546 798 644 842 plene
656 799 861 839 fructuosos,
880 797 1001 837 oculos
1015 795 1161 838 conjecit
1177 794 1212 828 in

317 848 408 884 solos
434 847 616 894 Augustini
638 847 852 887 Monachos‚
877 847 1045 891 coepitque
1059 845 1164 879 facere
1174 855 1212 878 ea

317 897 452 938 omnia,
478 909 548 947 quae
566 898 631 942 jam
655 901 747 943 supra
766 910 811 933 ex
832 899 945 937 sansto
967 895 1161 939 Augustino
1175 906 1214 929 ac

317 950 350 985 S.
358 947 509 988 Poffidio
519 946 590 986 dixi
604 949 698 983 fuisse
708 948 750 983 ab
762 948 826 983 illo
838 948 921 982 fadia
934 968 942 977 .
969 945 1129 993 Disperfit
1141 943 1212 978 Au·

318 998 445 1044 gustini
457 997 649 1040 institutum
659 1010 716 1043 per
735 1009 874 1033 omnem
888 997 1034 1031 omnino
1049 996 1212 1035 Africam,

1150 112 1707 159 Αυσυςτικῐζ

2062 132 2120 166 21

1277 207 1344 229 mor
1366 207 1398 229 es
1424 200 1572 228 Ammoni}
1590 207 1654 228 cum
1689 199 1849 239 Serapione
1866 198 1990 241 peregre
2005 198 2145 239 profeffl.

1277 244 1418 288 Fortasse*
1438 252 1530 279 etiam
1553 245 1660 284 audisti
1677 248 1714 278 de
1739 251 1800 281 Cuae
1823 255 1855 280 in
1869 247 2011 291 superior}
2027 248 2153 281 Thebai.

1276 299 1331 329 de.
1360 299 1476 335 Poteris
1487 301 1580 328 etiam
1593 294 1737 338 resciscere
1749 298 1784 328 de
1805 299 1898 331 Paulo
1909 325 1918 338 ,
1947 305 1998 340 qui
2019 299 2055 341 est
2068 300 2154 340 apud

1277 347 1375 389 tator,
1402 348 1437 380 Θ·
1458 347 1494 378 de
1515 345 1588 378 aliae‘s
1605 345 1725 377 multis.
1753 348 1797 376 Et
1819 357 1919 381 tamen
1940 349 1984 388 isti
2006 347 2151 391 Episcopi

1277 396 1426 436 constituti
1436 406 1494 433 non
1505 400 1763 435 contradixerunt,
1774 394 1829 438 sed
1836 397 1976 436 habentes
1985 408 2042 441 pro
2053 410 2153 432 exem.

1273 448 1357 488 plari
1380 445 1525 488 Elisaeum
1539 471 1548 486 ,
1570 449 1604 478 δ’
1625 443 1728 486 conscii
1750 446 1825 486 quid
1847 450 1935 480 Eltar
1959 457 2053 491 egerit
2078 474 2087 488 ‚
2114 450 2150 483 6

1276 497 1385 529 eruditi
1406 499 1481 539 quid
1504 493 1792 537 Difhi'pulichrfflt‚
1814 497 1989 540 Apostolique
2003 498 2150 540 fecerint,

1263 545 1462 589 'susceperunt
1485 546 1563 578 banc
1582 557 1681 578 curam
1696 568 1707 584 ,
1731 556 1822 587 neque
1843 547 2031 585 ministerium
2042 548 2093 580 boc
2103 543 2152 591 as-

1273 602 1397 638 pernati
1412 595 1510 639 sunt:
1544 600 1652 638 Neque
1688 603 1846 637 propterea
1869 594 1969 638 seipsi}
1992 600 2150 635 deteriores

1268 647 1352 690 fabii
1367 644 1439 690 sunt
1448 670 1457 685 ‚
1465 644 1524 689 sed
1533 648 1565 679 (ς
1575 645 1685 681 labens
1698 647 1859 679 mer:edem
1870 645 2044 688 exspeblant
2055 673 2064 688 ‚
2080 657 2152 691 pro-

1271 698 1405 737 ficientes
1424 696 1487 739 ipsi,
1500 694 1628 738 aliosque
1633 694 1774 739 proficere
1783 695 1979 733 adhortantes
1994 722 2000 728 .
2016 699 2097 740 ‚Quot
2109 698 2149 731 ab

1281 748 1371 783 idolis
1393 755 1621 787 converterunt,
1648 757 1718 789 quot
1741 748 1955 784 daemoniaca
1983 750 2016 781 (5
2030 747 2151 791 furiosa

1274 796 1482 841 consuetudine
1486 795 1551 840 suis
1565 795 1816 829 admonitionibus
1827 796 2070 840 compescuerunt,
2082 808 2151 839 quot¹

1275 850 1471 881 adduxerunt
1482 847 1597 886 Christo
1603 845 1722 889 servos?
1735 849 1930 890 Quapropter
1939 859 2004 881 cum
2018 845 2153 888 istiusmo-

1276 899 1308 931 di·
1318 898 1428 932 babeas
1445 898 1582 938 exempla
1594 924 1604 938 ‚
1631 897 1812 937 Dileo‘Jiffime
1826 901 1990 938 Drimati,
2007 909 2042 931 ne
2054 899 2152 938 dicas,

1277 958 1327 981 nec
1346 950 1514 982 dicentibus
1539 950 1646 980 credas
1665 974 1674 987 ‚
1707 946 1919 990 Episcopatum
1951 948 2003 990 effe
2026 947 2153 990 cauffam

1271 1000 1411 1043 peccati,
1435 1008 1489 1030 aut
1510 999 1591 1040 quod
1611 999 1681 1030 inde
1703 995 1862 1040 nascantur
1885 997 2035 1040 occasiones
2060 998 2155 1031 delin-

318 1058 420 1092 atque
442 1059 484 1083 ex
506 1047 571 1083 illo
614 1049 777 1094 supplevit
795 1044 1077 1084 abundantissime
1098 1035 1234 1078 omnesi
1275 1050 1402 1089 quendt.
1434 1048 1547 1080 Licebit
1568 1047 1623 1079 tibi
1642 1054 1675 1080 m
1697 1046 1878 1090 Episcopatu
1901 1047 2011 1091 esurire
2033 1073 2042 1088 ,
2072 1047 2153 1087 li'iire

318 1099 433 1137 ruinas
446 1097 598 1138 Ecclefiae
608 1100 773 1135 Africanae
786 1124 794 1132 .
822 1099 908 1145 Qae
921 1097 1001 1131 dum
1013 1095 1214 1140 quandoque

1274 1109 1340 1136 eum
1363 1098 1468 1130 Paulo.
1493 1098 1609 1130 Licebit
1617 1105 1726 1131 vinum
1748 1109 1805 1133 non
1827 1098 1947 1138 bibere,
1961 1096 2031 1138 ficut
2055 1101 2154 1133 Timo-

319 1159 421 1193 penes
441 1159 496 1185 me
519 1147 688 1187 considero
703 1175 714 1191 ,
733 1159 816 1194 rogo
841 1146 1130 1186 Prudentiffimis‚
1143 1146 1213 1179 Do·
1262 1135 1463 1189 ‘theusfecm
1484 1148 1671 1186 &jeiunare
1690 1145 1867 1189 frequentet
1880 1171 1890 1185 ,
1916 1158 1950 1185 ur
1971 1147 2078 1190 solitus
2094 1151 2156 1181 Pa-

319 1197 468 1236 aiffimis
488 1223 502 1240 ‚
534 1196 755 1246 Piiffimisque
778 1198 917 1233 Ordinis
940 1196 1042 1231 nostri
1070 1194 1215 1228 Praelatis
1275 1199 1363 1237 ulus,
1382 1203 1428 1230 ita
1444 1207 1478 1230 ut
1500 1196 1657 1237 fecundam
1679 1197 1765 1229 illum
1779 1199 1931 1237 jejunans
1955 1198 2028 1230 alios
2048 1197 2156 1240 sermo-

318 1247 488 1283 divinitus
497 1247 665 1290 inspirari,
689 1258 853 1292 quatenus
865 1247 965 1281 istum
983 1246 1214 1280 sanstiffimum

1262 1248 1365 1285 imbus
1389 1252 1526 1287 nutrias,
1548 1249 1581 1280 6*
1597 1244 1699 1286 sitietis
1723 1246 1894 1286 abstinendo
1912 1250 1933 1280 ἃ
1949 1256 2021 1289 potu
2039 1272 2048 1287 ,
2082 1249 2155 1280 aliis

317 1294 473 1335 Ecclesia)
496 1296 769 1342 Carthaginiensis,
788 1295 1121 1338 Archi-Episcopum
1136 1297 1213 1328 Au·
1275 1297 1400 1330 docendo
1415 1307 1520 1339 potum
1537 1298 1681 1338 praebeas
1695 1323 1702 1329 .
1733 1301 1784 1329 Ne
1798 1304 1890 1341 igitur
1912 1300 1989 1330 talia
2009 1297 2156 1339 objiciant

318 1346 442 1380 relium
464 1368 476 1384 ,
513 1345 555 1379 de
576 1355 648 1380 tota
665 1346 799 1392 quidem
823 1344 1014 1380 orthodoxa
1048 1344 1216 1389 Ecclefiag,

318 1394 496 1440 praesertim
514 1406 625 1429 tamen
647 1396 689 1430 de
714 1398 804 1431 sacro
836 1394 952 1429 nostro
975 1392 1106 1428 Ordine
1130 1397 1215 1428 adeo

319 1445 515 1483 solemniter
536 1444 620 1479 bene
642 1447 795 1480 meritum
809 1470 820 1486 ‚
846 1445 947 1488 recipi
968 1454 1086 1478 curent
1099 1446 1135 1477 in
1148 1455 1216 1488 per-

319 1506 462 1540 petuum
486 1506 636 1533 annuum
655 1495 797 1540 duplicis
819 1496 925 1534 officii
947 1492 1112 1528 honorem
1132 1518 1140 1526 .

358 1544 507 1584 Videbat
519 1542 677 1582 Aurelius
688 1546 911 1581 orthodoxam
921 1545 1034 1578 omnis
1049 1545 1215 1578 Africanae

319 1594 470 1633 Ecclefiae
484 1594 584 1628 fidem
603 1595 750 1635 laborare
761 1597 847 1631 varia
860 1594 980 1633 scabie,
1006 1606 1044 1629 ac
1069 1595 1104 1628 in
1119 1594 1215 1629 Chri-

294 1668 296 1671 ·
319 1644 460 1681 stianarn
482 1644 563 1683 cleri
586 1657 625 1680 ac
647 1646 760 1691 populi
782 1646 991 1689 disciplinam
1017 1645 1154 1678 strumas
1176 1647 1215 1678 ir·

321 1695 449 1739 repsisse
468 1696 652 1732 admodum
674 1698 816 1742 grossas.
850 1697 1137 1731 Sacramentorum
1159 1696 1214 1729 ad-

322 1744 522 1782 ministratio
546 1746 688 1781 scatebat
713 1746 828 1782 ritibus
848 1745 1074 1791 superstitiosis
1094 1757 1132 1778 ac
1146 1757 1211 1788 pre-

323 1797 418 1830 cibus
439 1793 619 1833 haeietieis.
644 1798 775 1838 Dolus,
797 1797 1004 1840 imposturae,
1026 1796 1155 1837 aliaque
1179 1796 1213 1830 id

323 1856 429 1892 genus
451 1846 532 1884 fides
558 1849 679 1889 punica
703 1850 808 1890 major
827 1858 895 1882 erat
918 1849 951 1880 in
974 1847 1103 1880 clericis
1114 1858 1213 1890 quam

324 1898 361 1930 in
385 1897 477 1931 laicis
497 1918 505 1926 ·
533 1895 690 1932 Africana
709 1898 849 1936 ebrietas
871 1899 958 1932 versa
978 1908 1045 1929 crat
1066 1909 1101 1930 in
1123 1898 1210 1930 Reli-

324 1945 671 1993 gionem‚cultumque
684 1945 969 1991 Martyrum‚adeo
984 1957 1018 1979 ut
1031 1957 1211 1980 caemeteria

324 1995 508 2028 acssasiucae
519 1998 617 2029 essent
631 1998 931 2035 quafilebriosorurn
945 1994 1212 2033 latibulast'olern·

325 2045 450 2086 nesque
461 2043 702 2089 popinae-Super
711 2046 824 2079 omnia
837 2043 1039 2091 grassabatur
1051 2045 1140 2075 tabes
1153 2046 1213 2079 ista

321 2092 363 2125 de
371 2103 434 2134 qua
453 2089 564 2126 scribit
578 2092 607 2123 S-
621 2092 791 2124 Salvianus
805 2094 984 2131 Episcopus
992 2091 1210 2123 Massiiienns:

319 2138 574 2179 Tamimpoffibile
598 2138 638 2179 est
653 2139 759 2180 Afrum
782 2141 833 2182 effe
842 2139 974 2178 castum,
998 2150 1090 2180 quam
1103 2139 1210 2179 Afrum

318 2202 380 2226 non
401 2191 454 2232 effe
467 2187 596 2229 Afrum·
630 2188 706 2222 Erat
720 2201 800 2223 tunc
822 2192 893 2223 vere
914 2190 1136 2223 monstrorum
1158 2189 1209 2223 fae-

319 2244 430 2276 cunda
441 2249 557 2284 parens
571 2237 682 2274 Africa
694 2263 701 2270 .
732 2240 943 2274 Dormieranr
955 2250 1045 2273 enim
1068 2239 1138 2273 illic
1152 2240 1208 2271 ho-

320 2293 428 2326 mines
442 2312 452 2328 ,
477 2290 511 2324 id.
531 2289 576 2323 est
590 2311 601 2327 ,
621 2289 834 2324 Ecclefiarum
849 2290 1013 2330 Praepoliti
1038 2292 1209 2334 negiigen-

325 2342 392 2376 tius
415 2346 573 2382 egerant,
596 2337 738 2381 ideoque
761 2340 912 2374 inimicus
928 2338 1031 2372 homo
1051 2350 1206 2383 quaecum5

325 2401 389 2433 que
415 2388 553 2423 Zizania
587 2387 622 2419 in
652 2388 766 2423 medio
800 2389 901 2423 tritici
930 2390 1231 2442 inperseminaiat.4

325 2441 430 2475 Erant
444 2449 480 2471 in
494 2449 531 2469 ea
545 2435 730 2471 Donatistae
742 2463 753 2478 ‚
780 2440 992 2481 plurimaeque
1015 2450 1128 2473 eorum
1140 2441 1209 2474 scis-

324 2492 406 2525 sura:
429 2501 442 2525 ,τ
482 2486 651 2521 Videlicet
673 2487 909 2529 primianistae,
943 2489 1211 2531 Maximianissae,

324 2536 587 2577 Claudianistae‚
614 2536 816 2582 Rogatissae‚
841 2539 1049 2580 Urbafflstae,
1075 2551 1211 2584 veraque

324 2591 485 2627 Africana
506 2586 649 2622 monstra
674 2588 987 2623 Circumcelliones.

325 2642 431 2676 nescit
441 2648 554 2672 eorum
568 2637 741 2672 latrocinia
757 2663 767 2679 ,
779 2638 960 2676 homicidia
972 2663 984 2680 ‚
995 2638 1101 2683 stupra
1115 2665 1125 2680 ‚
1146 2642 1206 2685 gla-

326 2692 401 2726 dios
412 2714 423 2730 ,
441 2688 540 2722 fustes
554 2710 566 2727 ‚
589 2691 756 2722 acetum&
769 2691 893 2724 calcem
906 2714 916 2730 ,
931 2688 1046 2733 quibus
1058 2691 1134 2724 Deo
1145 2692 1207 2725 lau·

325 2742 383 2777 des
406 2740 620 2774 decantantes
654 2738 804 2773 ioiebant
831 2740 930 2776 etiam
952 2740 989 2773 in
1021 2742 1209 2783 iemeiiplos

325 2788 514 2827 monstrose
540 2789 669 2821 iaevire?
698 2789 800 2822 Erant
825 2790 868 2823 ibi
891 2789 1096 2831 Maiiichaei,
1118 2792 1204 2825 Mar·

325 2841 461 2878 cionitae
475 2862 486 2882 ,
511 2836 681 2877 Nazaraei,
708 2839 965 2873 Tertullianissae
977 2863 989 2881 ‚
1013 2844 1134 2886 aliique
1146 2842 1211 2878 Lu„

325 2893 361 2936 pi
383 2891 418 2928 id
438 2889 542 2935 gensis
567 2889 723 2931 plurimi,
747 2890 929 2933 paucissimi
946 2900 1054 2924 autem
1080 2892 1206 2927 dentati

326 2941 478 2978 Pastotes
491 2963 498 2976 .
530 2938 680 2975 Noverat
695 2939 848 2973 Aurelius
860 2963 870 2979 ,
897 2940 975 2981 quid
987 2952 1088 2985 nuper
1099 2946 1205 2976 adver-

326 2996 400 3030 sum
424 2989 543 3024 similia
569 2987 809 3034 AEgyptiarum
834 2989 1050 3025 Ecclefiaium
1068 2993 1152 3026 mala
1164 2993 1207 3027 fe—

326 3044 418 3080 cisset
438 3038 743 3083 Archi-Episcopus·
757 3039 975 3080 Athanasius,
1000 3042 1210 3087 cdostuscjus

326 3093 446 3130 litteris
473 3090 514 3124 ad
536 3091 568 3124 S.
590 3091 835 3131 Dracontium,
862 3102 963 3133 nuper
979 3091 1207 3128 &monasterio

327 3153 484 3179 vocatum
510 3140 551 3173 ad
573 3151 666 3175 curas
688 3140 896 3184 Episcopales
915 3165 922 3172 .
953 3145 1059 3187 Neque
1075 3144 1155 3178 enim
1172 3154 1205 3178 tu

326 3194 412 3239 solus
434 3203 472 3224 ex
495 3189 647 3225 monacbis
669 3202 700 3226 es
720 3192 889 3231 constitutus
914 3191 1076 3236 Episcopus
1089 3205 1205 3236 ,neque

323 3244 407 3290 solus
426 3240 597 3284 monasterio
611 3241 785 3283 praefui‘sti‚
807 3252 899 3283 neque
916 3240 997 3284 solus
1020 3245 1202 3279 amonacbis

1013 2590 1100 2637 Qus
1119 2603 1209 2624 enim
1231 2597 1233 2599 '

1277 1347 1429 1389 consiliarii
1447 1354 1510 1380 tui.
1534 1352 1684 1381 Novimus
1708 1346 1869 1389 Episcopus
1891 1350 2068 1389 jejunantes
2085 1373 2095 1387 ,
2123 1350 2156 1381 Θ·

1279 1397 1438 1431 monachos
1450 1400 1632 1430 comedentes
1645 1423 1649 1427 .
1679 1397 1782 1431 Tales
1794 1399 1922 1443 pugiles
1934 1398 2039 1432 emisit
2054 1396 2158 1432 Atha-

1282 1449 1386 1481 nasius
1397 1448 1564 1481 adversum
1575 1449 1647 1481 suos
1660 1447 1857 1481 Meletianos
1870 1461 1907 1482 ac
1923 1450 2064 1482 Arianos
2076 1472 2083 1480 .
2101 1450 2163 1480 At-

1281 1510 1343 1541 que
1354 1497 1387 1531 hi
1403 1498 1477 1532 sunt
1489 1498 1539 1531 isti
1557 1496 1714 1540 :Egyptii
1732 1498 2015 1540 Episcopi,quibus
2038 1499 2112 1531 solis
2126 1498 2161 1530 in

1280 1547 1419 1591 synodo
1427 1548 1622 1582 Seieucienfi
1639 1548 1903 1581 communicavit
1916 1548 2099 1584 S-Hilarius
2110 1547 2161 1580 Pi-

1280 1597 1446 1632 ssavicnsis
1461 1599 1639 1643 Episcopus
1650 1622 1659 1637 ‚
1682 1607 1780 1641 atque
1791 1597 1831 1630 ab
1844 1597 1906 1631 illis
1920 1597 2035 1631 didicit
2049 1608 2162 1631 mona·

1280 1648 1398 1684 sticum
1411 1647 1595 1683 institutum
1611 1673 1621 1689 ,
1643 1649 1732 1691 quod
1747 1650 1852 1682 secum
1869 1650 1901 1681 in
1917 1648 2041 1681 Gallias
2064 1650 2162 1681 detu-

1281 1700 1319 1732 lit
1330 1723 1341 1739 ,
1368 1699 1478 1743 ibique
1488 1697 1622 1733 tradidit
1635 1700 1743 1732 sancio
1756 1701 1814 1732 suo
1829 1699 1999 1741 Discipulo
2014 1697 2161 1731 Marrino

1278 1748 1470 1783 Turonensi
1487 1749 1653 1792 Episcopo
1665 1773 1676 1789 ‚
1703 1748 1760 1793 qui
1785 1750 1817 1782 id
1832 1760 2033 1792 peromnem
2058 1748 2160 1781 Galli.

1279 1810 1331 1833 arn
1352 1799 1528 1842 largissime*
1540 1801 1734 1845 propagavit
1746 1822 1753 1830 .
1780 1800 1869 1834 Istud
1894 1800 2002 1842 itaque
2016 1798 2162 1832 Athana-

1279 1851 1311 1882 fii
1323 1851 1498 1885 confilium
1512 1851 1659 1885 imitatus
1670 1851 1713 1883 est
1727 1852 1756 1883 S.
1772 1850 1927 1882 Aurelius
1940 1848 2163 1893 Augustinen·

1280 1901 1326 1936 ses
1351 1901 1511 1932 Eremiras
1534 1902 1703 1933 turmatim
1721 1900 1839 1931 levavit
1861 1897 1896 1930 in
1914 1898 2038 1932 clerum
2061 1910 2099 1931 ac
2112 1910 2164 1933 ca·

1279 1948 1407 1982 thedras
1430 1949 1657 1988 episcopales,
1683 1948 1811 1989 sperans
1831 1959 1886 1981 eos
1906 1958 2064 1992 tanquam
2077 1949 2162 1983 fidos

1280 1998 1406 2040 pugiles
1418 1995 1584 2031 adversum
1598 1998 1726 2039 praefata
1750 1997 1810 2034 ista
1834 1997 1991 2033 Africana
2016 1999 2161 2033 monstra

1278 2045 1407 2080 strenue
1436 2045 1673 2079 dimicaturos.
1704 2047 1823 2089 Neque
1842 2047 1945 2091 ipsum
1958 2049 2160 2092 spesfefcllit.

1276 2094 1388 2139 Quam
1399 2094 1488 2125 enim
1501 2092 1626 2129 strenue
1637 2095 1829 2130 dimicarint
1844 2120 1854 2136 ,
1874 2108 1995 2133 norunt
2010 2098 2162 2133 homines

1278 2143 1661 2184 Africanaeantiquitatis
1689 2146 1808 2185 periti,
1832 2156 1936 2190 neque
1959 2150 2026 2182 dici
2053 2149 2158 2191 potest

1276 2204 1344 2227 uno
1357 2193 1458 2226 verbo
1472 2216 1480 2225 .
1507 2193 1662 2226 Graviter
1671 2192 1844 2228 dumtaxat
1856 2197 1957 2230 doleo
1970 2197 2066 2231 istum
2082 2200 2162 2233 sacri

1276 2243 1375 2278 nostri
1397 2242 1535 2276 Ordinis
1557 2244 1830 2285 praeclarissimum
1854 2247 2017 2282 fautorem
2032 2249 2163 2284 Aureli-

1275 2305 1331 2332 um
1355 2293 1486 2337 duplici
1499 2292 1612 2328 officio
1637 2295 1655 2328 Ξι
1669 2294 1767 2328 nobis
1785 2307 1854 2329 non
1874 2296 1940 2331 coli
1952 2322 1965 2335 .,

1483 2391 1516 2427 C
1543 2392 1575 2427 A
1603 2391 1630 2425 P
1658 2392 1698 2429 U
1726 2394 1763 2431 T
1824 2395 1858 2429 V
1873 2394 1948 2431 111.

1384 2491 1558 2537 Resolvitur·
1571 2494 1731 2537 quoddam,
1741 2495 1869 2532 dubium
1886 2498 2021 2531 incidens
2037 2520 2047 2529 .

1391 2594 1498 2628 oium
1517 2594 1651 2637 quidem
1674 2595 1783 2638 aliqua
1798 2597 1940 2639 praesenti
1966 2598 2078 2631 nostro
2092 2599 2158 2633 sco·
2195 2630 2198 2632 .

1409 2656 1451 2687 po
1474 2655 1541 2677 non
1568 2646 1641 2678 sunt
1663 2647 1855 2687 necessaria,
1883 2649 1972 2690 spero
1983 2660 2093 2682 tamen
2117 2661 2157 2684 ea.

1273 2694 1465 2729 hominibus
1489 2694 1743 2739 Augustinurn‚
1765 2696 1935 2732 hominem
1961 2699 2156 2733 saneamore

1273 2746 1411 2790 dignum
1433 2769 1444 2784 ,
1462 2744 1645 2779 amantibus
1665 2757 1737 2779 nou.
1765 2747 1835 2782 fore
1858 2748 2002 2791 ingrata.
2032 2748 2156 2783 Sedulo

1275 2795 1684 2840 Augustiniledmrierunt
1696 2796 1828 2831 forsitan
1852 2798 1952 2831 etiam
1977 2799 2154 2832 fructuosa.

1271 2846 1386 2890 ltaque
1396 2844 1475 2878 dum
1490 2846 1698 2889 Augustinus
1713 2847 1746 2879 in
1763 2848 1963 2890 Episcopum
1987 2848 2154 2883 ordinare-

1272 2907 1324 2930 tur
1336 2920 1347 2936 ,
1375 2897 1542 2929 Numidiae
1554 2896 1680 2931 Primas
1691 2907 1759 2931 erat
1772 2897 1941 2941 Megalius
1951 2921 1963 2937 ‚
1975 2897 2156 2942 Episcopus

1272 2946 1652 2986 Ecclefiaecalamensis,
1680 2945 1782 2981 homo
1795 2948 1828 2979 in
1854 2947 2081 2991 Augustinum
2103 2960 2158 2983 ca-

1271 2997 1453 3030 lumniosus
1470 3021 1480 3036 ,
1517 3006 1632 3039 utpote
1658 3008 1733 3030 eum
1768 2996 2068 3032 innocentiffimum
2112 2998 2156 3032 de

1270 3048 1450 3091 propinatis
1463 3048 1591 3089 poculis
1605 3047 1788 3086 amatoriis,
1812 3048 2027 3083 calumniatus
2038 3071 2050 3087 ,
2073 3058 2153 3091 quas

1266 3097 1445 3131 calumnias
1465 3106 1505 3129 ex
1521 3097 1694 3130 intervallo
1720 3098 1915 3141 resumpsere
1941 3097 2149 3138 Donatistae,

1266 3147 1441 3192 praesertim
1463 3145 1646 3180 Petilianus
1663 3157 1777 3181 eorum
1795 3148 1978 3191 Episcopus
1989 3146 2151 3181 Constan-

1266 3198 1405 3233 tinensis
1421 3196 1486 3229 five
1511 3194 1691 3230 Cirthensis
1705 3221 1713 3230 .

1263 3249 1312 3281 fiae
1345 3245 1526 3280 calamensi
1561 3245 1719 3289 praefuerir
1737 3272 1747 3288 ,
1778 3248 1885 3291 palam
1909 3257 1996 3290 patet
2018 3258 2058 3282 ex
2081 3249 2150 3283 san-

1742 3198 1844 3245 Qod
1860 3196 2026 3241 Megalius
2037 3197 2151 3231 Eccle-

331 3293 459 3328 deledus
480 3302 525 3324 es.
555 3292 641 3331 Nosti
656 3298 736 3328 enim
747 3295 937 3334 serapionem
957 3293 1130 3327 monachum
1140 3294 1205 3337 effe,
1242 3300 1316 3346 isto
1351 3296 1497 3330 Poffidio
1519 3297 1671 3338 proximo
1698 3297 1767 3340 ejus
1789 3299 1824 3331 in
1848 3295 1941 3334 istam
1966 3297 2150 3335 Ecclesiam

329 3347 364 3380 e·
377 3353 444 3387 quot
464 3341 674 3375 Monachorum
689 3342 884 3385 PraefeHum.
914 3346 1021 3385 Neque
1041 3347 1060 3377 ἃ
1081 3355 1111 3380 te
1123 3351 1202 3388 igno-
1242 3368 1246 3396 ὅ
1264 3348 1436 3384 successore
1457 3371 1464 3379 .
1503 3345 1599 3380 Clare
1623 3345 1713 3380 enim
1743 3346 1823 3381 dicit
1849 3373 1855 3379 .
1894 3349 1975 3380 Tunc
2011 3350 2147 3381 Primaie
2171 3356 2252 3405 Cap,
2267 3354 2299 3398 3,

330 3404 415 3429 ratur
426 3401 494 3437 quot
506 3392 712 3428 monachorum
719 3401 808 3435 parer
813 3393 911 3435 f'ueri't
925 3396 1092 3435 Apollonius
1106 3420 1113 3427 .
1137 3399 1202 3429 No·
1241 3397 1245 3455 Ξ
1263 3398 1422 3432 Numidiae
1466 3398 1593 3439 Megalia
1637 3395 1810 3439 Calamenfi
1852 3397 1997 3440 Episcopo
2021 3422 2029 3430 .
2076 3398 2147 3432 Hic

327 3443 559 3492 litigathonem
569 3454 685 3487 ,neque
698 3448 830 3489 ignotum
839 3442 931 3478 habes
945 3445 1120 3486 Aristonem.
1140 3448 1202 3482 Me·
1264 3447 1361 3495 porro
1387 3446 1553 3493 Megalius
1588 3445 1803 3493 postmodum
1839 3459 1911 3485 non
1947 3448 2005 3485 diu
2042 3447 2144 3483 vixit.

2006 3495 2102 3533 Patet
