2384 3770
131 474 250 515 Psalm,

133 524 211 576 164.

311 255 373 280 uos
394 255 556 280 canones.-
585 245 634 281 Ita
657 255 768 286 tamen
796 249 916 283 fecere.
946 249 1184 294 Istiusquefasti

310 295 659 338 rationes'discutete,
687 306 755 340 non
779 298 824 331 est
849 297 947 341 hujus
967 301 1032 333 loci
1048 325 1055 332 .
1083 299 1183 348 Qod

308 355 405 387 porco
425 343 624 380 Genethlius
645 347 742 381 fuerit
765 358 842 382 ante
862 348 1040 384 Aurelium
1053 349 1182 384 Cartha-

306 393 450 440 ginenfis
465 394 642 440 Episcopus
652 419 664 443 2
692 408 779 440 patet
788 408 830 432 ex
845 399 1034 443 Augustino
1050 402 1096 435 ita
1112 401 1186 434 scri-

307 442 404 478 bente
425 443 464 479 ad
487 446 644 489 quosdam
668 447 846 490 Episcopos
870 450 1082 484 Donatistas.
1110 451 1184 483 Inde

305 492 396 536 nescio
429 498 568 538 quomodo
602 506 723 530 ventum
757 498 795 538 est
821 501 866 531 ad
887 506 1183 534 commemorationem

303 543 397 577 beatae
410 552 556 583 memoria
568 547 717 581 Genethln
729 547 885 591 Episcopi¹
895 551 979 593 quod
988 549 1082 594 nes'cio
1093 562 1183 593 quam

301 593 529 632 constitutionem
552 598 659 630 datam
680 607 784 631 contra
806 600 873 631 illos
896 603 1092 643 comprefferir
1112 625 1122 641 ‚
1148 603 1182 634 (τ

300 643 434 685 οθέθιιηι
451 645 558 680 babere
582 659 640 680 non
655 647 778 688 siverit.
808 649 996 682 Laudabant
1018 638 1100 683 istum
1124 661 1183 682 om·

299 704 352 727 nes
367 717 378 734 ‚
405 697 439 730 ό*
459 697 651 740 benlgnlffime*
670 697 893 739 praeferebant..
921 704 1002 733 Inter
1024 711 1100 742 quas
1116 699 1181 733 lau-

298 745 352 777 des
374 746 395 777 ἃ
416 746 498 779 nobes
514 746 679 790 subiec‘lum
697 748 757 788 ost,
783 750 864 790 quod
888 755 980 782 etiam
1009 749 1069 793 ipse
1089 753 1179 784 Gene-

297 794 391 828 tbh'us
409 820 420 836 ,
437 795 468 837 fi
486 803 519 829 in
539 808 637 830 eorum
661 809 770 830 manus
798 801 941 842 incldtffet
954 825 964 839 ‚
991 800 1179 842 rebaptizan-

295 846 355 878 dus
380 844 563 889 censeretur.
593 847 661 881 Hic
681 848 762 893 ergo
776 848 974 883 Genethlius
998 851 1065 893 jam
1088 851 1179 885 senio

294 895 403 940 gravis
424 895 458 929 in
484 896 696 940 Episcopatus
718 899 765 931 sui
790 898 965 944 Collegam
994 900 1100 934 forsan
1127 901 1177 935 ad·

294 943 390 979 scivit
410 946 553 980 faustum
569 946 761 987 Aurelium,
787 958 890 990 eaque
912 948 957 983 est
969 952 1097 994 caussa,
1123 962 1179 985 cur

291 996 329 1029 in
353 996 412 1029 ista
427 995 674 1040 Carthaginensi
687 997 826 1040 Synodo
846 999 1010 1034 adfuerint
1024 1001 1092 1035 duo
1104 1001 1177 1035 Cat-

292 1045 499 1089 thaginenses
520 1043 694 1089 Episcopi,
712 1044 840 1092 'curque
850 1050 959 1092 primo
972 1050 1049 1085 loco
1059 1050 1178 1085 sederit

291 1093 462 1128 Genedius
485 1096 538 1129 seu
551 1095 771 1131 Genethlius:
798 1098 888 1147 Qia
905 1110 1022 1144 nempe
1035 1099 1089 1134 hic
1104 1102 1177 1144 Epi·

289 1144 407 1188 scopus
431 1156 521 1185 erat,
549 1145 704 1181 Aurelius
726 1143 837 1182 autern
859 1149 1032 1187 dumtaxat
1057 1151 1176 1194 Coepi-

291 1195 426 1238 scopus.
457 1196 563 1241 Quod
587 1208 729 1239 namque
750 1190 807 1234 iste
821 1199 978 1244 Collegas
1000 1200 1175 1234 adsciscen-

289 1244 324 1278 di
346 1254 417 1279 mos
439 1244 539 1279 fuerit
558 1245 593 1279 in
610 1242 721 1281 Africa
743 1248 922 1283 admodum
947 1260 1025 1295 tunc
1039 1251 1175 1284 familia·

289 1295 333 1328 ris
351 1320 362 1336 ‚
391 1307 477 1338 patet
499 1308 543 1330 ex
566 1298 676 1332 fausto
701 1297 870 1338 Pollidio,
895 1301 951 1341 qui
968 1301 1009 1334 de
1022 1300 1174 1345 Augusti-

289 1356 335 1378 no
360 1345 485 1379 Valerii
511 1346 786 1390 Coepiscopatum
821 1352 990 1384 recusante
1014 1361 1112 1394 agens
1135 1352 1175 1385 fic

289 1394 371 1429 dicit
390 1421 396 1427 .
425 1400 505 1428 Dum
525 1398 569 1429 illi¹
589 1396 655 1438 fieri
670 1395 762 1440 solen
781 1399 820 1431 ab
841 1401 975 1433 omnibus
981 1399 1172 1443 suaderetur,

260 1441 268 1449 ”
288 1455 379 1488 atque
400 1447 435 1478 id
457 1452 561 1490 ignaro
579 1446 793 1491 transmarmis
811 1451 845 1483 6·
870 1450 1025 1491 Africanis
1040 1450 1172 1492 Ecclefi'ae

286 1497 433 1537 exempli:
451 1497 649 1545 probemur,
676 1497 838 1542 compulsus
859 1509 952 1543 atque
976 1501 1094 1535 coaequs
1113 1501 1173 1544 fuc-

286 1545 386 1578 cubuit
399 1571 410 1587 ,
437 1549 471 1580 (51¹
490 1546 684 1590 Episcopatus
704 1560 807 1582 curam
828 1552 862 1584 (ν
884 1553 1010 1590 majoris
1033 1552 1085 1584 loci
1096 1553 1171 1584 ordi-

288 1602 438 1629 nationem
451 1595 595 1639 fufiepit.
615 1599 656 1631 Et
666 1599 745 1642 quia
758 1600 901 1643 idipsum
916 1601 970 1643 ipsi
983 1602 1094 1635 saneto
1106 1602 1174 1635 Au·

286 1645 368 1684 telio
391 1649 577 1691 contigerat
591 1671 601 1688 ,
628 1648 705 1683 ideo
728 1650 769 1683 ad
797 1651 1051 1695 dispensandum
1073 1651 1171 1685 etiam

285 1707 362 1731 cum
387 1696 578 1742 Augustino
598 1698 663 1732 fuit
686 1699 839 1734 Aurelius
865 1701 949 1735 adeo
973 1711 1142 1749 promptus
1165 1726 1171 1734 .

284 1747 335 1780 Ea
358 1747 457 1788 porro
481 1748 679 1791 dispensatio
702 1750 766 1784 fuit
788 1752 873 1794 apud
897 1750 1018 1792 Afro&
1045 1762 1080 1785 ut
1107 1751 1170 1795 jam

282 1796 470 1832 audivimus
484 1821 495 1837 ,
505 1799 659 1832 omnium
671 1799 832 1843 postrema
843 1825 851 1834 .
882 1803 1090 1849 Qapropter
1104 1800 1172 1836 Au—

280 1846 379 1886 telius
401 1846 458 1881 fibi
483 1846 516 1880 in
542 1848 787 1893 Coepiscopum
811 1863 878 1886 non
910 1850 1047 1886 adscivit
1067 1852 1172 1886 Gene-

285 1897 400 1939 fflum,
427 1897 481 1932 sed
505 1896 677 1939 Genedius
699 1910 756 1936 aut
778 1900 979 1937 Genethlius
1005 1902 1090 1943 olim
1115 1902 1171 1940 fibi

1179 1981 1198 1997 1

625 164 710 211 De
743 165 915 218 Oine,
950 164 1194 214 Erum-rt
1233 166 1457 214 SANcrt
1492 167 1862 212 Auensrnu.

1245 248 1416 283 Aurelium
1434 247 1610 282 adsciverat
1622 246 1657 281 in
1671 247 1847 293 collegam
1859 272 1868 280 .
1892 245 2064 297 Qidquid
2075 249 2141 284 in0.

1243 300 1337 333 terim
1360 300 1395 333 fit
1405 299 1407 301 ’
1416 298 1457 332 de
1468 298 1531 332 isto
1542 296 1694 333 Genedio
1706 322 1718 338 ,
1744 297 1855 332 nullos
1867 303 1977 334 tamen
1988 309 2044 344 per
2056 296 2127 335 δα

1243 359 1389 395 tempora
1413 347 1475 381 fuit
1487 347 1699 392 Carthaginis
1713 347 1895 392 Episcopus
1906 347 2124 384 Valentinus.

1245 400 1321 433 Fuit
1347 408 1419 433 tum
1446 398 1580 442 quidam
1596 398 1795 433 Valentinus
1807 396 2124 440 Numidiael’rimas,

1243 449 1284 483 de
1305 460 1372 493 quo
1388 450 1481 492 supra
1504 449 1640 483 memini
1660 460 1712 484 me
1733 451 1797 485 eflc
1809 448 1959 483 locutum
1972 473 1980 481 .
2004 449 2126 484 Severi·

1245 510 1305 533 nus
1329 498 1445 533 Binius
1468 499 1501 532 in
1526 500 1590 542 jam
1613 500 1709 534 dietis
1732 499 1796 534 suis
1817 499 1907 533 notis
1927 497 2012 532 male
2032 507 2127 543 putat

1243 559 1317 582 eum
1339 548 1431 583 fuisse
1457 548 1617 593 Xantippi
1639 551 1849 584 successorem
1867 573 1875 581 .
1904 545 2039 582 Etenim
2060 548 2128 583 Ve-

1244 599 1387 633 lentinus
1407 598 1460 633 hic
1480 600 1641 634 mendoso
1663 599 1713 633 isti
1736 597 2128 644 secundoCarthaginen-
2148 603 2151 607 “

1242 650 1262 682 fi
1288 649 1446 683 Concilio
1470 650 1535 683 una
1557 661 1634 684 cum
1658 649 1773 693 Alipio
1788 649 1936 684 interfuit
1957 644 2126 694 tamquam

1243 699 1412 733 Numidiae
1436 699 1578 733 primas:
1609 698 1656 733 At
1679 711 1755 734 vero
1775 700 1983 743 xantippus,
2009 708 2126 743 utpote

1244 750 1346 793 Alipii
1369 751 1403 783 in
1427 751 1624 794 Episcopatu
1637 749 1831 794 Tagastensi
1853 749 2010 783 successor
2026 773 2038 791 ,
2058 748 2131 783 Pri-

1241 810 1365 834 matum
1385 800 1474 843 ptius
1496 799 1619 844 accepit
1643 799 1866 843 postmortem
1887 798 2005 843 Alipii:
2035 799 2127 844 Ergo

1239 850 1428 894 Xantippus
1453 850 1510 885 iste
1521 851 1584 885 fuit
1598 851 1773 890 successor,
1804 860 1872 884 non
1883 851 2048 892 praecelsot
2057 849 2127 884 Va-

1239 900 1375 935 lentini.
1407 899 1468 934 Iste
1485 911 1594 935 tamen
1611 900 1835 940 Valentinus,
1861 909 1977 943 utpote
1997 899 2126 934 Numi-

1238 949 1298 990 da,
1327 962 1534 994 nequaquam
1558 950 1618 984 fuit
1632 951 1815 994 Episcopus
1838 948 2126 995 Carthaginenfis.

1238 1001 1316 1035 Fuit
1345 1001 1527 1044 Episcopus
1553 1000 1702 1035 Ecclefiae
1724 1000 1917 1044 VaJenenfis
1932 1021 1940 1032 ·
1967 999 2063 1035 Patet
2081 1011 2123 1034 ex
2139 1014 2229 1039 num,
2239 1013 2298 1054 99,

1239 1050 1436 1085 Collatione
1456 1049 1723 1098 Carthaginensi:
1738 1050 1789 1085 Ibi
1805 1062 1947 1095 namque
1957 1060 2125 1095 tamquam

1238 1100 1312 1134 talis
1336 1100 1378 1135 ab
1400 1101 1583 1144 Exceptore
1608 1101 1755 1134 Martiali
1778 1101 1841 1134 fuit
1852 1101 2070 1143 proclamatus
2080 1110 2126 1135 at-

1238 1161 1302 1193 que
1322 1150 1363 1184 ab
1381 1151 1537 1184 omnibus
1559 1150 1691 1193 agnitus
1703 1174 1711 1182 .
1740 1150 1782 1182 Et
1795 1148 1874 1182 hinc
1888 1149 1922 1183 in
1937 1150 2003 1184 alio
2015 1150 2126 1185 Colla·

1238 1199 1338 1233 tionis
1358 1199 1434 1234 loco
1457 1200 1567 1243 pamm
1596 1197 1682 1234 male
1708 1198 1827 1244 legitur
1852 1199 2031 1232 Valentius:
2059 1197 2125 1244 legi
2140 1216 2296 1253 num-52-

1239 1259 1381 1293 namque
1403 1248 1501 1284 debet
1523 1249 1702 1283 Valentinus
1723 1274 1731 1282 .
1772 1248 1865 1282 Tota
1892 1248 1951 1282 ista
1973 1248 2125 1300 Colllatio

1235 1310 1318 1343 opus
1344 1298 1442 1333 habet
1466 1300 1549 1334 seria
1567 1299 1725 1334 revifione
1738 1323 1746 1331 .
1773 1297 1894 1341 Neque
1916 1299 2025 1333 mitari
2050 1299 2125 1334 satis

1236 1350 1362 1392 possum
1378 1373 1388 1390 ,
1415 1351 1585 1393 quomodo
1611 1350 1798 1384 Franciscus
1819 1347 2001 1383 Balduinus
2022 1373 2035 1389 ,
2059 1348 2127 1384 Ga-

1237 1400 1317 1434 briel
1330 1398 1572 1443 Albaspineus,
1600 1399 1770 1433 severinus
1781 1398 1917 1439 Binius,
1945 1391 2068 1441 aliiquss
2079 1399 2127 1434 vi·

1237 1450 1262 1483 ri
1274 1449 1363 1484 docti
1376 1450 1488 1484 dicant
1503 1449 1710 1494 Episcopales
1722 1449 1821 1483 Sedes
1833 1448 2007 1489 Montani,
2016 1448 2127 1483 Adeo·

1234 1499 1300 1534 dati
1313 1524 1323 1540 ,
1336 1512 1374 1534 ac
1387 1499 1523 1534 Protafii
1538 1523 1549 1541 ,
1562 1501 1618 1543 qui
1631 1499 1696 1533 una
1707 1510 1783 1533 cum
1796 1508 1937 1542 quatuor
1945 1497 2019 1533 aliis
2028 1509 2126 1544 egere

1236 1549 1280 1583 ibi
1293 1561 1397 1593 partes
1409 1550 1658 1584 Donatistarum
1668 1572 1678 1588 ‚
1706 1549 1770 1583 effe
1781 1547 1846 1582 huc
1859 1550 1961 1592 usque
1973 1549 2106 1593 ignotas
2115 1571 2125 1582 .

1237 1601 1369 1633 Etenim
1381 1611 1422 1633 ex
1439 1600 1505 1643 ipsa
1520 1599 1713 1634 Collatione
1726 1599 1834 1642 palam
1846 1599 1973 1633 constat
1986 1598 2124 1634 Monta-

1236 1662 1312 1684 num
1324 1650 1416 1684 fuisse
1432 1650 1630 1694 Episcopum
1642 1649 1848 1688 Zamensem,
1859 1647 2072 1683 Adeodatum
2082 1647 2126 1683 E-

1236 1700 1401 1744 piscopum
1423 1700 1658 1734 Milevitanum
1669 1725 1680 1741 ,
1707 1697 1889 1733 protasium
1914 1710 2024 1733 autem
2049 1697 2127 1742 Epi·

1235 1751 1367 1793 scopum
1391 1750 1654 1784 Tubiniensem.
1682 1748 1810 1784 Verum
1833 1749 1876 1783 de
1890 1748 1943 1783 his
1953 1749 2051 1783 alias.
2079 1747 2125 1785 Et

1235 1800 1366 1845 quidem
1387 1799 1422 1834 in
1445 1800 1512 1834 istis
1534 1800 1748 1834 Sermonibus
1770 1800 1846 1833 sunt
1876 1810 1996 1834 errores
2017 1796 2126 1832 adhue

1237 1850 1331 1885 multi
1341 1850 1400 1884 alii
1415 1874 1422 1883 .
1435 1850 1571 1885 Interim
1583 1849 1646 1892 jam
1660 1849 1790 1884 adducti
1802 1848 1967 1883 sufficiunt
1986 1873 1997 1890 ,
2007 1858 2044 1883 ut
2055 1846 2127 1891 qui-

1237 1901 1284 1937 vis
1294 1900 1465 1938 rationalis
1473 1899 1577 1937 homo
1589 1900 1697 1936 videat
1711 1911 1769 1935 eos
1780 1910 1848 1935 non
1860 1899 1924 1936 esse
1932 1897 2127 1948 Augustini.

1951 3568 2087 3609 AM!-
