2384 3770
375 109 438 157 36
851 96 1239 143 DnOit'xoine
1277 96 1679 143 EREMITARUM

334 184 459 216 Dicebat
473 182 665 223 frequenter,
694 189 742 213 nec
765 179 864 213 debere
884 193 935 215 nec
942 181 1014 223 posse
1034 181 1208 215 monachum

327 234 466 276 judicari
478 257 488 272 ‚
498 237 542 262 cui
555 230 693 262 voluntas
705 229 812 264 habere
822 237 980 272 privatum
988 234 1132 273 peculium
1138 241 1206 274 per-

328 282 472 327 suaserit,
501 284 538 310 Ut
548 284 626 312 enim
638 280 793 313 monachus
805 282 974 315 lautioribus
987 282 1116 323 forfitan
1131 282 1206 321 ‘ibit

331 342 434 364 utatur
447 354 456 369 ,
477 331 625 363 interdum
634 337 708 374 cogit
715 332 876 374 infirmitas
884 338 1030 374 corpori13
1057 342 1092 366 ut
1105 343 1205 366 autem

330 386 432 421 cupiat
442 384 475 411 in
486 380 647 420 quamlibet
659 385 775 425 exiguis
789 382 875 415 rebus
879 384 964 423 juris
973 387 1090 424 proprii
1112 385 1204 416 domi·

329 435 410 462 nium
430 430 587 462 vindicare
600 454 610 469 ,
632 428 767 473 superbae
778 433 944 466 voluntatis
962 435 996 467 (tr
1010 444 1116 467 avarae
1124 438 1202 474 cupi-

327 481 434 515 ditatis
441 480 565 514 evidens
578 479 769 519 testimonium
781 482 817 522 est
827 508 835 515 .
863 483 955 516 Hinc
967 483 1052 517 idem
1064 483 1118 516 ille
1129 484 1156 516 F
1158 483 1201 518 ul-

325 529 456 572 gentius
477 529 510 563 in
543 531 601 563 suo
626 530 780 574 Ruspenfi
804 533 981 566 Eremitico
1003 534 1201 567 monasterio

324 578 498 621 Difilplnrae
522 580 691 615 canobialis
715 584 848 614 ordinem
870 582 1023 621 custodivit
1047 581 1174 625 illaes'um
1185 608 1196 624 ‚

323 634 433 663 nemini
465 631 542 664 dant
568 632 718 664 licentiam
731 631 912 673 profeffionis
933 631 1048 675 sanc‘lae
1070 635 1200 675 regulam

1428 228 1805 265 CAPUT
1878 227 1992 266 xm.

1268 336 1313 367 An
1330 344 1369 366 ea
1377 336 1476 364 omnia
1488 355 1499 370 ‚
1526 342 1592 374 quae
1607 329 1779 373 Augustinus
1793 354 1803 370 ,
1832 330 1963 364 Aurelius
1977 352 1988 370 ,
2014 328 2141 371 Alipiut,

1315 383 1491 425 Fulgentius
1505 405 1515 421 ‚
1538 384 1644 423 aliique
1653 382 1688 413 id
1690 391 1787 424 genus
1801 376 1939 424 Epistopi
1946 373 1980 411 in
1990 377 2098 424 hortis,

1361 437 1446 476 agri:
1457 454 1469 471 ,
1495 442 1530 464 ue
1539 429 1645 474 insulis
1659 429 1834 474 fundarunt
1847 452 1857 467 ‚
1882 426 2052 476 monasteria

1402 480 1526 525 fuerint
1547 479 1717 519 monasteria
1741 484 1943 514 Eremitarum
1951 476 2002 522 seu

1549 529 1751 567 monachorum
1770 555 1780 571 ,
1821 541 1863 564 an

1608 582 1772 616 clericorum
1782 580 1800 615 ἓ

315 685 475 721 praetert're
489 691 494 710 :
521 682 539 711 5
541 683 580 713 ed
584 683 793 722 principaliter
803 682 853 716 hoc
865 681 1083 725 observandum
1100 694 1198 715 mona-

317 728 380 762 cbis·
395 731 519 761 tradens
532 755 542 770 ,
553 740 586 763 ut
596 731 695 764 nullus
706 743 804 765 eorum
813 735 974 774 quidquam
979 731 1035 773 fibi
1043 738 1199 773 proprium

317 779 491 812 vendicaret
505 803 516 819 ‚
536 779 594 823 sed
614 782 701 823 effent
721 782 852 816 omnihus
879 788 977 815 omnia
999 788 1164 815 communia
1188 807 1196 816 .

317 829 396 862 Hoc
412 841 480 863 erat
492 832 644 872 punstum
658 832 835 874 principale
848 857 856 864 .
883 832 976 866 Hinc
993 832 1136 875 denique
1155 831 1195 866 ad

314 879 474 921 populum
488 881 579 914 suum
595 881 675 915 dicit
690 883 813 916 sanstus
837 881 1058 926 Augustinus.
1083 886 1193 916 Omnes

313 927 410 967 offerte
432 932 513 971 quod
523 932 615 963 vultis
629 955 638 970 ‚
649 930 750 971 offerte
763 934 800 964 de
813 933 965 964 voluntate
977 931 1072 971 vestra
1084 956 1091 964 .
1105 935 1197 976 ,Quod

310 989 420 1011 commu
425 991 460 1012 ne
469 986 536 1019 erit,
553 980 740 1020 distribuetur
750 986 912 1024 uuicuique,
922 980 997 1021 ficut
1008 987 1109 1023 cuique
1120 992 1193 1024 opus

310 1036 368 1061 eric
384 1053 390 1059 .
418 1033 484 1064 Gaz
490 1030 666 1070 ophylacium
677 1032 843 1070 attendite,
870 1033 904 1065 ὦ*
915 1042 1013 1064 omnes
1026 1031 1096 1065 bene
1107 1032 1192 1066 babe-

307 1076 402 1110 bimus
420 1102 426 1109 .
452 1079 544 1111 Ualdi
567 1091 610 1111 me
639 1080 788 1121 ιίιίεέἶαι,
806 1080 838 1122 fi
853 1081 951 1124 ipsum
958 1080 1052 1121 fuerit
1060 1082 1191 1124 praescpo

306 1127 433 1167 nostrum
444 1152 454 1168 ‚
485 1138 519 1166 ut
534 1140 585 1162 nos
591 1128 681 1169 simus
687 1133 830 1168 jumenta
852 1134 910 1163 Dei
920 1156 930 1172 ,
956 1142 1010 1164 vos
1023 1143 1092 1174 ager
1115 1136 1170 1165 Dei
1180 1158 1187 1168 ,

305 1181 405 1210 Nemo
428 1179 478 1210 det
502 1178 669 1219 Byrrhum‚
698 1182 750 1213 vel
767 1182 878 1214 lineam
896 1186 1028 1214 tunicam
1040 1205 1050 1222 ,
1072 1181 1123 1224 seu
1136 1184 1190 1214 ali·

303 1229 380 1268 quid
391 1252 401 1267 ‚
428 1226 482 1268 mfi
501 1234 533 1260 in
555 1237 701 1262 commune
713 1244 724 1264 ,·
751 1234 797 1264 De
807 1237 948 1265 communi
959 1237 1105 1272 accipiam
1116 1232 1190 1264 mihi

301 1276 376 1318 ipsi,
402 1289 467 1310 cum
487 1276 582 1321 sciam
602 1290 748 1313 commune
768 1293 813 1314 me
836 1280 945 1315 habere
954 1283 1032 1316 velle
1045 1283 1191 1324 quidquid

301 1327 414 1360 habco.
441 1329 471 1360 51
491 1334 557 1370 quis
582 1331 729 1362 meliorem
740 1332 879 1371 dederit,
907 1332 1026 1371 vendo,
1054 1334 1134 1374 quod
1156 1333 1189 1365 Θ

292 1375 399 1420 facere
416 1376 509 1421 soleo,
538 1388 571 1412 ut
591 1380 710 1420 quando
732 1391 788 1412 non
805 1381 897 1423 potest
911 1371 998 1421 vefiis
1009 1382 1060 1424 effe
1068 1393 1186 1415 commu·

298 1432 348 1459 nis
359 1451 369 1466 ,
391 1434 523 1468 pretium
534 1429 665 1470 vestissit
676 1441 824 1467 commune
839 1457 846 1464 .
873 1434 938 1475 ,Qui
947 1430 1051 1465 habere
1062 1433 1188 1465 voluerit

293 1483 450 1520 proprium
463 1502 472 1517 ,
500 1479 533 1512 (εἰ
546 1480 583 1512 de
591 1486 712 1521 proprio
724 1486 827 1514 vivere
839 1506 850 1522 ,
863 1483 897 1515 o·
907 1491 1011 1514 contra
1020 1481 1072 1521 ista
1079 1489 1186 1522 praece·

294 1536 353 1571 pta
377 1527 471 1565 nostra
483 1526 588 1567 facere
599 1554 609 1569 ‚
631 1538 743 1570 parum
761 1530 799 1570 est
815 1556 825 1571 ‚
852 1539 884 1563 ut
895 1533 993 1564 dicam
1004 1543 1060 1566 non
1079 1543 1187 1566 mecum

297 1576 448 1617 manebit,
470 1575 529 1619 sed
547 1589 597 1611 nec
617 1582 736 1612 clericus
758 1587 832 1613 erit.
862 1584 1005 1614 Dixeram
1028 1587 1125 1623 enim,
1153 1582 1190 1616 (θ’

294 1623 352 1670 scio
364 1637 409 1659 me
420 1627 524 1668 dixisse
535 1651 545 1667 ,
557 1630 638 1670 quod
640 1628 670 1670 fi
675 1631 782 1662 nollent
790 1628 934 1674 suscipere
939 1629 1075 1673 socialem
1087 1638 1188 1665 vitam

297 1687 410 1709 mecum
421 1700 432 1716 ,
459 1688 516 1709 non
529 1678 591 1710 illis
602 1680 729 1712 tollerem
739 1682 921 1721 clericatum,
929 1679 1106 1724 sedseorfim
1119 1694 1187 1715 ma-

300 1735 407 1758 nerent
417 1750 428 1765 ,
457 1729 490 1760 (9⁸
506 1725 620 1769 seorsim
632 1734 770 1762 viverem·
782 1754 791 1768 ‚
817 1733 958 1772 quomodo
969 1732 1078 1774 nossent
1087 1756 1098 1772 ,
1126 1735 1189 1765 Deo

298 1780 441 1808 viverent
459 1800 466 1807 .
496 1780 526 1808 E
529 1786 542 1807 t
553 1787 654 1811 tamen
664 1789 733 1812 ante
746 1782 840 1813 oculos
849 1780 931 1824 positi
947 1805 957 1820 ‚
970 1783 1115 1823 quantum
1127 1794 1187 1814 ma-

296 1826 319 1861 li
337 1823 375 1865 sit
386 1826 406 1855 ἃ
414 1825 556 1866 propofito
565 1829 666 1862 cadere
675 1853 682 1860 .
713 1831 809 1863 Malui
829 1837 907 1864 enim
923 1831 1028 1875 babere
1037 1842 1126 1866 caecos
1140 1834 1190 1866 vel

299 1874 419 1907 claudos
429 1898 439 1914 ,
468 1885 557 1916 quam
563 1877 704 1920 plangere
715 1890 841 1912 mortuos
855 1905 862 1911 .
887 1881 958 1926 Qi
973 1882 1043 1915 sunt
1055 1881 1090 1915 hi
1103 1893 1188 1916 rnor-

301 1924 352 1957 tui
365 1948 376 1964 ‚
403 1924 457 1966 qui
481 1925 553 1957 caeci
580 1926 629 1958 vel
642 1926 749 1960 claudi
764 1929 781 1959 i?
797 1930 860 1962 ‘De
870 1922 986 1969 quibus
999 1931 1031 1962 in
1044 1932 1188 1964 sermone

300 1972 451 2018 proximo
473 1975 660 2016 praecedenri
675 1975 717 2008 fic
729 1976 808 2009 dicit
825 2002 831 2010 .
858 1979 936 2009 Nolo
948 1977 1053 2011 babere
1064 1979 1188 2019 hypocri-

301 2035 367 2057 tas.
400 2023 513 2057 Malum
526 2024 563 2063 est
579 2026 680 2060 cadere
698 2027 717 2058 ἃ
726 2026 868 2068 propofito
878 2050 888 2065 ,
897 2025 954 2068 sed
959 2030 1046 2067 pejus
1060 2027 1189 2069 estfimu-

303 2076 366 2108 lare
380 2073 553 2115 propofitum
565 2098 572 2108 .
602 2074 748 2115 Profeffus
767 2075 806 2113 est
816 2081 881 2115 quis
890 2074 1082 2117 sanc‘litatem
1091 2100 1101 2114 ,
1123 2086 1190 2117 pro-

294 2124 386 2170 fcffus
410 2123 445 2161 cll
468 2128 656 2155 communiter
679 2124 805 2155 vivendi
823 2122 1010 2164 societatem:
1037 2127 1068 2156 si
1081 2125 1118 2156 ab
1141 2125 1191 2159 boc

305 2171 449 2214 proposito
459 2173 596 2204 ceciderit
608 2196 616 2210 ,
644 2173 678 2204 (ε’
696 2180 785 2204 extra
797 2184 922 2208 manens
935 2173 1049 2214 clericus
1055 2173 1153 2214 fuerit
1180 2198 1190 2214 ,

305 2223 450 2254 dimidius
466 2223 566 2253 cecidit
576 2245 586 2261 ‚
613 2223 645 2253 51
661 2224 730 2255 vers>
741 2228 819 2254 intus
833 2222 964 2258 babuerit
970 2216 1193 2263 simulationem,

305 2281 386 2304 totus
398 2272 518 2304 cecidit.
545 2269 990 2315 Itaquemanifestiapostatae
1004 2274 1077 2306 sunt
1099 2274 1192 2307 dum—

306 2331 397 2354 taxat
423 2321 496 2358 caeci
519 2321 715 2362 amenum,
743 2332 776 2355 at
788 2322 863 2355 vero
875 2322 999 2356 occulti
1020 2324 1192 2366 proprieta—

306 2372 345 2404 rii
373 2372 444 2403 sunt
469 2370 563 2412 plen&
574 2370 713 2404 mortui.
742 2371 852 2418 Qare
876 2371 1059 2406 constanter
1079 2373 1154 2406 dico
1182 2398 1193 2413 ,

307 2419 505 2463 syntheses,
535 2419 646 2454 vitales
656 2420 788 2462 census,
816 2422 958 2464 aliasque
978 2422 1011 2455 id
1025 2434 1129 2466 genus
1145 2423 1192 2456 vi·-

306 2482 345 2504 tae
366 2469 549 2504 communis
566 2470 700 2506 strumas
711 2470 888 2516 Augustini
909 2471 1192 2507 institutohostilir

306 2532 353 2554 ter
367 2531 544 2563 repugnare
556 2544 563 2552 .

357 2569 486 2605 Habuit
510 2569 714 2615 Augustinus
740 2571 774 2605 &
794 2571 891 2606 aliam
914 2572 1191 2608 fundamentalem

138 2630 203 2668 593,
236 2640 290 2684 30,
308 2619 558 2660 observantiam,
569 2620 610 2654 de
623 2632 685 2665 qua
698 2621 737 2655 ad
752 2623 908 2665 populum
921 2624 963 2657 fic
974 2623 1073 2660 dicit,
1089 2627 1194 2657 Etiam

309 2670 385 2705 illud
404 2671 484 2702 dico:
505 2669 533 2711 fi
547 2669 631 2711 forte*
652 2677 684 2703 in
696 2670 789 2711 nostra
797 2670 933 2714 J‘ocietate
954 2685 1023 2716 ager
1034 2673 1071 2713 est
1084 2676 1193 2716 aliquis

309 2722 362 2754 vel
378 2719 440 2761 post
458 2721 665 2762 aegrt'tua'inem
678 2745 689 2761 ‚
716 2731 750 2754 ut
761 2723 864 2765 neceffe
871 2722 910 2764 fit
921 2734 987 2759 eum
1007 2733 1078 2757 ante
1092 2723 1194 2756 boram

1360 682 1536 726 Espondeo
1558 682 1653 717 fuisse
1675 681 1894 716 Eremitarum
1920 692 1958 715 ac
1969 681 2146 718 monacho-

1383 744 1454 766 rum
1470 757 1478 764 .
1507 733 1615 767 Credo
1638 742 1704 765 tem
1720 743 1760 765 ex
1773 731 1837 764 huc
1849 733 1949 773 usque
1960 732 2055 768 distis
2081 735 2146 771 effe

1258 781 1548 816 manifestiffimam
1572 806 1583 822 ‚
1609 783 1744 816 interim
1767 791 1896 824 propoer
1925 782 2082 818 tardiores
2106 795 2144 817 ac

1257 832 1437 874 pertinaces
1449 832 1635 875 probationi
1655 831 1733 865 huic
1747 831 1855 866 adbuc
1871 842 2038 874 parumper
2049 831 2146 867 inhae-

1257 893 1381 916 reamus
1396 907 1403 914 .
1431 882 1546 917 Primo
1565 883 1695 926 itaque,
1722 882 1756 915 i'd
1779 880 1865 916 clare
1877 891 1962 924 patet
1974 894 2016 916 ex
2027 882 2145 928 Augu·
2198 888 2201 889 ’

1255 931 1331 966 stini
1352 933 1393 968 de
1405 933 1469 967 suis
1478 932 1683 967 monasteriis
1694 932 1735 966 ad
1747 931 1905 976 populum
1919 931 2022 967 verbis
2037 933 2143 968 :adeo

1254 983 1360 1023 clato,
1387 993 1423 1017 ut
1442 982 1509 1017 fine
1531 983 1579 1017 sui
1604 981 1720 1026 injuria
1745 983 1812 1016 non
1835 981 1954 1025 possint
1965 982 2140 1017 elucidari.

1253 1037 1328 1066 Veni
1340 1034 1382 1065 ad
1392 1032 1476 1073 istam
1485 1038 1642 1067 civitatem
1651 1040 1774 1074 propter
1795 1033 1960 1066 videndum
1973 1038 2102 1066 amicum
2128 1057 2141 1075 ‚
2161 1045 2227 1081 Ser·
2252 1058 2312 1094 49·

1251 1094 1337 1124 quem
1357 1082 1506 1124 putabam
1528 1095 1574 1117 me
1598 1085 1706 1116 lucrari
1723 1083 1798 1124 posse
1818 1085 1880 1115 Deo
1898 1107 1912 1122 ‚
1939 1092 1972 1115 ut
1995 1082 2140 1126 nobiscum
2161 1096 2311 1131 ὠδῖνα,

1251 1133 1368 1174 effit·1n
1395 1132 1581 1172 monasterio.
1609 1131 1842 1174 apprehensus,
1869 1132 2024 1170 Presbyter
2033 1132 2138 1173 fadus
2160 1156 2229 1191 ca?-
2258 1158 2292 1185 ι,

1246 1179 1332 1223 sum'.
1361 1186 1407 1215 Et
1429 1188 1502 1225 quia
1525 1182 1571 1216 bic
1580 1180 1770 1224 disponebam
1782 1182 1834 1223 effe
1846 1185 1879 1212 in
1891 1182 2061 1219 monasterio
2074 1194 2140 1216 cum

1247 1230 1397 1274 fratribus
1418 1255 1426 1268 ‚
1454 1236 1569 1275 cognito
1591 1230 1725 1271 instituto
1744 1231 1946 1265 &voluntate
1956 1242 2043 1270 mea,
2071 1231 2142 1264 bea-

1249 1290 1290 1314 ιω
1311 1287 1456 1322 memoriae
1469 1283 1488 1314 5
1490 1293 1563 1315 enex
1574 1282 1711 1314 Valerius
1727 1282 1812 1313 dedit
1825 1280 1899 1312 mibi
1910 1279 2027 1313 hortum
2041 1282 2138 1321 illum,

1249 1336 1280 1364 in
1300 1342 1356 1372 quo
1379 1343 1456 1364 nunc
1478 1330 1518 1371 est
1539 1330 1742 1370 monasterium
1765 1354 1775 1374 =
1803 1334 1892 1371 Caepi
1909 1329 1976 1363 boni
1995 1330 2135 1372 propositi

1244 1380 1364 1422 fratres
1395 1382 1526 1424 colligere
1538 1404 1548 1421 ‚
1574 1389 1723 1423 compares
1744 1391 1821 1413 meos
1841 1403 1852 1419 ,
1878 1389 1912 1412 ut
1935 1382 1972 1414 de
1991 1385 2136 1414 communi

1248 1436 1419 1465 viveremus
1434 1454 1441 1462 .
1471 1434 1604 1464 Perveni
1619 1432 1664 1464 ad
1683 1428 1914 1472 Episcopatum:
1942 1432 2011 1462 Vidi
2034 1431 2136 1473 necesse

1248 1480 1355 1514 habere
1390 1478 1567 1523 Episcopum
1598 1480 1735 1514 exbibete
1757 1479 1975 1513 humanitatem
1995 1480 2149 1519 afflduani

1247 1529 1404 1573 quibusque
1422 1531 1607 1564 venientibus
1622 1531 1685 1572 five
1707 1528 1931 1572 transiuntibus
1951 1552 1959 1560 .
1999 1531 2092 1573 ‚Quod
2108 1528 2148 1571 fi,

1248 1591 1304 1614 non
1318 1580 1445 1624 feciffem
1458 1605 1468 1621 ,
1491 1580 1656 1624 Episcopus
1673 1579 1854 1614 inhumanus
1881 1581 2014 1622 dicerem
2036 1581 2062 1620 fi
2081 1591 2137 1613 au·

1248 1641 1306 1664 tem
1330 1630 1501 1673 consuetudo
1520 1631 1574 1672 ista
1592 1637 1624 1664 in
1635 1630 1801 1669 monasterio
1811 1630 1948 1672 permiffa
1967 1630 2034 1672 effet
2044 1654 2056 1670 ,
2083 1635 2151 1668 itt-¹

1247 1682 1348 1714 decens
1365 1681 1428 1724 effer
1444 1705 1452 1712 .
1477 1685 1522 1714 Et
1543 1683 1608 1714 ideo
1631 1683 1712 1715 volui
1724 1679 1875 1714 haberem
1887 1682 1969 1724 domo
1983 1680 2038 1721 issa
2059 1683 2137 1721 Epi-

1244 1729 1320 1774 scopi
1341 1742 1450 1765 mecum
1474 1731 1678 1771 monasterium
1698 1732 1886 1764 clericorum.
1915 1730 1996 1764 Non
2010 1731 2044 1764 in
2062 1729 2137 1767 hot·

1247 1790 1282 1814 to
1294 1806 1304 1821 ‚
1330 1781 1383 1815 sed
1406 1782 1440 1814 in
1455 1780 1581 1815 Palatio
1597 1781 1783 1824 Episcopali
1801 1803 1808 1813 2
1833 1781 1927 1814 Hinc
1949 1774 2041 1815 enim
2053 1779 2136 1813 dicit

1249 1831 1283 1864 in
1307 1832 1455 1865 sermone
1470 1831 1634 1873 sequenti.
1663 1832 1901 1872 Nemoamplius
1914 1832 2016 1869 dicat,
2043 1835 2075 1862 in
2085 1831 2137 1862 do-

1248 1892 1326 1914 mum
1343 1881 1524 1922 presbyteri,
1552 1890 1622 1915 ante
1635 1881 1942 1922 domumpresbyteri,
1968 1882 2014 1914 ad
2018 1881 2136 1912 domum

1245 1931 1424 1971 presbyteri:
1448 1932 1503 1967 Ubi
1514 1930 1551 1970 est
1569 1934 1672 1964 domus
1685 1944 1751 1964 mea
1763 1954 1775 1970 ,
1800 1931 1845 1965 ib}
1851 1931 1889 1972 est
1901 1932 2005 1964 domus
2017 1930 2136 1970 presby-

1250 1984 1305 2011 teri
1316 2002 1323 2010 .
1350 1979 1444 2013 Hinc
1458 1981 1559 2014 etiam
1572 1979 1653 2014 dicit
1667 1980 1845 2024 Poffidius„
1863 1975 2141 2021 cumipsiisomper·

1249 2029 1344 2061 clerici
1363 2039 1426 2061 una
1448 2032 1538 2061 etiam
1566 2030 1649 2060 domo
1669 2040 1703 2061 ac
1723 2026 2055 2070 mensaffs'umptibusque
2064 2038 2142 2060 com·

1251 2076 1388 2109 munibus
1413 2078 1568 2108 alebantur
1584 2088 1618 2109 ac
1631 2078 1845 2115 vestiebantur,
1875 2077 1960 2110 Tria
1971 2075 2026 2110 hic
2039 2075 2143 2112 habes·

1251 2124 1443 2157 monasteria
1458 2137 1468 2157 .·
1495 2124 1641 2157 Primum
1667 2125 1866 2168 Tagastense
1887 2134 1964 2158 ante
1976 2125 2140 2168 presbyte-

1252 2184 1357 2208 ratum
1374 2196 1385 2212 ,
1412 2173 1517 2206 immo
1532 2181 1607 2208 ante
1620 2184 1755 2207 omnem
1769 2174 1958 2208 clericatum
1970 2198 1982 2215 ,
2007 2175 2041 2208 in
2054 2175 2138 2219 agris

1253 2223 1387 2265 propriis
1400 2234 1410 2264 ;
1438 2223 1574 2257 alterurn
1586 2233 1733 2267 tempore
1745 2224 1980 2266 presbyteratus
1993 2225 2028 2258 in
2040 2223 2138 2260 horto

1254 2275 1306 2307 seu
1327 2283 1407 2316 agro
1421 2272 1646 2316 Hipponenfi;
1676 2274 1807 2308 tertium
1820 2273 1891 2316 post
1904 2275 2137 2318 episcopatum
2152 2308 2153 2312 ,

1254 2324 1287 2356 in
1301 2324 1436 2356 civitate
1445 2333 1482 2358 ac
1492 2324 1595 2357 domo
1609 2323 1795 2366 Episcopaii
1805 2347 1812 2356 ,
1841 2325 1920 2368 Duo
1932 2324 2036 2366 priora
2046 2333 2139 2358 erant

1251 2372 1439 2417 pariformia
1471 2383 1509 2406 ac
1529 2372 1672 2415 ejusdem
1707 2384 1762 2414 per
1783 2373 1897 2407 omnia
1924 2372 2107 2417 disciplina
2128 2396 2136 2406 .

1255 2423 1347 2456 Hinc
1368 2423 1459 2456 enim
1483 2422 1564 2456 dicit
1586 2421 1672 2455 idem
1697 2421 1860 2457 Poffidius
1880 2446 1890 2454 .
1928 2423 2045 2465 Facffus
2071 2434 2138 2466 ergo

1256 2472 1410 2510 Presbyter
1421 2472 1622 2511 monasterium
1634 2477 1717 2504 intra
1732 2470 1886 2511 Ecclefiam
1909 2483 1977 2504 mox
1988 2472 2135 2512 instituit,

1254 2524 1287 2556 cb·
1309 2534 1375 2555 cum
1395 2525 1452 2555 Dei
1474 2520 1575 2563 servis
1596 2528 1701 2555 vivere
1718 2528 1813 2563 caepit.
1829 2520 1992 2565 secundum
2017 2523 2138 2556 modum

1254 2573 1286 2606 (π
1305 2572 1435 2615 regulam
1455 2569 1510 2615 sub
1533 2570 1648 2614 sanc‘iis
1675 2571 1814 2613 Apostolis
1840 2571 2045 2612 constitutam.
2068 2575 2156 2613 Man

1256 2625 1337 2657 xime*
1351 2632 1384 2654 ut
1402 2633 1485 2655 nemo
1510 2623 1675 2664 quidquam
1697 2628 1856 2671 proprium
1873 2627 1906 2655 in
1926 2622 1979 2659 illa
1993 2620 2134 2664 societate
2152 2654 2158 2660 ,

2158 1944 2240 1995 cip.
2255 1959 2324 1997 κς»

2155 2450 2238 2494 Cap.
2278 2461 2313 2498 5.

1241 2668 1375 2705 ¹haberet
1385 2695 1396 2712 ,
1418 2670 1474 2714 fid
1496 2677 1540 2705 eis
1564 2673 1652 2715 essent
1664 2678 1763 2705 omm'a
1774 2677 1938 2706 communia
1954 2696 1965 2712 ,
1993 2673 2136 2713 &distri-
2156 2708 2159 2711 7

1257 2722 1390 2755 bueretur
1413 2727 1566 2764 unicuique
1578 2721 1653 2762 ficut
1676 2732 1750 2762 opus
1770 2733 1845 2763 erat¹
1859 2747 1872 2762 ‚
1895 2724 1972 2764 quod
1987 2724 2056 2763 jam
2071 2718 2136 2765 ipsa
2155 2745 2157 2748 .

306 2771 434 2813 prandii
455 2769 587 2811 reficere:
615 2774 687 2804 Non
696 2770 837 2813 prohibeo
857 2772 1002 2816 religiosos
1015 2775 1065 2807 vel
1083 2776 1193 2817 religio-
1253 2779 1335 2813 prior
1349 2771 1489 2813 fecerat,
1516 2774 1588 2805 dum
1608 2774 1645 2805 de
1657 2770 1872 2814 transmarinis
1895 2774 1938 2804 ad
1943 2771 2002 2815 sua
2010 2770 2130 2815 remeas
2127 2787 2158 2810 ’¹1

303 2819 360 2865 *sas
382 2826 499 2853 mittere
519 2825 562 2854 eis
574 2844 585 2860 ‚
612 2822 693 2862 quod
703 2823 844 2861 videtur,
872 2832 905 2855 ut
915 2829 1061 2859 mittant.
1091 2826 1195 2856 Pran-
1254 2821 1316 2863 set.
1335 2823 1411 2855 Hoc
1429 2821 1474 2855 est
1487 2846 1498 2862 ,
1510 2833 1581 2856 eam
1594 2824 1694 2865 ipsam
1706 2822 1778 2856 vitae
1793 2821 2000 2864 disciplinam
2013 2834 2050 2856 ac
2063 2832 2137 2856 nor·
2156 2844 2158 2848 ,

312 2871 394 2902 dium
406 2881 505 2903 tamen
515 2872 550 2904 (5
560 2881 676 2905 caenam
690 2881 779 2904 extra
789 2883 871 2905 nemo
892 2871 1026 2906 habebit.
1061 2873 1113 2906 De
1132 2885 1195 2916 qua

313 2919 516 2953 observantia
534 2920 577 2953 fic
590 2921 670 2954 dicit
682 2920 863 2955 Poffidius.
886 2924 1072 2956 servandum
1084 2934 1194 2965 quoque

314 2974 347 3002 in
358 2974 425 3002 vita
441 2971 474 3002 (ν
485 2970 609 3003 moribus
624 2970 750 3004 bominis
763 2973 819 3005 Dei
829 2971 978 3012 referebat
988 2998 998 3013 ‚
1024 2974 1103 3014 quod
1111 2979 1142 3006 in
1153 2979 1195 3006 in·

307 3018 425 3057 stitutis
443 3017 557 3061 sanclae
569 3026 714 3054 memoriae
730 3019 867 3061 Ambrofii
876 3032 1072 3063 compererat,
1103 3033 1137 3056 ut
1165 3030 1196 3056 in

309 3067 368 3110 sua
391 3074 497 3109 patria
509 3080 660 3111 nunquam
669 3078 780 3112 petitus
797 3077 855 3105 iret
865 3073 910 3104 ad
930 3077 1117 3106 convivium:
1147 3078 1198 3108 Ne

312 3127 366 3158 per
369 3117 575 3161 frequentiam
586 3125 735 3161 inputriae
746 3127 898 3156 conviviis
909 3122 1080 3163 constitutus
1089 3132 1196 3165 tempe·

317 3174 424 3200 rantiae
446 3174 633 3203 amitteretur
664 3173 765 3204 modus
778 3195 786 3204 .
815 3172 859 3205 Et
881 3173 958 3206 sanc
969 3196 980 3212 ,
1006 3184 1103 3216 quam
1130 3173 1198 3208 haeo

318 3219 467 3252 convivia
480 3219 672 3255 vmonasticae
683 3222 873 3268 Disciplinae
885 3233 1025 3261 noceant
1037 3247 1047 3265 ,
1075 3234 1196 3260 norunt

319 3265 407 3303 illius
426 3268 600 3309 zelatores.

150 3200 230 3247 Cap.
246 3211 300 3250 27-

1258 2882 1342 2905 mam
1365 2871 1505 2908 instituit
1525 2872 1684 2916 Hippone
1706 2895 1717 2911 ,
1744 2882 1840 2915 quam
1863 2872 1926 2914 jam
1952 2871 1970 2906 ὲ
1992 2872 2136 2907 triennio
2159 2906 2162 2911 ,

1257 2933 1295 2955 εκ
1332 2922 1427 2956 Italia
1459 2920 1559 2956 redux
1584 2922 1766 2956 instituerat
1792 2934 1829 2956 ac
1850 2923 1972 2956 vixerat
2000 2922 2034 2956 in
2057 2932 2138 2967 agro

1257 2972 1407 3016 Tagastae
1420 2995 1427 3003 .
1455 2972 1504 3005 At
1516 2970 1589 3006 vero
1600 2972 1734 3005 tertium
1747 2972 1979 3006 monasterium
1999 2982 2067 3005 erat
2090 2971 2139 3006 di·
2159 2994 2161 2997 .

1259 3021 1401 3064 scipiinae
1412 3023 1541 3064 penitus
1551 3022 1702 3056 diversae:
1730 3021 1845 3056 Primo
1859 3046 1871 3062 ,
1892 3022 1926 3056 in
1939 3020 2138 3056 monasterio

1259 3072 1443 3114 Episcopali
1467 3071 1659 3116 quotidiana
1684 3072 1900 3114 Hospitalitas
1920 3082 1987 3105 erat
1999 3082 2069 3104 non
2083 3071 2139 3104 so-

1258 3121 1327 3155 lum
1354 3133 1521 3166 congrua,
1546 3121 1709 3156 sedetiam
1723 3121 1918 3163 neceffirir,
1944 3131 1976 3155 at
1999 3119 2075 3154 vero
2100 3120 2139 3155 in.

1258 3171 1386 3205 duobus
1407 3171 1565 3214 prioribus
1584 3182 1651 3206 erat
1671 3171 1827 3206 indecens
1839 3183 1875 3205 ac
1887 3183 1955 3205 non
1968 3170 2116 3214 permissa
2129 3194 2140 3202 .
2159 3205 2161 3207 ,

1259 3221 1435 3262 Secundo,
1462 3223 1497 3256 in
1524 3222 1721 3256 monasterio
1746 3219 2141 3265 Episcopalihabitabant

1259 3271 1320 3305 soli
1344 3271 1555 3315 Presbyteri,
1581 3272 1779 3306 Diaconiac
1791 3271 2011 3309 Subdiaconi,
2037 3280 2138 3312 atque

1260 3320 1316 3355 alii
1337 3321 1471 3355 istorum
1495 3320 1649 3360 ordinum
1669 3332 1802 3364 capaces
1816 3346 1825 3361 ‚
1852 3320 1941 3355 acad
1953 3319 2140 3363 illosadspi·

1259 3380 1382 3404 rantes.
1411 3371 1600 3408 Hincenim
1612 3371 1692 3406 dicit
1704 3370 1907 3415 Augustinus
1918 3369 1957 3404 ad
1969 3370 2138 3414 populum.

1259 3426 1377 3459 Nuntio
1404 3422 1487 3461 vobis
1513 3447 1525 3465 ‚
1550 3423 1629 3460 imde
1650 3423 1833 3470 gaudeatis:
1859 3424 1944 3465 ,Quia
1955 3419 2138 3461 omnesfra‘s
2154 3425 2220 3463 Sor.
2253 3437 2314 3476 50.

2024 3479 2087 3505 tres
