2384 3770
198 2671 201 2672 ⁷
258 2668 410 2714 gnitione
432 2678 443 2712 3
468 2679 575 2704 tamen
603 2671 669 2704 line
701 2670 834 2714 physico
861 2671 988 2705 influxu
1008 2684 1019 2705 .-
1046 2670 1128 2716 ergo

624 153 925 221 Qtnssstr
948 148 1069 199 διε.
1108 147 1289 196 Fortu.
1326 149 1620 195 ΙΝε-τι-τυπ

265 235 372 272 cae'est
395 235 570 271 efficienter
584 246 646 279 vper
668 234 834 282 phyfiqum
855 230 1019 272 influxum
1043 230 1131 265 caus-

264 288 329 320 sare
350 288 440 320 suam
463 284 754 331 fignificationem·;
780 283 860 321 ficut
883 279 1054 319 dealbare,
1075 290 1132 314 aut

263 335 438 370 calefacere
459 336 492 369 in
523 338 642 380 genere
660 336 771 377 cauffae
797 332 969 366 efficientis
991 329 1128 374 phyficae

263 386 309 419 est
330 386 510 420 efficienter
527 397 582 429 per
603 383 769 429 physicum
797 382 964 415 influxum
985 381 1127 414 cauffare

263 435 507 470 calefactionem
518 460 529 477 ,
540 445 596 469 aut
609 431 852 468 dealbationem
867 455 874 463 .
890 431 995 476 Atqui
1012 441 1129 464 ornnes

264 485 298 520 &
320 486 392 520 solae
406 487 523 530 species
536 484 686 526 impreffae
700 493 755 526 per
775 479 942 524 phyficum
964 480 1129 516 influxum

264 535 440 570 efficienter
457 535 646 578 attingunt,
665 533 697 566 ἀ
715 533 860 567 cauffan:
888 532 977 565 suam
1003 530 1131 575 (igniti--=

264 587 450 620 cationem.
478 585 567 628 Ergo
586 583 650 616 illae
671 594 788 617 omnes
808 583 841 615 ὅ(
862 581 936 616 solae
956 581 989 615 in
1015 591 1135 626 genere

264 637 376 669 cauffae
394 634 568 668 efficientis
587 632 726 677 phylicae
744 631 929 677 fignificant
945 655 953 664 .
980 630 1131 664 Probatur

265 691 379 717 minor:
402 683 476 727 quia
509 684 682 726 specierum
706 683 842 720 actualis
867 682 1063 726 significatio
1084 678 1129 714 est

265 734 414 779 cognitio
435 731 551 775 objesti
574 732 751 776 procedens
773 734 792 767 ὸ,
816 734 938 775 specie;
965 730 1054 775 atqui
1066 730 1138 772 spe·r
1156 754 1160 755 γ

266 786 330 819 cies
362 784 592 828 cognitionem
618 785 635 817 a
664 784 695 817 se
730 783 962 826 procedentem
1002 767 1151 823 phyfice¹

266 833 582 869 effenivecauffant:
609 844 646 867 ut
670 831 767 866 habet
778 831 965 865 communis
978 828 1129 863 omnium

266 881 535 928 philosophorum
557 883 716 929 sententia
740 884 753 925 (
775 883 840 915 licet
851 892 902 923 ego
924 892 1014 922 quam
1035 883 1132 912 maxi-

265 934 311 967 m?
334 934 370 966 de
392 935 443 966 mo
463 935 598 977 dogmate
615 932 802 974 formidem,
827 932 915 963 imma
942 929 1072 962 dubitem
1097 929 1131 960 ὀ·

266 981 415 1024 baefieem.
438 983 453 1027 )
481 982 570 1027 Ergo
595 983 714 1022 etiam,
743 982 834 1024 jux‘ia
859 989 1069 1014 communem
1096 978 1133 1012 il-

267 1034 331 1068 lam
342 1033 493 1066 omnium
507 1033 837 1076 sententiam‚otnnes
850 1031 966 1074 species
980 1028 1132 1072 impteffae
1147 1047 1150 1056 ·

265 1094 320 1127 per
331 1083 498 1127 physicum
513 1082 678 1116 influxum
692 1082 871 1116 institutum
882 1081 1069 1124 attingunt,
1095 1090 1132 1113 ac
1147 1060 1150 1122 ἒ

266 1133 443 1168 efficienter
463 1134 609 1167 cauffant
631 1134 718 1166 suam
738 1131 1011 1176 significationem
1025 1153 1033 1160 .

315 1194 345 1229 7.
375 1182 430 1217 Ad
458 1183 635 1217 secundum
663 1182 843 1216 membrum
873 1181 1038 1223 pertinent
1062 1189 1130 1212 om·

267 1231 324 1266 nia
343 1233 408 1266 alia
418 1233 507 1276 ligna
532 1233 788 1266 instrumentalia
814 1241 923 1274 praeter
946 1228 1133 1273 speciesim-

266 1282 386 1324 pressas
397 1294 410 1323 ;
431 1293 502 1325 quae
520 1280 705 1325 significant
717 1281 910 1325 cognitione
920 1279 967 1317 fui
991 1279 1133 1313 median·

267 1340 320 1364 te:
343 1331 450 1374 qualia
462 1331 537 1365 sunt
549 1331 677 1371 fumus,
705 1331 819 1374 hedera
845 1329 983 1373 appensa
996 1327 1151 1391 foribus,k

268 1380 366 1415 sonus
376 1391 559 1424 campanae,
585 1392 698 1415 omnes
719 1391 838 1420 vocm,
864 1389 980 1414 omnes
1003 1380 1151 1425 scriptu-3

269 1440 334 1471 τε,
359 1431 487 1474 aliaque
502 1431 615 1465 omnia
636 1430 766 1464 similia.
801 1430 882 1464 Haec
917 1428 1051 1468 omnia,
1078 1428 1152 1464 in··'

269 1491 390 1524 quam,
414 1481 502 1526 ligna
526 1479 785 1515 instrumentalia
804 1476 989 1524 significant
1015 1476 1132 1511 solum·

269 1530 370 1564 modo
391 1529 426 1564 in
449 1541 565 1574 genere
589 1530 698 1566 cauffae
720 1529 870 1569 moralis,
897 1529 961 1561 five
981 1527 1133 1569 intentio-

269 1580 372 1614 nalis.
399 1580 562 1614 Probatur:
591 1581 667 1624 quia
679 1579 904 1624 fignificarein
919 1589 1037 1624 genere
1049 1578 1133 1612 caus-

269 1630 311 1663 sae
336 1631 499 1673 moralis‚³
521 1631 585 1665 five
611 1630 839 1666 intentionalis
860 1629 905 1664 est
921 1630 1017 1662 suam
1040 1628 1135 1673 figni-

270 1679 458 1715 ficationem
479 1682 633 1715 actualem
657 1683 796 1716 cauffare
810 1692 877 1715 non
906 1679 1057 1723 physic&
1082 1678 1134 1713 sed

269 1729 479 1765 solummodo
499 1733 661 1766 moraliter
674 1757 685 1773 ‚
710 1733 775 1767 five
786 1730 1068 1766 intentionaliter:
1090 1740 1136 1767 at·

269 1780 449 1822 quiomnia
470 1781 525 1815 illa
546 1783 632 1827 ligna
654 1781 932 1821 instrumentalia,
949 1792 1018 1824 quae
1038 1779 1153 1830 signi-s

268 1829 370 1864 fleant
387 1832 579 1876 cognitione
598 1832 645 1866 sui
666 1835 852 1873 mediante,
875 1831 1032 1865 aCtualem
1045 1832 1133 1864 suam
1151 1836 1153 1860 ἱ

266 1878 538 1923 significationem
563 1884 708 1916 caussant
736 1882 944 1917 solummodo
971 1881 1153 1925 moraliter,

267 1939 308 1962 ac
329 1930 589 1964 intentionaliter
613 1944 621 1963 ε
653 1934 858 1976 ergo-etiam
879 1931 1065 1974 significant
1086 1929 1153 1972 so-f'

266 1975 442 2011 dummodo
466 1979 499 2012 in
521 1990 640 2023 genere
666 1980 780 2014 caussa
807 1981 937 2014 moralis
959 2005 968 2019 ,
996 1980 1059 2011 sive
1088 1979 1133 2011 in·

267 2027 478 2061 tentionalis.
507 2030 653 2063 Probatur
673 2036 789 2062 minor:
815 2030 890 2072 quia
902 2029 1008 2064 caussa
1030 2029 1133 2061 inten-

266 2076 400 2109 tionalis
419 2077 463 2109 est
488 2077 566 2117 illa,
591 2089 662 2120 quae
683 2080 829 2112 effectum
850 2080 941 2111 suum
962 2078 1133 2119 principiat

266 2123 333 2158 fine
351 2123 485 2167 phyfico
505 2127 652 2166 influxu,
673 2126 837 2160 mediante
859 2127 905 2159 sui
927 2125 1130 2169 cognitione:

263 2174 330 2207 live
354 2174 519 2209 mediante
553 2176 686 2218 alicujus
724 2175 876 2218 potentiae
899 2174 1131 2220 cognoscitivae

260 2222 301 2257 in
314 2224 346 2257 se
359 2225 523 2265 tentione,
546 2226 609 2259 live
635 2225 814 2268 tendentia;
840 2225 950 2268 quales
963 2225 1132 2258 suntcaus-

264 2273 300 2306 sa
323 2273 451 2312 finalis,
474 2275 666 2317 exemplaris
686 2299 698 2315 ‚
723 2275 909 2313 meritoria,
937 2274 1103 2317 impulfiva
1119 2297 1131 2314 ,

264 2321 328 2356 &a
345 2322 506 2364 Adeoque
533 2325 676 2358 caussare
691 2326 724 2357 in
751 2334 872 2368 genere
894 2322 1131 2357 caussaeinten·

264 2371 400 2406 t'ionalis
430 2374 475 2407 est
501 2374 642 2408 caussarc
666 2374 816 2408 effestum
842 2374 935 2408 suum
959 2371 1130 2406 ‘mediante

262 2422 315 2456 sui
341 2422 537 2466 cognitione
571 2435 579 2455 :
604 2422 645 2457 de
671 2435 738 2467 quo
764 2424 872 2458 videre
899 2431 991 2466 potes
1017 2422 1131 2456 eximi·

261 2479 319 2504 um
343 2482 382 2504 ac
400 2471 608 2507 clarissimum
643 2473 771 2514 virum,
796 2473 990 2516 Magistrum
1018 2483 1129 2507 meum

261 2518 436 2555 michaelem
462 2523 651 2555 Paludaenum
680 2533 709 2558 1,
723 2534 756 2562 2.
783 2534 811 2565 q.
844 2531 870 2556 t.
895 2521 972 2564 disp.
1004 2533 1030 2558 1·
1040 2530 1125 2563 part.

262 2580 355 2616 1·n.4.
379 2569 484 2614 Atqui
494 2572 584 2617 ligna
595 2573 707 2607 omnia
720 2571 776 2606 ista
790 2571 914 2615 praefitta
926 2573 1072 2605 caussant
1083 2573 1127 2605 su-

259 2630 314 2654 am
340 2621 498 2655 naualem
524 2621 796 2665 fignificationem
824 2621 988 2656 mediante
1015 2621 1127 2655 suico-

259 2719 408 2753 caussam
435 2720 523 2753 suam
549 2719 820 2764 significationem
850 2721 882 2755 in
900 2732 1028 2765 genere
1039 2723 1123 2755 caus-

259 2768 300 2803 [ε
325 2768 570 2803 intentionalis.
598 2771 692 2813 ,Quod
717 2771 868 2803 mediante
892 2775 1052 2814 cognitione
1074 2769 1126 2813 sui

253 2817 496 2862 fignificationem
516 2816 602 2861 suam
627 2819 751 2861 cauffent
774 2843 784 2859 ‚
811 2820 938 2853 evidens
964 2820 1021 2860 est:
1049 2821 1122 2855 sunt

257 2868 380 2911 quippe
400 2868 486 2913 ligna
500 2869 715 2912 significantia
743 2869 907 2903 mediante
934 2870 981 2903 sui
1009 2872 1122 2915 cogni-

256 2917 367 2952 tione.
396 2920 489 2962 ,Quod
507 2917 566 2958 fine
574 2917 680 2960 pbfico
693 2919 806 2962 influxu
820 2919 970 2961 caussam
996 2921 1121 2952 evidens

255 2974 350 3000 enam
375 2968 436 3010 est,
462 2970 497 3003 Θ
506 2968 674 3010 probatur:
700 2970 776 3013 quia
793 2968 925 3002 istorum
953 2969 1120 3012 signorum

254 3018 387 3051 aetuans
413 3018 606 3063 significatio
617 3019 663 3052 est
691 3018 930 3053 intellectiva&
947 3019 1120 3062 spiritualis

254 3067 423 3111 significati
449 3068 606 3113 cognitio
633 3068 674 3103 ab
702 3070 767 3102 illis
795 3068 993 3112 procedens;
1021 3068 1120 3110 utsta-

253 3121 310 3149 tim
343 3117 427 3158 infra
459 3119 557 3153 dicam
582 3131 589 3151 :
627 3119 717 3162 atqui
743 3118 800 3153 ista
826 3119 915 3163 figna
952 3129 1118 3163 nequeunt
1146 3155 1148 3158 ,

253 3177 401 3201 exercere
428 3166 596 3210 physicum
623 3169 787 3203 influxum
826 3169 858 3201 in
898 3167 1119 3211 spiritualem,

251 3227 291 3251 ac
316 3215 548 3253 intellectivam
576 3219 828 3264 cognitionem
851 3229 926 3252 cum
948 3217 1055 3260 paffim
1078 3230 1116 3253 ac

251 3275 288 3300 ut
311 3266 485 3309 plurimum
511 3269 689 3304 materialia
714 3268 796 3307 fine,
821 3280 856 3301 ac
885 3267 925 3301 ab
950 3267 1115 3302 intellestu

251 3316 328 3350 loeo
352 3316 458 3351 diffita
482 3331 493 3350 .·
531 3329 611 3362 ergo
637 3319 736 3354 etiam
765 3328 931 3361 nequeunt
966 3329 1116 3352 exercere

250 3364 421 3408 phyfieum
448 3366 611 3403 influxum
639 3369 675 3403 in
703 3370 791 3403 suam
815 3367 970 3403 actualem
996 3366 1115 3413 fignifi-

249 3426 429 3453 canonem.
982 3446 985 3447 γ
1058 3451 1060 3453 ,

299 3462 328 3501 8.
357 3468 402 3497 Ee
427 3466 616 3508 confirmatur
643 3468 740 3502 adbuc
760 3474 854 3512 magu
883 3469 939 3510 ld,
964 3469 1045 3511 quod
1067 3470 1114 3509 dt·

299 3548 302 3550 .
338 3514 450 3555 christ.
464 3514 829 3560 Laptope'rarom.X11.
1090 3510 1108 3525 ’“

1931 166 2027 207 119

1195 235 1249 263 xl:
1276 229 1353 273 quia
1378 228 1611 264 intentionales
1637 231 1750 265 caussae
1776 234 1849 268 sunt
1875 233 2066 279 illaehquat

1195 291 1269 314 cum
1281 278 1476 322 effefiuum,
1501 278 1542 313 ad
1565 289 1649 323 quos
1670 290 1920 325 comparantur,
1943 280 2061 319 caussae

1198 327 1330 373 phyficae
1347 340 1414 363 non
1425 327 1506 362 fint:
1536 339 1644 363 tamen
1661 328 2058 380 mediantesuicognitio-

1196 391 1236 414 ne
1247 379 1408 419 excitant,
1422 389 1579 420 movent,
1606 377 1805 420 impellunt,
1834 394 1888 415 aut
1911 384 2057 428 dirigunt

1194 431 1340 466 caussam
1354 427 1515 472 physicam
1529 429 1570 463 ad
1583 429 1713 465 effecius
1726 428 1804 463 istos
1814 430 2057 472 producendos:

1194 479 1365 521 &ratione
1378 478 1465 512 illius
1478 477 1685 513 excitationis
1699 502 1710 518 ,
1735 480 1894 512 motionis
1909 505 1918 519 ‚
1945 484 2060 526 impul-

1194 528 1364 568 fionis,aut
1377 529 1567 571 directionis
1578 529 1732 564 dicuntur
1744 527 1879 563 istorum
1890 530 2061 568 effectuum·

1193 580 1322 612 caussae:
1350 578 1408 612 ista
1421 580 1510 614 enim
1524 579 1568 613 est
1580 590 1689 613 earum
1702 578 1735 613 in
1750 578 1826 612 istos
1836 579 1965 621 effeetus
1976 583 2062 615 caus-

1194 627 1299 662 salitas
1322 653 1329 660 .
1369 630 1461 663 Sicut
1484 629 1574 663 enim
1596 627 1721 674 agentis
1743 629 1920 663 calefaini
1935 651 1945 668 ,
1970 628 2063 673 frige·

1194 679 1302 712 fastivi
1321 703 1332 719 ,
1360 679 1395 715 δε
1422 679 1602 713 dealbativi
1624 678 1822 723 Caussalitas
1849 680 1923 713 sunt
1950 679 2063 713 calefa-

1194 728 1283 768 etio,
1310 728 1510 772 frigefaaio,
1537 740 1574 763 ac
1600 728 1794 765 dealbatio.-
1822 730 1865 762 ita
1891 727 1990 764 etiam
2013 741 2064 764 ca·

1194 777 1271 811 ussae
1297 778 1427 818 finalis,
1455 779 1650 818 meritoriae,
1676 789 1714 812 ec
1740 778 1916 823 impulfivae
1941 780 2062 814 caussa·

1194 828 1265 862 litas
1289 827 1334 860 est
1359 829 1528 863 efficientis
1555 828 1595 864 ad
1622 829 1772 864 effestum
1800 830 1893 864 suum
1921 829 2062 869 efficien->

1193 877 1271 911 dum
1284 879 1412 918 motio,
1438 879 1611 920 attractio,
1627 879 1847 924 acimpulfio.
1875 879 1980 922 Atqui
1993 890 2061 914 om·

1195 927 1248 962 nia
1269 926 1325 961 illa
1352 929 1442 972 figna
1469 929 1724 965 instrumentalia
1753 930 1899 972 praefata,
1927 940 1996 973 qua:
2007 941 2062 964 co-

1193 977 1343 1022 gnitione
1356 978 1400 1011 sui
1416 977 1577 1013 mediante
1604 980 1812 1023 significant,
1837 980 1995 1014 actualem
2014 981 2061 1014 su·

1194 1038 1245 1060 am
1258 1026 1530 1071 fignificationem
1544 1028 1671 1074 physice
1688 1027 1765 1064 'non
1793 1029 1963 1073 attingunt
1976 1054 1986 1070 ,
2008 1041 2062 1066 ne·

1194 1087 1255 1119 que
1265 1077 1431 1119 efficiunt:
1461 1079 1514 1111 sed
1526 1079 1597 1111 sunt
1618 1079 1763 1122 quaedam
1790 1080 1973 1114 occasiones
1987 1104 1997 1119 ‚
2018 1090 2062 1116 at·

1194 1138 1256 1169 que
1283 1126 1517 1167 conditiones,
1543 1140 1610 1171 quae
1638 1129 1803 1164 medianto
1829 1130 1876 1163 sui
1892 1129 2060 1175 cognitio-v

1197 1189 1236 1210 ne
1262 1177 1430 1216 excitant,
1454 1188 1610 1218 movent,
1638 1177 1862 1222 acimpellunt
1880 1177 2063 1221 potentiam

1195 1226 1429 1260 intellectivam
1446 1227 1486 1262 ad
1501 1228 1588 1262 suam
1615 1229 1770 1262 actualem
1788 1227 2063 1272 significationem

1195 1276 1417 1310 efficiendam.
1451 1276 1704 1322 Ergoaeiualem
1730 1276 2003 1323 significationem
2017 1280 2063 1313 su·

1194 1337 1343 1367 amnon
1371 1325 1498 1370 physice
1525 1328 1576 1363 sed
1604 1328 1707 1362 solum
1736 1328 1901 1362 moraliter
1926 1328 1987 1361 live
2015 1328 2065 1360 in-

1196 1376 1595 1413 tentionalitercaussant:
1622 1378 1656 1412 δε
1682 1379 1720 1411 fic
1736 1378 1918 1422 significant
1947 1377 2064 1415 solum·

1195 1426 1297 1462 modo
1325 1427 1357 1459 in
1384 1438 1501 1471 genere
1528 1430 1645 1464 caussae
1673 1431 1807 1462 moralis
1829 1451 1839 1467 ,
1867 1427 1928 1460 five
1957 1429 2062 1460 inten-

1195 1475 1349 1511 tionalis.
1378 1479 1467 1512 Patet
1485 1483 1558 1513 min.
1586 1479 1661 1520 quia
1690 1477 1796 1512 fumus
1824 1477 1988 1512 mediante
2015 1478 2062 1511 sui

1197 1527 1342 1561 visione:
1370 1538 1489 1566 voces,
1516 1529 1615 1563 sonus
1641 1529 1809 1571 tympani,
1836 1527 1944 1568 tubae,
1970 1538 2065 1561 cam-

1197 1587 1284 1619 panae
1307 1598 1317 1614 ‚
1352 1577 1414 1613 ἀς.
1440 1576 1605 1611 mediante
1631 1578 1679 1611 sui
1706 1577 1876 1611 auditione
1901 1589 1908 1609 :
1955 1576 2066 1621 pulsus

1196 1626 1317 1669 artetiae
1341 1625 1577 1662 mediantesui
1605 1627 1961 1662 tastioneintelleclum
1989 1638 2064 1661 mo·-

1199 1689 1273 1713 vent
1310 1688 1406 1722 atque
1432 1677 1650 1713 determinant
1676 1678 1716 1715 ad
1742 1677 1939 1712 eliciendam
1967 1676 2065 1710 intel-

1197 1728 1371 1764 lestionem
1397 1729 1430 1764 ὅ(
1456 1729 1612 1764 actualem
1639 1728 1909 1775 significationem
1933 1727 2066 1761 luorum

1197 1779 1476 1824 significatorum.-
1501 1781 1580 1825 ergo
1592 1781 1706 1814 omnia
1733 1779 1792 1815 ista
1819 1779 1948 1822 praefata
1975 1776 2068 1821 figna¹

1197 1830 1268 1863 sunt
1296 1829 1440 1874 quaedam
1481 1831 1693 1865 conditiones
1719 1842 1758 1864 ac
1784 1828 1972 1863 occasiones
1998 1835 2068 1862 nio-⁴

1197 1888 1352 1914 ventesac
1379 1880 1775 1914 excitantesintellectum
1801 1877 1842 1912 ad
1870 1875 2065 1913 eliciendam

1197 1931 1284 1961 suam
1311 1930 1470 1962 actualem
1498 1928 1788 1973 fignificationem.
2029 1946 2046 1951 —

1200 2006 1206 2010 .
1247 1988 1278 2023 9.
1306 1978 1392 2012 Cum
1415 1976 1476 2011 hac
1501 1979 1625 2022 praefata
1648 1979 1808 2026 divisione
1831 1977 1925 2022 plane
1945 1977 2065 2023 coinci-

1189 2027 1245 2060 dit
1264 2027 1326 2061 alia
1347 2027 1699 2071 figniinstrumentalis
1724 2029 1841 2063 divisio
1867 2041 1929 2073 qua
1957 2029 2063 2063 dividi

1197 2076 1298 2118 potest
1327 2077 1360 2109 in
1388 2077 1518 2119 fignum
1545 2077 1786 2112 instrumentale
1812 2079 1995 2122 significans
2010 2090 2063 2113 co·

1194 2125 1345 2168 gnitione
1371 2125 1418 2158 sui
1447 2125 1639 2168 mediante;
1666 2127 1700 2160 &
1726 2126 1760 2160 in
1787 2127 1913 2171 lignum
1950 2128 2068 2162 instru-

1194 2174 1336 2208 mentale
1360 2174 1545 2219 fignificans
1567 2175 1763 2220 cognitione
1790 2176 1837 2210 sui
1867 2189 1934 2211 non
1963 2177 2064 2211 medi-

1195 2234 1272 2258 ante
1291 2224 1517 2268 .Cognitione
1542 2225 1588 2259 sui
1615 2236 1683 2258 non
1710 2225 1876 2261 mediante
1903 2227 2062 2271 fignificat

1193 2284 1308 2307 omnes
1335 2274 1369 2307 δε
1397 2273 1467 2306 solae
1480 2275 1596 2317 species
1622 2275 1795 2318 impreisae‚
1823 2285 1891 2310 tam
1916 2278 2062 2311 materia·

1194 2322 1260 2361 les,
1286 2333 1383 2365 quam
1412 2323 1616 2366 spirituales,
1641 2324 1804 2357 Probatur:
1837 2325 1913 2368 quia
1940 2325 2061 2371 fignifi-

1193 2383 1264 2406 care
1291 2373 1486 2417 cognitione
1507 2373 1555 2407 sui
1582 2384 1650 2407 non
1678 2373 1843 2408 mediante
1868 2374 1913 2409 est
1941 2375 1976 2411 in
2005 2387 2060 2419 po-

1193 2423 1294 2457 tentia
1305 2423 1550 2467 cognoscitiva‚
1576 2424 1719 2457 caussate
1746 2425 1974 2469 cognitionem
2002 2424 2059 2459 ali-

1191 2473 1351 2515 cujusase
1372 2472 1518 2506 distincti
1541 2497 1552 2514 ‚
1579 2473 1697 2516 absque
1710 2475 1903 2518 cognitione
1922 2474 1991 2516 sui;
2014 2485 2057 2510 at·

1191 2522 1250 2565 qui
1273 2521 1392 2566 species
1411 2533 1526 2557 omnes
1546 2523 1701 2567 impressae
1717 2525 1865 2558 caussant
1888 2524 1921 2556 in
1945 2534 2055 2567 poten-

1191 2575 1234 2606 tia
1245 2573 1471 2617 cognoscitiva
1483 2574 1713 2617 cognitionem
1726 2575 1771 2608 sui
1785 2574 1922 2617 objecti,
1934 2573 2055 2617 absque

1189 2633 1230 2656 eo
1243 2622 1332 2665 quod
1343 2624 1486 2657 caussent
1498 2623 1735 2667 cognitionem·
1745 2625 1790 2658 sui
1805 2637 1813 2656 ε
1835 2626 1953 2668 species
1965 2626 2054 2659 enim

1190 2672 1341 2712 viflbilis,
1357 2672 1533 2713 audibilis,
1559 2673 1796 2717 imaginabilis,
1822 2672 2053 2718 intelligibilis,

1186 2722 1219 2755 &
1239 2722 1260 2755 fi
1280 2733 1350 2765 qux
1370 2723 1407 2757 sit
1418 2722 1503 2763 alia,
1528 2724 1654 2768 caussat
1676 2718 1795 2765 objecti
1810 2722 1856 2760 sui
1882 2717 2054 2766 visionem,

1187 2772 1390 2806 auditionem
1401 2796 1411 2813 ,
1422 2772 1695 2816 imaginationem
1709 2797 1719 2813 ,
1731 2785 1767 2807 ac
1777 2773 2053 2814 intellectionem,

1185 2821 1288 2866 abque
1299 2833 1340 2855 eo
1353 2822 1444 2866 quod
1461 2824 1584 2864 caasser
1596 2824 1643 2857 sui
1656 2823 1825 2866 visionem,
1835 2822 2054 2864 auditionem,

1185 2871 1246 2905 dte.
1268 2872 1385 2915 Neque
1395 2871 1485 2906 enim
1506 2873 1625 2916 species
1645 2872 1800 2914 visibilis,
1826 2884 1882 2907 aut
1894 2873 2051 2907 audibilis

1185 2922 1285 2955 videri
1306 2933 1363 2956 aut
1387 2922 1492 2956 audiri
1515 2922 1617 2966 potest
1636 2948 1643 2955 .
1675 2923 1766 2967 Ergo
1787 2933 1901 2957 omnes
1932 2922 2050 2965 species

1185 2972 1340 3014 imprelsae
1368 2971 1553 3016 fignificant
1574 2972 1769 3016 cognitione
1790 2973 1839 3006 sui
1857 2984 1923 3006 non
1949 2970 2050 3006 medi-

1182 3032 1276 3055 ante.
1305 3023 1351 3055 Α(
1373 3022 1447 3055 verd
1474 3023 1588 3056 omnia
1613 3021 1948 3057 allainstrumentalia
1960 3023 2048 3066 ligna

1183 3082 1289 3113 praeter
1321 3072 1437 3114 species
1457 3071 1638 3116 impressas,
1661 3071 1768 3115 qualia
1805 3073 1879 3107 sunt
1917 3073 2047 3113 fumus,

1182 3121 1298 3155 hedera
1320 3122 1494 3164 appensa„
1511 3122 1542 3156 δε
1566 3122 1629 3155 alia
1652 3122 1763 3156 similia
1788 3122 1970 3168 significant
1994 3132 2047 3157 co-

1178 3171 1330 3215 gnitione
1351 3172 1397 3204 sui
1422 3169 1603 3204 mediante.
1632 3171 1796 3215 Probatur3
1826 3173 1903 3215 quia
1927 3171 2048 3216 fignifi-

1178 3232 1250 3255 care
1277 3220 1472 3264 cognitione
1493 3221 1543 3266 ‘sui
1576 3215 1740 3256 mediante
1759 3222 1804 3256 est
1826 3222 1859 3255 in
1898 3221 2046 3265 potentia

1178 3269 1399 3314 cognoscitiva
1411 3271 1553 3304 caussare
1565 3272 1770 3315 cognitionis
1778 3271 1915 3314 alicujus
1926 3272 1943 3306 a
1956 3271 1988 3307 se
1999 3270 2048 3306 di-

1178 3321 1301 3358 stincti,
1314 3318 1417 3362 ptimo
1429 3321 1571 3358 caussata
1582 3322 1776 3365 cognitione
1788 3323 1834 3355 sui
1848 3336 1860 3356 .·
1873 3323 1963 3365 atqui
1975 3332 2048 3356 om·

1179 3372 1231 3403 nia
1243 3371 1300 3402 ista
1308 3370 1397 3413 figna
1408 3370 1532 3412 praefata
1547 3371 1653 3413 ptimo
1665 3371 1787 3405 caussit
1801 3371 1858 3406 sui*
1875 3370 2049 3412 visionem,

1176 3418 1452 3459 auditionem‚aut
1465 3419 1739 3461 intellectionem,
1752 3422 1864 3456 &tum
1879 3421 2047 3456 mediante

1177 3469 1237 3505 hac
1249 3470 1294 3503 sui
1312 3469 1507 3514 cognitione
1524 3470 1672 3504 caussant
1686 3471 1786 3506 etiam
1808 3470 2044 3518 cognitionem

1570 3519 1599 3553 L
1649 3529 1671 3553 2.
1971 3520 2019 3553 sui
