2384 3770
794 134 1461 183 DsserthroNi's.

243 222 283 256 ἀ
300 220 417 254 valeret
430 242 441 259 ,
470 218 655 254 nativorum
671 218 801 252 suorum
822 219 1044 254 accidentium
1063 220 1116 253 seu

243 271 441 308 facultatum
462 271 639 304 efficaciam
667 269 822 303 excedere
843 268 975 302 deberet
990 281 1000 311 ;
1027 268 1114 317 quod

246 322 294 356 est
309 332 361 362 per
372 330 518 354 naturam
531 317 741 363 impoffibile.
767 317 806 351 In
818 318 961 353 discursu
971 318 1039 361 hoc
1051 332 1122 354 om·

251 372 306 405 nia
319 371 392 404 sunt
404 371 488 404 clara
501 381 610 414 praeter
620 369 775 411 majorem
786 379 797 403 2
811 367 877 402 haec
889 369 966 403 vero
976 370 1021 404 est
1032 371 1118 414 prin-

1177 219 1394 256 Probationes
1414 218 1521 258 vestrae
1542 221 1615 255 sunt
1643 246 1651 254 .
1680 221 1737 256 Est
1760 221 1834 256 luce
1854 222 2033 259 meridiana

1170 270 1293 315 clarior
1304 272 1439 311 veritas,
1467 271 1664 312 experientia
1687 272 1721 306 id
1744 270 1861 313 docet,
1887 283 1976 317 patet
1993 276 2035 310 ad

1170 321 1335 361 oculum,
1354 321 1424 363 ‚dcc
1433 319 1700 366 impugnationes
1715 321 1790 356 vero
1811 323 1919 358 vestrae
1936 325 2036 367 sunt,

1177 371 1420 415 Consequentia
1435 369 1479 403 est
1491 368 1629 402 ridicula
1641 393 1651 408 ,
1673 372 1785 412 credat
1798 373 1925 416 Judaeus
1939 374 2035 418 Apel-

245 422 374 463 eipium
386 431 510 454 certum
521 418 785 455 &indubitatum
798 442 808 458 ,
831 430 870 452 ac
881 421 898 453 a
910 431 1118 464 quocumque
1174 420 1231 461 la,
1257 422 1380 458 Anima
1390 421 1450 454 ovi
1458 419 1613 459 nauseat,
1636 413 1701 452 &c
1711 421 1773 455 Hae
1791 434 1861 460 ιιοιι
1879 424 1953 457 sunt
1966 435 2037 467 pro-

247 472 354 514 polito
367 469 574 514 philosopho
584 469 671 512 bene
685 468 868 512 notandum
884 493 891 501 .
919 474 965 502 Et
975 479 1062 512 pacet
1073 476 1117 504 in-

251 521 385 554 dut‘lione
398 534 408 553 .·
419 539 423 542 ·
436 521 472 554 E.
485 531 517 564 g.
529 518 655 563 Anima
669 517 753 563 nihil
769 519 870 561 potest
884 544 895 559 ,
913 532 1011 564 quam
1023 519 1123 555 intel!

252 571 408 605 lectiones
429 594 440 610 ‚
467 568 644 612 volitiones
666 593 678 615 ,
707 568 846 612 visiones
867 593 879 608 ‚
904 571 1092 612 auditiones
1106 593 1117 609 ,

248 619 523 665 imaginationes,
550 618 751 653 nutritiones
767 642 780 657 ‚
807 621 1117 663 augmentationes,
1156 621 1159 624 ⁴

1158 698 1160 700 v
1179 672 1287 705 oleas.

250 671 286 704 δε
300 669 519 717 vegetationes
536 669 656 704 elicere
667 693 678 709 ,
693 668 726 702 &
736 668 815 702 alias
841 666 1116 714 quasvis'aliarum

250 721 379 754 suarum
399 719 597 765 facultatum
618 720 672 754 seu
690 719 912 763 potentia-rum
934 722 1118 766 sunssiones

252 770 287 804 ἀ
307 770 450 803 actiones
467 770 597 803 efficere
618 793 627 802 .
651 770 772 806 Forma
795 769 1011 808 substantialis
1031 782 1118 815 aqua
1158 765 1160 767 ¹

253 818 341 854 nihil
349 819 455 865 potest
469 843 481 860 ,
502 830 605 866 quam
616 818 829 865 infrigidare,
841 818 1044 865 humectare,
1060 821 1119 855 de-

254 869 405 913 scendere
415 870 450 917 dt
456 869 638 917 gravitate:
629 869 732 919 .Qae
742 868 816 906 sunt
824 871 970 907 actiones
981 882 1120 912 quatuor

250 909 383 963 suorum
407 921 591 953 nativorum
613 917 863 954 accidentium..
880 920 921 954 Et
944 921 988 954 ita
1007 921 1054 954 est
1079 920 1119 955 de

252 970 409 1011 omnibus
421 970 512 1004 aliis.
526 969 729 1015 Generaliter
736 968 817 1013 ergo
829 968 1045 1005 substantialis
1055 972 1118 1004 for-

253 1025 306 1055 ma
317 1020 471 1067 excedere
481 1030 551 1064 ιιοιι
562 1012 665 1063 potest
676 1019 856 1068 efficaciam
869 1021 901 1054 δι
914 1016 1116 1067 astivitatem

255 1061 386 1110 suorum
397 1070 582 1115 nativorum
593 1064 815 1105 accidentium
827 1093 838 1110 ,
861 1081 1072 1119 praeterquam
1084 1072 1118 1104 in

255 1119 305 1154 sui
324 1120 628 1155 communicatione
637 1146 649 1162 ,
673 1120 727 1167 seu
748 1120 796 1153 sui
816 1120 927 1166 similis
939 1115 1120 1169 produCtio·

256 1181 322 1204 ne
353 1169 396 1215 Et
408 1169 475 1205 hoc
487 1193 498 1210 ‚
518 1180 568 1209 uti
559 1170 647 1205 dixi
659 1194 670 1210 ,
679 1170 727 1204 est
740 1169 937 1214 principium
950 1166 1120 1214 pulchrum

255 1232 296 1254 ac
309 1211 389 1254 bene
403 1220 606 1255 notandum.
633 1225 724 1254 Ratio
733 1222 798 1262 ejus
808 1219 849 1260 est
858 1221 942 1253 clara
952 1224 986 1255 ab·
999 1222 1120 1263 efficax.

256 1269 348 1316 Qia
360 1270 472 1315 nativa
481 1271 585 1318 adiva
595 1265 776 1315 accidentia
785 1272 859 1305 sunt
868 1272 1043 1305 formarum
1055 1270 1121 1305 sub-

257 1319 457 1354 stantialium
469 1319 504 1354 in
519 1321 649 1366 agendo
661 1320 828 1355 auxilia&
841 1320 975 1360 subsidia
989 1334 997 1353 :
1011 1322 1098 1364 Nam
1112 1344 1123 1361 ,

257 1380 294 1405 ,ιιι
306 1368 403 1404 habet
415 1370 553 1415 vulgata
557 1371 710 1406 definitio
720 1396 734 1418 ,
755 1370 909 1429 Qualitas
919 1372 962 1405 est
974 1371 1121 1406 nativum

204 1418 211 1423 Χ
258 1419 444 1454 substantiae
464 1432 693 1456 ornamentum
709 1433 748 1455 ac
770 1422 900 1455 virtutis
911 1422 1022 1455 astivae
1035 1432 1122 1462 com·

259 1469 480 1518 plementuui.
509 1464 614 1510 Unde
626 1471 731 1506 forma
742 1471 985 1512 substantialis,
1009 1472 1074 1505 sve
1085 1471 1106 1503 s
1098 1482 1123 1505 t

259 1520 333 1554 viva
345 1538 358 1560 ,
382 1521 449 1556 five
459 1532 528 1555 non
542 1518 635 1559 viva,
664 1522 687 1554 si
698 1520 740 1552 fit
749 1520 847 1555 omui
868 1522 927 1552 suo
948 1521 1061 1553 nativo
1074 1532 1121 1554 ac-

187 1580 199 1590 ·
257 1569 388 1602 cidente
407 1562 569 1611 spoliata,
596 1570 641 1602 est
671 1568 714 1602 ad
734 1566 900 1613 agendum
921 1570 1122 1614 incompleta

542 1618 609 1653 Uti
620 1618 689 1651 dixi
699 1628 741 1650 ex
750 1620 861 1651 sancto
871 1617 1064 1676 Augustino
1077 1621 1123 1653 su·
1146 1627 1147 1630 ’

256 1619 292 1653 ἀ
304 1618 513 1666 inexpedita.

258 1669 313 1711 pra
322 1670 399 1709 Cap
423 1680 455 1705 2
470 1667 632 1709 Adeoque
655 1667 722 1700 sine
742 1668 806 1701 suis
818 1667 941 1702 nativis
951 1667 1123 1703 accidenti

259 1716 318 1752 bus
329 1736 340 1758 ,
362 1718 429 1767 sine
439 1729 553 1752 eorum
565 1717 704 1754 subsidio
716 1718 750 1751 &
761 1716 910 1758 auxilio,
922 1717 1007 1751 nihil
1020 1719 1123 1762 potest

258 1778 353 1812 agere
365 1781 376 1800 .-
392 1767 434 1802 Et
447 1779 502 1811 per
510 1769 711 1823 consequens
723 1767 791 1810 ejus
802 1768 929 1808 virtus,
953 1768 1099 1815 efficacia
1115 1793 1125 1809 ,

258 1829 297 1851 ac
309 1812 454 1865 astivitas
462 1815 623 1852 excedere
628 1828 834 1874 nequaquam
847 1817 950 1860 potest
962 1819 1127 1871 virtutem,

257 1860 479 1915 uastitatem,
504 1879 543 1901 ac
552 1868 727 1902 efficaciam
739 1868 891 1912 omniurn
903 1868 1032 1902 suorum
1046 1866 1127 1901 nati·

259 1927 376 1963 vorum
396 1911 617 1964 accidentium
641 1917 736 1950 fimus
759 1917 983 1958 sumptorum,
1010 1917 1065 1950 nisi
1091 1918 1125 1950 in

258 1967 472 2014 generatione
494 1966 528 2000 δε
550 1966 764 2013 produstione
785 1967 834 2000 sui
858 1966 998 2001 similis·
1026 1967 1126 2000 Hanc

259 2016 352 2050 enim
363 2016 535 2060 estequitur
548 2016 653 2064 forma
673 2007 891 2050 substantialis
912 2028 966 2060 per
982 2018 1012 2051 se
1025 2040 1035 2057 ,
1062 2017 1127 2051 fine

258 2066 440 2110 succursu,
458 2065 598 2113 subsidio
611 2090 623 2107 ,
648 2078 687 2101 ac
697 2065 824 2113 auxilio
835 2068 1067 2111 cujuscumque
1080 2068 1125 2100 sui

258 2107 465 2165 accidentis,·
491 2126 528 2150 ut
539 2115 662 2159 semper
682 2111 744 2150 fuit
768 2116 852 2155 mihi
873 2116 1061 2150 constanter
1082 2116 1127 2149 vi-

257 2166 349 2198 sum.
378 2166 482 2212 Atqui
501 2165 629 2198 nullum
649 2167 796 2197 nativum
813 2166 893 2212 aeris
911 2153 1127 2207 accidenspo-

260 2214 320 2248 test
332 2208 654 2261 esseinstrumentum
670 2215 814 2247 viventia
837 2208 985 2247 animans
1006 2215 1126 2247 &con-

260 2264 421 2298 formans:
451 2263 541 2308 Ergo
556 2273 658 2304 neque
680 2262 713 2295 id
726 2261 788 2294 effe
810 2262 914 2304 potest
925 2262 1006 2295 aeris
1021 2262 1126 2295 forma

261 2310 506 2350 substantialis,
531 2312 678 2355 adeoque
702 2320 807 2353 neque
823 2306 892 2371 ipse
911 2322 982 2345 aer.
1012 2310 1127 2356 Perga-

261 2372 334 2397 ιιιιι3
344 2357 446 2396 modo
470 2361 510 2396 ad
523 2371 702 2421 quartum.
757 2367 760 2370 '
997 2411 1003 2415 μ

393 2461 417 2506 s
467 2462 497 2512 ε-
547 2461 579 2508 c
627 2460 667 2510 T
715 2459 733 2511 ι
782 2462 816 2495 0
917 2458 992 2507 zv-

297 2561 406 2606 cauffae
427 2562 606 2605 principans
633 2565 733 2594 ovum
757 2560 946 2607 conformans
972 2556 1031 2594 no‘n
1055 2559 1093 2600 est

547 2611 666 2659 gallina
692 2610 852 2658 incubant.

266 2721 297 2759 9.
405 2707 519 2745 Um&
537 2709 617 2754 ergo
639 2708 771 2749 dicitis:
797 2710 873 2743 Ova
895 2709 1058 2755 duplicem
1070 2709 1124 2744 ha-

430 2760 504 2793 bere
527 2760 589 2793 suae
611 2759 887 2795 conformationis
906 2761 938 2793 δι
960 2761 1125 2804 organiza-

263 2811 365 2859 tionis
380 2810 552 2844 cazuffam
575 2803 700 2844 Unam
725 2808 965 2852 principalem,
991 2811 1122 2844 alteram

262 2860 478 2906 subsidiariam
490 2871 528 2894 ac
540 2858 838 2893 instrumentalem.'
866 2859 1016 2894 Causram
1029 2852 1121 2902 hujus

264 2911 371 2954 operis
394 2904 606 2957 principalem
624 2903 732 2943 dicitis
750 2909 812 2943 esse
831 2909 974 2952 animam
995 2910 1124 2954 gallinas

264 2962 326 2994 sive
340 2962 517 3014 praesentis
512 2983 522 3000 ‚
549 2960 613 2993 sive
626 2959 786 3001 absentis;
813 2950 954 3000 caussam
973 2959 1122 2994 subsidia-

265 3009 347 3044 riam'
359 3023 396 3044 ac
406 3009 682 3045 instrumentalem
694 3008 805 3043 dicitis
813 3019 880 3043 non
893 3008 1041 3056 gallina:
1034 3021 1124 3044 incu-

266 3061 397 3101 bantis,
422 3061 527 3099 furni,
551 3060 678 3099 fimeti,
703 3052 920 3098 mammillae,
944 3069 1000 3093 aut
1020 3060 1125 3110 axillas

265 3111 428 3152 calorem,
446 3111 499 3145 sed
512 3104 656 3154 spiritum
670 3119 735 3142 ovo
748 3109 907 3143 inclusum
918 3109 936 3141 a
946 3110 1073 3144 calore'
1066 3122 1123 3145 im·

265 3160 391 3206 pulsum
411 3162 654 3195 &excitatum
683 3159 836 3199 Utraque
855 3169 963 3192 autem
976 3159 1121 3194 vestridi-

266 3210 308 3244 sti
320 3220 389 3254 pars
399 3209 445 3243 est
458 3211 550 3253 plane
560 3210 653 3258 salsa.
682 3210 728 3242 At
741 3209 840 3256 miror
862 3219 926 3252 ego
948 3209 1096 3266 equidem
1113 3234 1123 3249 ‚

265 3271 325 3294 cur
349 3270 407 3293 vos
430 3283 441 3300 ‚
466 3271 543 3293 cum
564 3261 624 3294 viri
646 3259 730 3302 dosii
744 3259 811 3292 fitis
833 3283 843 3298 ‚
876 3259 994 3293 mentis
1016 3261 1123 3294 vesitae

267 3310 424 3357 placitum
460 3309 629 3344 dumtaxat
666 3310 830 3343 insinuetis
865 3332 876 3348 ‚
901 3309 935 3342 &
972 3309 1061 3344 nulla
1087 3310 1120 3343 id

268 3360 395 3394 ratione
425 3369 481 3393 aut
515 3359 725 3405 irrefragabili
767 3359 955 3404 austoritate
995 3359 1123 3393 robore-

269 3410 313 3444 tis
336 3410 352 3441 2
379 3409 492 3443 Multa
514 3411 664 3453 negatis,
690 3409 791 3443 multa
814 3402 1000 3442 asseveratis
1024 3422 1031 3441 :
1057 3410 1123 3445 Ul-

270 3470 319 3504 tra
331 3458 397 3494 haec
409 3454 548 3506 amplius
558 3458 656 3503 qnid.
650 3460 665 3484 2
691 3459 787 3494 Nihil
805 3460 945 3494 omnino
966 3458 1124 3503 probatis
1136 3464 1143 3497 l

1176 470 1329 507 bationes
1339 480 1394 505 aut
1405 468 1689 513 impugnationes;
1702 470 1755 506 sed
1767 473 1842 506 sunt
1853 472 2016 508 irrisiones
2025 498 2036 515 ,

1179 519 1465 561 subsannationes,
1480 530 1519 553 ac
1526 518 1764 552 cavillationes.
1789 521 1870 556 Non
1884 524 1928 557 ita
1941 534 2038 568 agere

1173 571 1349 614 oportebat
1362 572 1447 604 viros
1458 570 1571 603 destos
1581 569 1613 603 δι
1624 568 1825 612 qualificatos
1836 596 1845 611 ,
1857 573 1969 615 quales
1980 585 2037 609 vos

1178 632 1242 665 ego
1256 621 1397 677 suspicio
1408 644 1420 661 ‚
1446 619 1623 667 veneror&
1633 618 1784 655 honoro.
1816 619 1938 666 Verum
1953 623 2037 657 intra

1232 732 1284 757 10.
1311 719 1423 755 Primo
1434 719 1536 764 ergo,
1556 717 1770 755 Subsidiarius
1791 730 1828 754 ac
1841 720 2039 756 instrumen-

1176 772 1220 819 lis
1238 772 1294 805 ovi
1303 772 1527 806 conformatur
1538 780 1741 814 nequaquam
1758 770 1806 804 est
1817 771 1962 805 inclusus
1973 782 2040 812 ovo

1183 822 1325 865 spiritus.
1352 823 1444 856 Ratio
1450 819 1510 859 eli:
1514 820 1630 877 Qia
1641 818 1768 863 spiritus
1778 844 1791 860 ,
1813 821 1874 864 ‚qui
1889 833 1955 854 non
1969 821 2041 865 est,

1159 906 1163 913 ,-
1182 883 1250 906 ιιοιι
1260 861 1367 916 potest
1372 862 1581 905 consorniare
1599 870 1631 903 ὅ(
1641 872 1845 913 organizare.
1877 870 2041 913 Equidem

1183 933 1251 956 ιιοιι
1271 923 1358 965 entis
1369 922 1451 965 ficut
1470 920 1562 961 ΙιιιιΙΙιι
1586 920 1631 953 est
1647 920 1815 959 essentia,
1831 921 1879 955 ita
1896 921 1985 955 nulla
1996 922 2043 954 est

1181 972 1264 1017 adio
1288 972 1322 1006 δε
1335 963 1495 1005 efficacia.
1520 969 1626 1016 Atqui
1641 970 1750 1004 nullus
1761 970 1806 1004 est
1819 981 1887 1004 ovo
1899 970 2045 1004 inclusus

1160 1013 1327 1065 -spiritus.
1354 1024 1466 1057 Ovum
1489 1021 1608 1064 quippe
1627 1020 1673 1054 est
1696 1029 1806 1054 totum
1828 1020 1985 1064 frigidum
2006 1021 2045 1056 &

1183 1071 1348 1117 gelidum;
1376 1071 1524 1114 adeoque
1539 1069 1648 1104 calido
1666 1069 1793 1113 spiritui
1816 1070 1964 1114 ineptum
1988 1070 2049 1104 do-

1185 1121 1363 1158 micilium:
1393 1120 1460 1155 Uti
1481 1121 1551 1154 dixi
1573 1119 1671 1154 latius
1694 1121 1787 1163 supra
1809 1124 1886 1162 Cap.
1914 1117 1942 1156 8.
1958 1120 2045 1165 Ergo

1185 1183 1283 1207 ovum
1296 1181 1498 1217 nequaqnam
1512 1156 1611 1214 potest
1626 1170 1823 1204 conformari
1845 1172 1862 1204 a
1874 1170 2007 1214 spiritu
1999 1182 2047 1204 ιιι·

1185 1233 1231 1269 tra
1244 1223 1275 1256 se
1285 1222 1443 1256 concluso
1451 1230 1607 1268 tauquam
1627 1221 1645 1254 a
1657 1219 1819 1266 principio
1840 1221 1900 1254 suas
1918 1221 2051 1253 confor-

1186 1273 1340 1307 mationis
1365 1271 1532 1308 subsidiari
1556 1292 1567 1314 Ι.
1600 1269 1892 1315 Adstipulabimini
1921 1271 2048 1303 fortasse

1188 1322 1340 1357 Antonio
1363 1313 1491 1356 Poncio
1512 1321 1638 1354 Sanc'ia-
1642 1319 1729 1353 Cruz
1751 1321 1771 1352 1.
1791 1320 1830 1354 de
1840 1322 2047 1362 Hippot-rauca

1187 1372 1353 1420 Philosbph
1366 1372 1482 1418 digress.
1496 1383 1528 1407 2.
1540 1380 1645 1404 contra
1666 1374 1830 1412 opinionem
1843 1368 1958 1413 Dolluff.
1971 1373 2048 1402 Fie-

1186 1429 1240 1463 ni,
1263 1424 1412 1462 dicentes
1422 1433 1498 1456 cum
1514 1421 1594 1454 illo:
1623 1423 1660 1452 ln
1667 1418 1830 1463 seminabat
1844 1419 2046 1464 frigidtffimis

1165 1480 1167 1482 '
1181 1471 1314 1516 servatis
1327 1471 1497 1518 infirmia,
1521 1478 1555 1504 m
1566 1476 1658 1511 ovis,
1680 1475 1718 1516 jn
1727 1468 1790 1513 pis
1791 1471 1882 1510 ibus,
1907 1471 2050 1513 igniculus

1187 1524 1236 1557 ille
1250 1521 1391 1566 servatur
1412 1515 1589 1565 spirituosus
1606 1545 1618 1560 ,
1640 1520 1752 1563 ‚ibidem
1775 1524 1936 1563 contegitur
1956 1544 1967 1561 ‚
1992 1519 2052 1552 ibs-

1187 1574 1256 1605 dem
1266 1573 1305 1604 ab
1317 1572 1403 1612 astris
1413 1572 1536 1611 fovetur
1547 1583 1561 1610 ;
1583 1570 1679 1609 proba
1700 1579 1734 1610 ιιι
1744 1576 1925 1604 contrarium
1937 1594 1947 1610 ‚
1967 1567 2053 1610 fipa·

1187 1614 1279 1655 rueris
1290 1645 1298 1653 .
1307 1620 1433 1654 Verum
1447 1618 1546 1662 proba
1557 1614 1607 1659 tu,
1619 1626 1655 1650 tu
1666 1618 1756 1656 enim
1770 1616 1944 1661 obligaris:
1960 1618 2050 1651 Nam

1187 1681 1295 1703 meum
1309 1662 1431 1702 ‹ii-{ium
1446 1669 1490 1700 est
1509 1665 1776 1710 pura'negativa3
1806 1676 1842 1707 at
1856 1676 1953 1700 ‘tuum
1978 1665 2053 1700 vero

1187 1720 1233 1754 est
1246 1719 1392 1763 quaedam
1405 1718 1597 1752 affirmativa
1613 1726 1693 1762 purae
1706 1716 1784 1749 meiz
1799 1717 1957 1760 negativae
1970 1728 2052 1750 con-

1189 1768 1372 1803 tradistoria
1387 1781 1395 1800 ε
1424 1768 1525 1811 Atqui
1538 1777 1616 1814 pura
1630 1765 1780 1810 negativa
1804 1768 1821 1797 a
1835 1767 1966 1800 nemine
1978 1777 2053 1808 pro-

1190 1819 1257 1853 bari
1278 1817 1373 1868 debet
1384 1841 1396 1857 ,
1421 1818 1497 1876 quia
1518 1828 1574 1860 per
1595 1825 1742 1850 naturam
1766 1815 1891 1858 probari
1917 1827 1984 1850 non
1997 1827 2054 1861 po-

1189 1869 1267 1911 test3
1289 1863 1348 1901 Αι
1368 1868 1445 1901 vero
1457 1877 1667 1910 quaecumque
1691 1865 1883 1900 affirmativa
1896 1877 1979 1909 purae
2002 1876 2055 1901 ne·

1189 1919 1304 1962 gativae
1312 1916 1561 1964 contradictoria
1574 1916 1701 1959 probari
1714 1915 1854 1949 omnino
1867 1916 1983 1950 debet:
2006 1917 2054 1950 ni·

1189 1969 1209 2011 si
1219 1968 1292 2002 talis
1303 1967 1422 2007 fuerit,
1441 1978 1477 2000 ut
1490 1977 1547 2011 pto
1566 1964 1620 1999 illa
1633 1967 1716 2009 Juris
1726 1966 1834 2010 aliqua
1850 1966 2054 2010 praesumptio

1190 2007 1327 2052 steterit.
1340 2016 1423 2064 Ψε
1434 2017 1549 2050 omnia
1560 2016 1643 2061 bene
1656 2015 1812 2057 novistis,
1828 2018 1849 2048 sl
1864 2017 2052 2050 alterutrius

1190 2068 1336 2102 codicem
1350 2066 1431 2111 Juris
1443 2068 1492 2101 vel
1503 2066 1633 2110 modice
1645 2066 1782 2114 legistis.
1809 2066 1900 2111 Ergo
1911 2067 2055 2111 allegan-

1187 2117 1302 2163 darum
1314 2110 1476 2160 obligatio
1488 2116 1717 2161 probationum
1738 2115 1901 2150 incumbit
1914 2127 1981 2150 non
1994 2116 2056 2161 mi·

1190 2157 1249 2205 hi,
1274 2163 1327 2198 sed
1340 2163 1424 2198 tibi·
1450 2165 1583 2198 Interim
1594 2174 1704 2197 tamen
1718 2165 1807 2206 quod
1820 2165 1902 2199 mihi
1915 2177 1982 2199 non
1994 2167 2055 2199 im-

1191 2214 1333 2256 ponebat
1344 2207 1562 2260 obligationis
1575 2213 1762 2254 neceffitas,
1774 2214 1887 2252 suasit,
1912 2215 1945 2249 δε
1959 2223 1995 2249 ut
2008 2216 2056 2250 fa·

1190 2264 1295 2296 'cerem
1316 2263 1424 2295 effecit
1446 2261 1615 2304 opinionis
1645 2262 1678 2293 &
1699 2264 1803 2295 afferri
1827 2265 1890 2296 mei
1913 2264 2053 2299 veritas:

1191 2312 1332 2355 probavi
1343 2311 1432 2345 enim
1444 2320 1552 2344 meum
1564 2309 1687 2344 dictum
1699 2310 1790 2353 supra
1802 2315 1878 2352 Cap.
1894 2309 1928 2347 8.
1939 2314 1998 2346 Ast
2010 2314 2055 2348 de

1191 2355 1451 2406 instrumentaria
1463 2371 1500 2394 ac
1512 2358 1694 2393 subsidiaria
1707 2359 1800 2402 hujus
1819 2361 1953 2402 feminei
1966 2362 2054 2405 spiri—

1191 2422 1242 2445 tus
1254 2435 1265 2452 ‚
1278 2412 1312 2446 in
1324 2407 1596 2459 conformationis
1605 2420 1688 2454 opus
1698 2410 1841 2447 efficacia
1851 2410 1960 2446 dicam
1971 2412 2052 2446 alias

1190 2459 1298 2496 adhuc
1324 2461 1437 2508 plura.

1244 2522 1256 2546 ι
1267 2521 1294 2547 ι
1308 2511 1428 2555 Neque
1437 2509 1536 2544 etiam
1548 2510 1652 2544 caussa
1666 2508 1763 2553 hujus
1772 2511 1882 2555 operis
1893 2511 2051 2555 principa-

1190 2561 1227 2595 lis
1240 2562 1302 2595 esse
1324 2561 1427 2605 potest
1448 2560 1578 2604 gallina:
1597 2559 1786 2594 incubantis
1798 2561 1928 2596 anima.
1956 2565 2049 2595 Ram

1189 2611 1244 2651 est:
1276 2612 1365 2658 Qia
1376 2609 1526 2657 animalis
1548 2609 1736 2657 incubantis
1762 2611 1871 2645 anima
1885 2622 1951 2644 ovo
1964 2611 2050 2657 nihil

1188 2662 1316 2695 confert
1329 2660 1469 2704 amplius
1481 2685 1492 2701 ,
1517 2659 1679 2706 quantilli
1691 2652 1836 2707 conserat
1849 2661 1975 2695 calidus
1985 2662 2051 2695 fur-

1180 2721 1271 2753 nus,
1295 2710 1441 2754 tepidum
1453 2709 1692 2754 hypocaustum
1703 2734 1714 2751 ,
1741 2710 1864 2755 pingue
1875 2711 2023 2745 fimetum
2034 2735 2046 2751 ,

1186 2759 1282 2795 axilla
1292 2771 1347 2795 aut
1361 2760 1539 2806 mammilla
1551 2760 1716 2805 humana,
1738 2769 1796 2796 aut
1805 2758 1893 2794 aliud
1904 2759 2048 2802 quodvis

1185 2811 1347 2859 simileovi
1357 2803 1559 2849 fomentum.
1591 2809 1679 2854 Nam
1691 2810 1733 2844 ab
1745 2810 1821 2849 illo,
1838 2810 1855 2843 a
1866 2820 1932 2853 quo
1946 2810 2049 2857 sequi-

1185 2873 1237 2895 tur
1249 2851 1466 2905 pareffestus‚
1491 2861 1592 2893 etiam
1610 2850 1704 2894 datur
1724 2872 1778 2904 par
1794 2856 1956 2894 influxus.
1986 2859 2047 2898 At·

1185 2911 1240 2956 qui
1263 2910 1319 2944 ista
1330 2911 1442 2956 omnia
1464 2921 1532 2944 non
1543 2911 1717 2955 conferunt
1729 2921 1794 2944 ovo
1808 2909 1970 2956 influxum
1981 2910 2043 2943 suae

1183 2961 1437 3009 organizationis
1465 2950 1697 3004 principalem,
1725 2959 1794 2993 imo
1821 2970 1926 3017 neque
1948 2959 2046 2992 influ-

1185 3022 1264 3046 xum
1282 3011 1593 3057 instrumentasem:
1620 3010 1805 3044 Conferant
1831 3009 1921 3043 enim
1941 3010 2045 3043 solam

1183 3063 1293 3096 cauffae
1319 3052 1538 3107 principaliter
1557 3060 1725 3094 influentis
1753 3070 1792 3094 ac
1823 3059 2046 3104 organizantis

1184 3111 1402 3145 aestuationem
1423 3132 1434 3148 ,
1460 3110 1625 3157 sotionem
1648 3133 1660 3149 ,
1685 3110 1770 3153 quasi
1793 3110 1903 3153 sopitae
1921 3109 1952 3142 &
1973 3108 2045 3143 dor-

1185 3160 1318 3205 mientis
1331 3158 1582 3203 excitationem,
1594 3160 1627 3194 &
1637 3159 1678 3193 ad
1685 3171 1771 3217 opus
1783 3160 1874 3205 suum
1887 3156 2045 3193 inchoan·

1184 3211 1264 3245 dum
1277 3211 1310 3244 δε
1316 3198 1635 3245 consummandum
1627 3209 1855 3255 invitationem
1875 3219 1912 3242 ac
1923 3208 2046 3255 impul-

1185 3261 1325 3310 sionem.
1356 3259 1618 3294 Uticoncedunt
1627 3259 1728 3305 etiam
1741 3260 1819 3294 DD.
1832 3252 2046 3303 Marpurgen·

1185 3311 1251 3344 ses.
1282 3308 1372 3355 Ergo
1392 3309 1425 3343 id
1443 3311 1547 3367 ipsum
1568 3301 1769 3350 dumtaxat,
1794 3310 1829 3344 &
1852 3308 1936 3343 nihil
1958 3306 2047 3342 aliud

1187 3352 1308 3404 praestat
1318 3370 1384 3393 ovo
1396 3360 1506 3393 anima
1518 3359 1642 3405 ovipari
1657 3359 1807 3394 animalis
1818 3369 1920 3394 ovum
1933 3359 2046 3393 foven-

1186 3411 1228 3444 tis
1240 3434 1250 3449 ‚
1279 3410 1313 3443 &
1327 3409 1481 3444 incubatu
1493 3409 1792 3444 suocaiefacIentis.
1822 3412 1997 3443 Praeeerea:
1990 3407 2045 3439 ·Si

1185 3460 1308 3506 gallina
1327 3453 1486 3495 incubans
1506 3460 1591 3526 foret
1610 3459 1796 3505 principalis
1816 3457 1911 3503 hujus
1938 3456 2046 3553 opseris

1907 3517 1994 3539 cau·
