2384 3770
635 130 803 196 Qin
840 125 942 172 Sir
978 121 1283 169 Insrirurc
1310 120 1425 166 Sic.
1461 134 1655 169 AREIT.

253 206 389 254 plicatio
404 206 509 242 crucis
522 206 612 251 super
625 208 766 242 frontem
779 205 999 242 confirmandi
1014 218 1021 238 ε
1036 205 1137 241 colla·
1150 218 1154 226 ’

254 261 303 295 tio
317 257 525 292 Eucharistiae
546 257 591 292 est
619 257 792 302 applicatio
807 256 931 290 Hostiae
946 255 997 291 vel
1011 255 1136 291 Calicis
1151 239 1168 284 1

256 309 297 342 ad
310 319 347 342 os
362 309 517 343 sumentis
527 333 537 349 ,
563 308 674 343 &c-hae
686 319 795 342 autem
809 306 1046 350 applicationes
1058 307 1137 349 quid

255 358 361 401 quaeso
386 359 458 392 sunt
481 358 570 392 aliud
590 382 602 398 ,
629 369 726 402 quam
748 356 926 400 applicatio
949 356 1136 391 sacramenti

255 406 296 442 ad
318 407 465 442 effectum
499 409 590 442 suum
611 406 819 441 cauffandum
843 429 854 446 ,
893 408 927 440 δε
948 406 1137 451 significan-

255 457 359 492 dum?
385 469 464 504 ergo
485 457 621 492 collatio
644 458 834 491 sacramenti
862 480 873 496 ,
899 458 931 492 ὅ(
962 457 1137 500 suppositio

256 509 447 544 sacramenti
466 507 549 541 idem
565 506 658 550 plane
672 507 762 540 sunt.
793 506 871 539 Hoc
899 506 1003 549 posito

308 567 358 604 19.
388 558 489 593 Facile*
504 557 651 598 probatur
689 557 860 590 vetitionem
887 556 1034 600 inclusam
1056 563 1088 591 i‘n
1101 556 1136 598 fi·

251 614 308 653 gni
326 607 516 652 suppofiti'one
545 609 595 650 effe
619 608 714 648 plan?
750 604 902 649 diversam
926 609 947 639 ἃ
969 609 1110 642 volmone
1126 631 1137 647 ‚

256 670 325 702 quae
343 652 380 697 est
396 656 470 702 signi
493 657 536 689 ad
555 655 779 700 fignificandum
799 656 966 696 institutio:
992 661 1067 701 quia
1083 668 1134 690 vo·

257 709 332 741 litio
348 731 359 747 ,
388 717 457 751 quae
478 705 541 740 fuit
563 708 756 745 sacramenti
778 707 944 748 institutio
968 732 979 748 ,
1007 708 1052 741 est
1082 719 1136 741 vo·

257 757 353 797 litio,
381 767 442 800 qua
466 756 614 791 Christus
637 758 803 791 Dominus
828 758 1015 792 benedidius
1029 758 1135 792 voluit

255 818 316 841 nos
339 808 385 840 uti
415 806 535 841 talibus
567 807 766 841 sensibilibus
795 807 893 852 signis
927 807 968 840 ad
996 807 1135 841 nostram

255 858 554 893 sanctificationem
576 870 586 900 3
613 856 678 890 five
696 868 758 900 qua
781 857 886 891 voluit
909 856 1060 890 homines
1081 856 1135 890 sibi

254 918 372 941 mutuo
397 907 556 951 applicare
575 907 649 940 talia
670 905 759 951 signa
784 906 943 945 sensibilia
968 919 977 940 ι
1017 908 1136 941 νοΙίἰὶο

256 956 335 990 vero
354 958 479 991 inclusa
503 959 537 990 in
563 957 742 990 collatione
764 957 816 990 seu
850 956 1071 1000 suppositione
1094 958 1134 990 sa-

254 1007 413 1040 cramenti
436 1007 482 1040 est
506 1007 624 1040 volitio
645 1031 656 1047 ,
683 1017 744 1051 qua
768 1007 914 1041 minister
936 1006 1004 1040 vult
1029 1018 1134 1050 parere

254 1055 305 1089 isti
323 1057 454 1091 decreto
475 1068 513 1091 ac
535 1056 690 1091 volitioni
716 1054 838 1091 Christi
861 1057 1025 1096 Domini,
1052 1058 1132 1091 &in

254 1105 321 1141 alio
356 1107 493 1141 bomine
522 1107 724 1142 sanititatem
759 1118 811 1150 per
843 1106 907 1141 tale
930 1106 1075 1141 sensibile
1101 1108 1131 1140 si-

254 1167 358 1200 gnum
378 1156 518 1192 cauffare
540 1181 551 1196 ‚
587 1158 621 1191 ὅ(
646 1157 823 1200 significare
844 1170 855 1191 .·
882 1158 970 1200 atqui
995 1156 1043 1191 hae
1066 1158 1135 1190 duae

253 1205 433 1242 volitiones
448 1207 527 1240 ‘sunt
550 1207 645 1250 plane
668 1207 819 1249 diversae·,
846 1206 966 1242 habent
987 1208 1077 1241 enim
1089 1207 1134 1241 di-

255 1256 422 1290 versissima
443 1254 587 1297 objecta:
616 1256 736 1290 volitio
759 1268 924 1300 namque,
951 1268 1022 1300 quae
1032 1257 1075 1290 est
1091 1259 1134 1291 sa·

253 1304 413 1339 eramenti
434 1304 598 1339 institutio
619 1329 630 1344 ,
670 1317 729 1348 pro
761 1305 887 1348 objecto
912 1306 1010 1341 habet
1038 1309 1132 1341 sacra-

254 1365 443 1389 mentorum
465 1356 556 1389 usum
578 1379 590 1395 ‚
626 1356 923 1399 frequentationem
947 1381 958 1397 ‚
985 1357 1132 1391 col'atio-

255 1415 354 1443 nem,
383 1407 437 1439 seu
465 1406 745 1450 suppositionem;
773 1406 890 1441 volitio
914 1406 988 1440 vero
1010 1407 1134 1440 inclusa

256 1455 292 1489 in
316 1456 507 1489 sacramenti
541 1456 720 1490 collatione
755 1457 807 1489 seu
832 1457 1050 1500 suppositione
1075 1468 1133 1500 pro

255 1504 382 1548 objecto
402 1502 501 1541 habet
522 1507 633 1550 gratiae
653 1506 886 1540 caussationem
909 1530 920 1547 ,
958 1507 989 1540 δε
1015 1507 1132 1551 signifi-

254 1557 419 1589 cationem
432 1565 487 1599 per
495 1555 731 1590 sacramentum
745 1556 945 1598 faciendam3
974 1567 1044 1598 quae
1054 1557 1135 1597 duo,

254 1609 297 1639 uti·
315 1612 423 1648 patet,
450 1604 525 1640 sunt
546 1606 642 1649 plane
665 1607 785 1640 diversa
798 1606 1027 1650 acdispatat23
1054 1603 1133 1651 ergo

254 1654 374 1689 volitio
399 1655 524 1689 inclusa
557 1656 590 1689 in
622 1656 704 1700 signi
731 1657 950 1699 suppositione
970 1656 1015 1691 est
1041 1657 1135 1702 plane

254 1705 414 1750 disparata
437 1705 477 1739 ab
496 1705 551 1739 illa
564 1729 575 1746 ,
600 1717 670 1749 quae
690 1706 734 1740 est
751 1705 833 1751 signi
848 1706 1010 1751 impositio
1023 1732 1031 1740 .

304 1764 360 1790 20.
390 1755 464 1800 Ego
488 1757 607 1799 quippe
630 1756 670 1789 de
695 1757 774 1801 signi
796 1757 1050 1793 institutione&
1065 1758 1133 1799 sup·

255 1804 418 1850 positione
438 1817 481 1839 eo
509 1806 612 1840 modo
634 1805 923 1850 philosophor(&
943 1805 1133 1850 speroprofe-

255 1855 301 1891 δὸ
313 1857 395 1898 quod
414 1866 472 1888 non
495 1857 601 1898 male)
626 1867 693 1899 quo
715 1856 832 1899 juristae
861 1856 1134 1901 philosophantur

255 1906 297 1941 de
320 1905 456 1948 alicujus
477 1907 563 1940 astus
584 1905 870 1951 legitimi(quales
882 1919 909 1940 ν.
921 1919 951 1951 g.
965 1909 1037 1941 sunt
1051 1908 1134 1947 testa-

256 1964 389 1988 mentum
409 1954 584 1994 faciendum
607 1979 618 1994 ‚
658 1960 933 1988 Excommunicati'o
947 1956 1081 1997 ferenda
1102 1962 1135 1988 in

253 2001 379 2048 firiptis
392 2027 402 2043 ,
427 2006 489 2044 ejus
515 2002 657 2046 absolutio
674 2005 876 2046 impendenda
893 2005 993 2038 verbis
1010 2030 1020 2045 ,
1043 2006 1133 2046 stipu-

257 2054 330 2087 latio
342 2051 488 2094 facienda
504 2052 562 2096 sub
583 2062 665 2087 certa
686 2054 1007 2095 verborumformula‚
1033 2056 1065 2088 δε
1078 2057 1132 2088 alii

255 2103 398 2143 similes)
425 2103 649 2139 institutione,
676 2104 709 2135 <Sc
730 2103 952 2138 celebratione
975 2105 1038 2137 sive
1062 2115 1131 2137 exe·

254 2151 412 2186 cutione.
440 2152 541 2185 Actus
566 2151 709 2194 legitimi
735 2151 975 2186 institutionem
997 2164 1070 2186 cum
1087 2156 1131 2186 in>

254 2201 432 2237 stitutione
454 2201 535 2247 signi
559 2214 569 2244 3
596 2201 683 2235 illius
710 2204 939 2236 executionem
962 2202 1024 2237 sive
1045 2204 1132 2237 cele-

255 2251 441 2287 brationem
473 2263 549 2284 cum
582 2252 665 2295 signi
705 2253 923 2294 siipposirion1
950 2254 1134 2295 aequiparo:

255 2312 334 2334 narn
357 2301 404 2334 uti
428 2301 591 2334 institutio
610 2300 691 2344 ligni
714 2301 757 2333 est
781 2301 943 2335 decretum
966 2304 1135 2337 aucloriia-

257 2351 364 2385 tivum
385 2349 520 2393 alleujus
539 2350 750 2392 praecipientis
773 2361 888 2384 omnes
911 2351 967 2385 sibi
981 2352 1135 2394 subjettos

257 2401 306 2436 uti
334 2400 398 2439 hoe
428 2399 523 2445 signo
554 2401 595 2435 ad
623 2400 871 2444 significandum
891 2399 955 2434 hoc
978 2402 1134 2446 significa·

255 2460 328 2484 tum
348 2461 361 2492 ·,
395 2450 439 2483 ita
458 2451 558 2484 etiam
577 2450 741 2484 institutio
771 2450 1137 2486 Excommunicationis

254 2499 391 2536 ferendae
411 2501 446 2532 in
472 2501 595 2543 scriptis
624 2501 669 2533 est
697 2501 960 2535 audiorirativum
987 2502 1133 2535 Romani

253 2550 428 2584 Pontificis
450 2549 615 2584 decretum
642 2550 826 2584 mandantis
846 2562 962 2586 ornnes
986 2554 1133 2596 praelatos

253 2601 285 2635 se
307 2601 476 2634 inferiores
498 2602 547 2635 uti
570 2601 722 2643 scriptura
742 2601 783 2634 ad
815 2602 982 2636 ferendam
1003 2614 1133 2636 excom-

253 2650 538 2686 municationem:
565 2662 603 2684 ac
615 2651 780 2684 institutio
791 2652 1013 2694 stipulationis
1023 2654 1066 2686 est
1081 2655 1132 2686 de-

254 2711 380 2749 cretum
406 2701 615 2743 Imperatoris
644 2699 828 2735 mandantis
847 2713 962 2736 omnes
985 2702 1042 2737 sibi
1066 2703 1121 2736 sub

255 2751 357 2795 jestos
377 2750 427 2783 uti
449 2749 509 2784 hac
528 2749 669 2784 formula
693 2752 864 2785 verborum
886 2752 926 2786 ad
951 2753 1132 2787 ineundum

254 2800 348 2835 hunc
376 2801 578 2834 contractum
603 2824 611 2834 .
649 2801 692 2833 Et
723 2802 801 2835 sicut
826 2802 999 2844 suppositio
1028 2805 1132 2847 signi,

255 2849 343 2884 verb.
358 2860 405 2896 gr.
420 2850 594 2894 suppositio
617 2850 708 2884 vocis
728 2852 771 2885 est
798 2852 939 2892 prolatio
960 2853 1046 2887 vocis
1057 2865 1132 2888 cum

255 2900 445 2935 intentione
471 2902 675 2945 significandi
704 2902 924 2947 significatum
945 2901 1013 2944 ejus
1039 2916 1049 2946 ς
1086 2905 1131 2939 ita

254 2951 357 2985 etiam
382 2951 559 2985 celebratio
573 2953 937 2987 Excommunicationis
957 2953 1001 2986 est
1019 2955 1132 2988 forma-

254 3001 307 3035 tio
328 3000 487 3044 scripturae
507 3014 582 3036 cum
608 3004 793 3036 intentione
816 3002 965 3046 ligandi:
993 3004 1025 3036 ὅ(
1050 3004 1131 3038 cele·

253 3050 361 3085 bratio
384 3051 605 3094 stipulationis
627 3053 671 3086 est
688 3052 829 3097 prolatio
848 3063 939 3085 certae
961 3052 1131 3088 verborum

252 3100 401 3135 formulae
418 3113 494 3136 cum
514 3100 921 3138 intentionecontrahendi
934 3127 945 3143 ‚
970 3103 1043 3138 &se
1054 3103 1129 3138 obli

253 3150 381 3195 gandi;
408 3163 486 3196 ergo
510 3155 593 3188 reste
613 3154 631 3188 ὲ.
653 3166 707 3188 me
730 3153 894 3187 institutio
918 3154 1005 3187 astus
1026 3154 1132 3198 legiti-

253 3201 300 3234 mi
322 3198 630 3238 cum'institutione
656 3204 764 3249 signi,
791 3204 823 3238 ὅ(
847 3203 933 3237 illitis
958 3201 1134 3238 celebratio

253 3261 329 3284 cum
353 3250 449 3293 hujus
468 3254 692 3296 suppositione<
710 3264 918 3297 comparatur
940 3267 951 3287 .-
972 3255 1061 3296 atqui
1080 3267 1129 3288 vo-

253 3301 327 3335 litio
352 3301 409 3334 illa
435 3327 447 3343 ²
472 3315 544 3347 quae
564 3304 607 3337 est
632 3307 716 3339 adius
735 3303 876 3350 legitimi
898 3303 1060 3339 institutio
1086 3305 1130 3340 est

255 3349 349 3393 plane
368 3352 524 3394 disparata
550 3353 591 3387 ab
613 3354 668 3388 illa
692 3380 702 3396 ,
739 3367 810 3399 quae
831 3354 1010 3388 involvitur
1037 3356 1070 3389 in
1097 3356 1128 3390 il·

254 3399 317 3434 lius
340 3402 582 3446 celebratione3
611 3405 658 3438 uti
680 3405 802 3439 clarum
815 3404 860 3438 est
877 3428 887 3444 ,
911 3405 943 3438 &
959 3404 1067 3439 videre
1078 3418 1132 3449 po-

255 3460 303 3487 tes
328 3453 414 3494 apud
438 3455 637 3499 Magistrum
663 3455 803 3498 Basiliam
818 3452 1023 3498 ch.³onensem
1045 3456 1133 3494 lib-1.

1941 136 2032 169 111

1198 207 1234 239 de
1256 204 1428 247 martinon.
1452 213 1515 246 cap.
1530 216 1563 247 ς.
1584 216 1663 249 ergo
1687 203 1830 241 similiter
1854 204 1974 240 volitio
1995 203 2076 245 illa.

1199 267 1270 298 quae
1290 256 1437 300 est-'fi‘gni
1462 255 1650 294 institutio,
1676 256 1770 295 plane
1793 258 1953 301 disparata
1974 255 2020 292 est
2035 253 2078 289 ab

1200 306 1280 344 illa,
1308 316 1377 348 quae
1399 305 1577 339 involvitur
1602 303 1636 336 in
1659 303 1745 337 illius
1760 307 1978 350 suppofitzone
1994 330 2002 339 ,

1248 366 1307 391 21.
1335 360 1389 388 Ex
1412 355 1516 397 quibus
1527 354 1664 387 omnihus
1689 356 1811 386 tandem
1834 357 1967 390 concludo
1981 368 1993 390 ,⁶
2019 353 2079 390 ha‹

1201 406 1250 439 sce
1270 404 1348 438 duas
1372 406 1548 439 volitiones
1569 406 1614 438 ita
1639 403 1703 437 sese
1722 401 1837 436 habere
1852 428 1862 444 ,
1888 417 1923 439 ut
1950 417 2015 440 una
2038 405 2075 439 sit

1199 451 1362 495 objet‘ffim
1389 456 1521 489 alterius
1548 479 1559 494 ,
1594 465 1663 487 non
1697 454 1829 496 quidem
1856 455 1956 488 totale
1976 480 1987 496 ,
2021 454 2076 490 sed

1201 506 1356 548 partiale:
1384 506 1506 539 volitio
1528 505 1649 548 quippe
1669 503 1819 537 involuta
1841 502 1876 535 in
1901 503 1981 547 signi
2006 506 2079 547 sup-

1201 555 1359 598 positione
1383 556 1427 589 est
1444 555 1609 598 objectum
1630 553 1762 597 partiale
1782 551 1871 585 illius
1894 576 1905 592 ,
1936 564 2005 596 quae
2030 554 2077 588 est

1197 606 1279 649 signi
1304 606 1489 648 impositio.
1519 609 1609 639 Ratio
1627 604 1663 644 est
1677 603 1782 637 clara:
1809 602 1903 644 quia,
1931 603 2076 642 aridia-1,
2136 640 2138 642 ¹

1197 655 1361 698 objestum
1398 656 1612 690 institutionis
1646 654 1690 688 est
1718 653 1895 698 suppositio
1917 652 1983 685 five
2003 654 2079 685 usus

1197 705 1276 750 signi
1300 718 1309 747 ;
1341 705 1425 739 niliil
1449 717 1590 748 namque
1612 705 1657 738 est
1680 703 1766 737 aliud
1790 728 1800 743 ‚
1826 713 1923 744 quam
1946 701 2082 736 austori-

1198 757 1334 789 tativum
1362 756 1548 795 decretum,
1578 766 1645 799 quo
1665 753 1737 797 quis
1759 753 1899 797 praecipit
1920 754 2012 786 usum
2035 761 2083 786 ta-

1196 805 1236 839 lis
1261 806 1310 839 vel
1333 807 1406 840 talis
1427 805 1509 851 signi
1530 805 1571 839 ad
1594 805 1692 839 talem
1714 828 1724 844 ,
1753 804 1801 837 vel
1833 803 1932 836 talem
1955 813 2022 836 rem
2045 801 2082 835 si-

1197 856 1419 899 gnificandam
1444 870 1455 890 .·
1477 856 1566 900 atqui
1592 856 1666 890 usus
1690 853 1754 888 five
1776 852 1951 897 suppositio
1975 851 2083 896 signi,

1198 906 1286 940 verb.
1298 918 1346 951 gr.
1368 906 1457 939 vocis
1483 931 1494 946 ,
1531 906 1575 940 est
1612 905 1757 949 prolatio
1781 904 1871 938 vocis
1892 903 1983 936 simul
2004 912 2083 936 cum

1196 955 1355 990 volitione
1377 957 1430 989 seu
1453 956 1638 991 intentione
1670 965 1723 998 per
1751 955 1842 988 illam
1865 951 2070 998 significandi

1197 1006 1415 1049 significatum
1441 1006 1507 1048 ejus
1528 1019 1537 1048 3
1575 1018 1654 1050 ergo
1674 1004 1889 1039 institutionis
1909 1003 2071 1046 objectum

1196 1055 1297 1090 totale
1323 1055 1367 1090 est
1397 1055 1667 1100 sigriisuppositio
1687 1067 1696 1097 ·,
1728 1055 1847 1088 volitio
1870 1052 1995 1087 veroin
2009 1054 2078 1095 sup-

1196 1107 1382 1150 positione,
1408 1116 1574 1148 tamquam
1596 1105 1798 1141 alteraillius
1825 1115 1898 1149 pars
1920 1126 1932 1143 ,
1960 1101 2085 1148 inclusa.

1195 1157 1239 1191 est
1254 1156 1415 1200 objectum
1428 1155 1580 1201 partiale.

1396 1257 1430 1291 D
1458 1255 1498 1291 U
1525 1256 1553 1289 B
1579 1255 1595 1289 1
1621 1255 1662 1291 U
1690 1255 1729 1289 M
1790 1254 1864 1290 lv.

1410 1358 1492 1401 ,Quis
1509 1357 1590 1399 pofflt
1609 1355 1755 1396 instituere
1770 1352 1854 1399 figna

1549 1406 1716 1440 arbitraria
1727 1408 1739 1440 ?

1373 1506 1411 1540 Τ
1431 1506 1505 1550 quis
1529 1507 1624 1550 poffit
1646 1506 1815 1540 instituere
1837 1506 1949 1550 signa,
1977 1504 2082 1547 requi·

1390 1567 1506 1590 runtur
1535 1559 1613 1590 tria.-
1646 1556 1766 1590 scilicet
1788 1556 1972 1589 intellectus
1989 1579 2000 1595 ,
2027 1566 2084 1589 vo-

1198 1607 1304 1641 luntas
1322 1631 1333 1647 ,
1361 1609 1392 1642 &
1415 1608 1612 1649 auctoritas3
1638 1606 1725 1640 unde
1750 1606 1843 1640 bruta
1863 1604 2028 1639 intellessu
2043 1616 2082 1638 ac

1199 1658 1365 1692 voluntate
1388 1658 1531 1691 carentia
1556 1669 1622 1690 non
1647 1656 1777 1700 possunt
1797 1656 1880 1689 inter
1891 1656 2084 1689 seinstitue—

1196 1720 1228 1742 re
1249 1709 1281 1744 ὃ(
1313 1708 1465 1742 ordinare
1486 1708 1576 1752 signa
1599 1732 1606 1739 .
1644 1709 1750 1740 Prima
1768 1714 1844 1748 pars
1867 1707 1904 1739 de
1932 1705 2081 1738 intellec‘lu

1196 1769 1229 1791 ac
1253 1761 1407 1792 voluntate
1427 1758 1593 1800 probatur:
1622 1758 1698 1801 quin
1721 1767 1757 1790 ut
1783 1755 1854 1800 quis
1877 1756 1967 1800 signa
1993 1754 2081 1789 insti-

1198 1819 1265 1843 tuat
1288 1834 1298 1848 ,
1337 1809 1431 1843 debet
1454 1809 1655 1853 cognoscere
1679 1806 1906 1841 habitudinem
1931 1805 2013 1850 ligni
2036 1804 2079 1839 ad

1196 1859 1412 1903 significatum
1435 1882 1446 1897 ,
1471 1860 1503 1892 ὃ(
1526 1857 1698 1901 significati
1720 1857 1760 1890 ad
1786 1856 1913 1899 signum
1936 1867 1950 1897 ς
1988 1855 2078 1898 atqui

1196 1909 1269 1942 talis
1290 1906 1448 1942 habitudo
1466 1908 1624 1951 cognosci
1648 1918 1716 1940 non
1731 1905 1835 1948 potest
1858 1904 1915 1938 nisi
1940 1917 1994 1949 per
2020 1916 2076 1948 po·

1197 1957 1334 1991 tentiam
1369 1957 1511 2001 plurium
1542 1955 1745 1999 objectorum
1783 1955 1869 1989 inter
1899 1956 1930 1990 se
1951 1955 2079 1990 collati-

1198 2019 1294 2047 vam,
1321 2018 1357 2040 ac
1380 2007 1611 2048 discretivam;
1634 2007 1690 2048 qui
1715 2005 1759 2040 est
1773 2005 2078 2047 solus'intelleetus3

1196 2068 1295 2100 ergo,
1322 2066 1357 2089 ut
1379 2058 1451 2099 quis
1474 2057 1620 2088 instituat
1640 2056 1752 2099 signa,
1778 2055 1895 2090 habere
1917 2055 2014 2091 debet
2029 2056 2078 2089 in-

1197 2107 1360 2139 tellectum
1385 2117 1420 2138 ac
1446 2117 1499 2147 per
1521 2106 1725 2147 consequens
1752 2105 1975 2139 voluntatem.
2008 2109 2080 2139 Pro-

1195 2156 1286 2188 batur
1305 2156 1423 2195 major.-
1450 2154 1525 2198 quia
1549 2153 1718 2188 instituere
1741 2156 1830 2199 signa
1843 2156 1886 2188 est
1899 2156 2079 2195 ordinare,

1196 2206 1229 2239 &
1250 2206 1423 2240 decernere
1447 2216 1544 2238 unam
1568 2215 1635 2238 rem
1646 2205 1684 2238 ad
1699 2204 1943 2249 fignificandam
1955 2205 2077 2239 aliam:

1195 2258 1285 2298 atqui
1315 2254 1380 2288 hoc
1402 2255 1591 2293 decretum,
1619 2255 1650 2289 ὃ(
1675 2254 1742 2288 haec
1755 2255 1924 2289 ordinatio
1945 2254 2080 2289 fierine·

1196 2306 1266 2348 quit
1289 2327 1302 2344 ,
1324 2306 1389 2337 fine
1413 2304 1612 2348 cognitione
1638 2302 1868 2344 habitudinis,
1895 2316 1992 2349 quam
2014 2305 2079 2339 illae

1197 2365 1244 2387 res
1267 2355 1352 2388 inter
1372 2355 1436 2388 sese
1454 2364 1570 2387 mutuo
1593 2352 1716 2387 habent
1740 2365 1749 2396 ·,
1776 2365 1856 2398 ergo
1878 2363 1913 2387 ut
1935 2355 2006 2397 quis
2029 2356 2081 2389 in·

1198 2404 1308 2438 stiruat
1341 2405 1430 2448 signa
1459 2429 1469 2444 ,
1506 2405 1703 2447 cognoscere
1728 2403 1825 2437 debet
1847 2414 1975 2438 mutuas
2003 2404 2079 2439 illas

1198 2455 1425 2492 habitudines,
1454 2466 1483 2490 2-
1507 2457 1587 2487 Pars
1615 2456 1652 2487 de
1679 2454 1855 2487 auc‘loritate
1869 2455 2077 2496 etiamproba·

1197 2515 1246 2538 tur
1260 2518 1270 2537 :
1299 2505 1375 2548 quia
1395 2504 1557 2538 institutio
1581 2504 1663 2548 signi
1678 2505 1722 2538 est
1736 2505 1824 2548 quasi
1840 2505 1986 2547 quaedam
2000 2504 2076 2546 lew,

1195 2554 1240 2588 est
1264 2556 1382 2598 quippe
1405 2555 1570 2588 decretum
1597 2556 1630 2589 δε
1660 2555 1850 2589 mandatum
1876 2579 1887 2594 ,
1913 2566 1981 2598 quo
2003 2555 2077 2598 quis

1198 2605 1338 2648 praecipit
1376 2628 1389 2645 ,
1419 2615 1589 2646 totamque
1621 2605 1764 2646 aliquam
1801 2605 2078 2639 communitatem

1195 2656 1321 2699 obligat
1345 2677 1357 2694 ,
1391 2666 1425 2689 ut
1448 2667 1503 2698 pei·
1529 2654 1592 2688 tale
1619 2655 1747 2700 signum
1767 2655 1928 2699 significet
1950 2655 2014 2688 tale
2035 2655 2077 2688 fi·-

1195 2706 1415 2750 gnificatum3
1439 2705 1530 2746 atqui
1557 2704 1598 2738 ad
1626 2703 1790 2739 ferendam
1814 2706 1944 2748 legem,
1971 2704 2078 2738 decre·
2123 2697 2137 2709 ¹

1196 2767 1267 2789 tum
1295 2780 1305 2796 ,
1342 2766 1397 2789 aut
1426 2755 1615 2789 mandatum
1638 2780 1652 2796 ,
1685 2756 1858 2797 requiritur
1885 2763 2076 2796 competens

1194 2806 1396 2848 aufiorita33
1432 2817 1514 2849 ergo
1548 2806 1649 2839 etiam
1686 2805 1857 2849 requiritur
1883 2812 2075 2847 competens

1194 2857 1365 2890 auetoritas
1392 2856 1432 2890 ad
1461 2856 1658 2889 instituenda
1670 2856 1778 2900 signa.
1803 2855 1969 2902 Qiaeritur
1994 2865 2075 2898 ergo

1194 2904 1248 2940 hic
1274 2917 1371 2949 penes
1400 2917 1485 2950 quos
1510 2907 1545 2940 sit
1569 2905 1635 2940 haec
1648 2917 1838 2948 competens
1849 2904 2050 2938 auctoritas?

1243 2966 1299 3002 23.
1331 2957 1380 2990 Ac
1420 2958 1455 2990 in
1490 2958 1601 3000 primis
1639 2956 1777 2989 dubitari
1805 2966 1873 2988 non
1902 2954 2005 2997 potest
2032 2952 2075 2988 de

1195 3007 1385 3040 auctoritate
1412 3007 1497 3047 Dei,
1526 3008 1581 3040 ilie
1605 3008 1731 3039 etenim
1758 3007 1803 3039 est
1831 3006 1944 3040 omnis
1968 3006 2077 3038 aucto-

1196 3058 1303 3090 ritatis
1329 3057 1451 3100 primus
1479 3057 1556 3090 fons
1585 3082 1594 3097 ‚
1622 3068 1659 3090 ac
1688 3056 1827 3099 primum
1855 3054 2080 3099 principium,

1194 3108 1212 3140 a
1239 3118 1305 3149 quo
1333 3119 1448 3141 omnes
1486 3107 1542 3140 alii
1570 3106 1792 3140 auctoritatem
1818 3106 2015 3149 participant
2042 3104 2077 3138 ὃς

1197 3168 1414 3199 mutuantur,
1440 3156 1496 3190 ille
1521 3167 1602 3200 ergo
1629 3156 1732 3200 potest
1756 3167 1823 3190 tam
1850 3156 1934 3189 inter
1963 3154 2077 3198 Ange-

1198 3208 1270 3245 los,
1295 3218 1392 3248 quam
1423 3207 1507 3239 inter
1528 3204 1684 3241 homines
1704 3204 1872 3240 instituere
1899 3206 2002 3249 signa.
2033 3205 2079 3238 Et

1197 3256 1280 3290 inter
1309 3255 1370 3290 nos
1395 3256 1435 3289 de
1461 3257 1547 3290 facto
1570 3256 1716 3300 quaedam
1745 3255 1884 3290 instituit
1900 3267 1913 3297 3,
1936 3253 2080 3288 instituit

1198 3317 1340 3350 namque
1367 3305 1487 3339 iridem
1512 3307 1546 3339 in
1575 3308 1704 3352 signum
1719 3307 1870 3344 foederis,
1894 3306 1928 3339 ἅς
1949 3317 2017 3339 non
2030 3305 2081 3338 fu-

1197 3357 1259 3390 turi
1299 3354 1439 3399 amplius
1472 3356 1610 3399 diluvii;
1647 3357 1790 3390 instituit
1829 3356 1965 3390 nomina
1986 3354 2085 3388 Abra-

1198 3406 1290 3446 bam,
1316 3408 1392 3438 sara
1418 3429 1429 3446 ,
1457 3403 1552 3448 Israel
1574 3430 1585 3447 ‚
1603 3410 1773 3451 Jocmnes,
1794 3405 1911 3451 Jesus,
1941 3407 1999 3444 &a
2019 3402 2084 3437 haec

1197 3466 1341 3501 namque
1369 3456 1509 3492 nomina
1534 3455 1554 3489 ὲ
1581 3458 1657 3492 Deo
1682 3458 1812 3492 fuerunt
1840 3456 1990 3491 instituta
2014 3453 2088 3536 b&

1997 3514 2013 3538 a

1198 1519 1250 1545 22·
