2384 3770
399 172 415 202 1
427 155 490 210 98

329 240 500 283 subjeetum
519 237 634 270 format
656 233 873 284 principaliter
894 234 1079 279 fignificatae
1102 233 1143 268 ab
1154 231 1203 267 his

329 287 490 325 concretis
501 286 658 331 vocibus,
678 284 788 329 surdus
800 310 810 326 ,
836 296 928 317 caecus
944 310 954 324 ,
973 285 1094 317 claudus
1107 309 1118 324 ,
1144 287 1200 317 (σε.

328 340 374 374 est
390 337 470 382 quid
481 332 670 380 positivum:
701 346 781 380 ergo
801 335 863 368 ista:
884 346 979 368 voces
990 333 1030 367 de
1044 335 1203 368 materiali

327 389 516 434 fignificant
528 387 652 429 aliquid
665 387 835 429 positivum
849 408 855 415 .
884 387 974 417 Patet
988 390 1096 416 minor:
1110 385 1199 432 Qia

328 438 435 474 forma
448 439 489 472 ab
501 436 566 470 illis
578 435 713 470 vocibus
725 434 948 479 principaliter
958 434 1136 477 fignificata
1157 434 1200 467 est

329 489 486 528 surditas,
512 487 658 527 caecitas,
685 486 839 531 clauditas
855 497 865 516 .·
892 484 982 527 atqui
1005 482 1118 518 harum
1142 485 1202 518 for—

329 549 476 576 marum,
502 537 525 570 fi
549 546 657 570 tamen
677 535 743 569 istae
766 535 966 577 privationes
985 535 1038 566 leu
1052 535 1200 567 carentia:

328 589 448 634 poffint
471 588 579 620 vocari
603 586 729 625 formae,
759 583 933 626 subjectum
945 582 989 615 est
1005 584 1084 625 quid
1097 583 1202 626 positi-

328 650 419 674 vum.-
456 647 492 671 ut
502 637 548 670 est
561 636 708 670 evidens.
740 634 828 678 Ergo
854 631 1030 675 subjeetum
1043 632 1154 666 formae
1165 632 1205 667 ab

327 689 397 724 istis
408 687 542 722 vocibus
565 685 784 730 principaliter
796 683 979 727 fignificatae
991 681 1036 716 est
1051 681 1130 727 quid
1145 693 1201 726 po-

329 740 482 774 fitivum.
580 734 585 739 '

383 799 434 835 14.
459 787 587 829 objicies
610 798 617 818 ε
645 784 707 818 Hae
726 794 820 817 voces
841 783 1014 815 irrationale
1035 806 1046 822 ‚
1072 787 1204 815 immate-

332 840 408 873 riale
421 859 430 876 ‚
450 837 577 878 fimplex
588 858 599 874 ‚
613 832 789 876 immensum
801 858 811 873 ‚
824 842 980 871 aeternum,
995 835 1052 866 (τε.
1067 837 1141 866 lunt
1154 843 1203 864 vo>

331 900 383 922 ces
396 886 534 932 pofitivae
547 897 554 916 z
567 884 656 927 atqui
670 884 735 918 istae
747 894 841 917 voces
854 882 893 915 de
907 882 1039 916 formali
1052 884 1103 916 seu
1120 882 1204 926 prin-

332 939 508 982 cipalinon
524 934 710 978 fignificant
735 934 956 976 pofitionem;
984 932 1037 966 sed
1061 932 1204 977 negatio-

332 998 408 1021 nem
419 999 430 1019 .·
451 996 530 1029 ergo
544 983 658 1017 nostrae
669 983 880 1018 definitiones
895 981 980 1017 nihil
993 983 1115 1016 valent.
1134 986 1205 1015 Pro-

331 1033 421 1071 batur
442 1041 558 1068 minor:
585 1034 675 1079 Qia
699 1034 765 1067 istae
788 1044 883 1067 voces
894 1034 934 1067 de
945 1032 1204 1076 formalifignifi-

330 1096 408 1122 cant
431 1084 645 1130 negationem
668 1084 922 1124 rationalitatis,
947 1083 1204 1122 materialitatis,

331 1134 578 1180 compositionis
597 1158 608 1174 ,
634 1133 939 1173 mensurabilitatis,
966 1134 1025 1166 διε.
1053 1131 1140 1174 Resp.
1155 1143 1204 1164 ne·

327 1188 429 1231 gando
439 1191 599 1218 minorem:
622 1184 666 1218 Et
678 1183 754 1218 dico
766 1183 837 1217 illas
853 1193 910 1225 pro
924 1183 1104 1226 significato
1117 1181 1201 1224 prin-

329 1235 428 1281 cipali
452 1235 570 1270 habere
592 1234 715 1278 aliquid
741 1234 812 1268 vere
824 1233 1016 1275 positivum.
1049 1231 1202 1274 Putoque

329 1286 397 1321 hoc
419 1286 534 1320 debere
557 1285 619 1318 effe
639 1295 761 1318 certum
774 1285 807 1317 δι
820 1283 951 1316 evidens
964 1280 1047 1324 apud
1061 1291 1174 1315 omnes
1194 1305 1202 1313 .

329 1337 412 1372 Non
424 1347 510 1380 nego
525 1335 595 1368 illas
607 1345 702 1368 voces
713 1334 891 1378 significare
904 1332 1114 1375 negationem
1125 1342 1134 1373 3
1148 1330 1201 1365 sed

328 1387 407 1421 dico
428 1385 639 1430 negationem
671 1395 740 1418 non
766 1384 828 1417 esse
850 1394 960 1416 earum
983 1382 1202 1426 significatum

327 1436 491 1476 formale,
517 1447 555 1469 ac
576 1434 776 1477 principale.
805 1433 899 1476 ,Quod
913 1433 1004 1474 probo
1028 1445 1039 1465 .·
1065 1432 1156 1479 Qia
1181 1431 1202 1464 fi

328 1487 462 1531 praefatae
474 1485 539 1518 istae
555 1509 565 1524 ‚
592 1485 725 1527 aliaeque
739 1483 852 1516 similes
865 1493 959 1516 voces
976 1483 1016 1516 de
1029 1481 1204 1515 formalifi·

328 1536 525 1581 gnificarent
539 1535 747 1578 negationem
762 1557 773 1572 ,
800 1534 850 1566 vel
873 1532 1092 1576 significarent
1106 1542 1203 1576 nega·

327 1587 457 1620 tionem
470 1595 582 1628 puram
596 1608 606 1623 ,
632 1583 681 1615 vel
694 1582 904 1627 negationem
918 1583 1130 1624 privativam:
1158 1591 1203 1615 at·

326 1635 385 1679 qui
404 1645 549 1669 neutram
562 1632 741 1677 fignificare
766 1627 919 1675 possunt;
945 1643 1023 1675 ergo
1036 1631 1077 1665 de
1089 1631 1140 1666 for
1176 1642 1205 1665 a·

328 1686 354 1719 li
378 1696 445 1718 non
473 1683 654 1728 significant
675 1683 888 1728 negationem
909 1707 916 1714 .
946 1682 1092 1715 Probatur
1110 1688 1204 1715 minor

328 1735 428 1778 quoad
436 1734 521 1767 illam
530 1742 649 1776 partem
661 1759 671 1774 ,
694 1746 763 1776 quae
776 1735 813 1766 de
822 1737 993 1775 privatione
1005 1738 1087 1776 agit:
1115 1731 1205 1779 Qia

327 1795 425 1819 voces
447 1783 489 1818 de
510 1785 640 1818 formali
666 1784 884 1827 privationem
909 1783 1130 1827 significantes
1159 1784 1204 1815 so·

328 1833 503 1869 lummodo
516 1834 666 1867 affirmari
678 1857 690 1873 ,
716 1846 754 1867 ac
768 1832 922 1867 verificari
938 1834 1068 1876 possunt
1082 1833 1123 1866 de
1135 1832 1203 1865 sub·

329 1885 419 1930 jectis
445 1883 617 1927 capacibus
641 1883 751 1917 formae
772 1884 918 1923 privatae:
947 1883 996 1916 uti
1023 1883 1093 1916 dixi
1117 1882 1205 1915 dubio

324 1936 530 1978 praecedent13
559 1944 586 1966 v.
606 1943 743 1976 g.voces
750 1930 865 1974 surdus
878 1954 887 1969 ‚
911 1943 1003 1964 caecus
1016 1955 1026 1970 ‚
1053 1933 1202 1971 claudus,

327 1985 466 2028 aliaequae
478 1983 594 2017 fimiles
608 1983 823 2026 privationem
835 1982 1054 2025 significantes
1063 2003 1073 2019 ‚
1085 1981 1202 2013 solum-

328 2035 432 2069 modo
446 2034 602 2069 verificari
615 2034 746 2076 poffunt
758 2032 798 2065 de
814 2030 958 2072 subjeflis
968 2029 1141 2072 capacibus
1157 2029 1201 2062 vi·
1227 2054 1233 2061 .

328 2086 381 2119 sus
391 2086 424 2118 &
436 2082 564 2118 auditus
579 2106 588 2114 .
602 2084 696 2115 Hinc
709 2081 799 2114 enim
813 2081 962 2122 Angelus
976 2102 986 2117 ‚
999 2079 1098 2120 lapis,
1116 2079 1204 2119 plan-

331 2145 384 2174 ta,
409 2134 537 2176 aliaque
551 2131 667 2164 similia
680 2153 691 2168 ‚
717 2129 938 2171 quamtumvis
960 2128 1027 2163 visu
1042 2138 1079 2159 ac
1090 2126 1202 2159 auditu

331 2194 485 2223 careant-,
514 2192 581 2215 non
603 2190 711 2214 tamen
733 2189 892 2212 vocantur
913 2175 1004 2210 surda
1023 2185 1079 2209 aut
1099 2187 1204 2209 caeca:

332 2234 409 2278 quia
432 2244 499 2266 non
523 2232 596 2265 sunt
621 2229 758 2271 subjecta
779 2228 890 2261 formae
913 2226 1042 2269 privatae
1053 2225 1182 2267 capacia
1195 2249 1203 2257 .

337 2284 429 2327 Ergo
441 2275 584 2315 fimi'liter
595 2280 615 2311 fi
629 2290 694 2311 vox
707 2277 882 2309 irrationale
891 2299 902 2315 ,
927 2275 1135 2313 immateriale,
1146 2274 1201 2306 &a

331 2334 372 2368 de
384 2332 512 2366 formali
537 2331 748 2371 importarent
766 2325 982 2369 privationem
1006 2323 1204 2357 rationalita-

331 2384 375 2417 tis
397 2406 407 2422 ‚
445 2392 500 2414 aut
530 2376 762 2413 materialitatis
782 2400 793 2416 ,
820 2375 972 2409 deberent
995 2371 1201 2408 solummodo

331 2435 419 2477 posse
433 2429 588 2464 verificari
602 2427 642 2461 de
653 2426 799 2469 subjectis
811 2424 1043 2459 rationalitatis
1052 2449 1062 2464 ‚
1093 2423 1126 2457 ὅ(
1138 2435 1204 2456 ma-

331 2481 514 2518 terialitatis
526 2477 715 2522 capacibus:
745 2476 890 2517 adeoque
912 2475 1041 2508 deberet
1056 2485 1119 2507 vox
1130 2479 1202 2506 irra-

333 2532 442 2569 rionale
463 2530 549 2574 posse
559 2527 716 2561 verificari
729 2527 769 2559 de
783 2525 916 2559 homine
930 2548 941 2564 ,
968 2524 1000 2557 ὅ(
1013 2523 1131 2557 desolo
1144 2521 1199 2556 ho·

333 2584 422 2618 mine
435 2570 526 2623 :Nhic
546 2578 666 2622 quippe
691 2577 776 2610 solus
787 2575 831 2609 est
846 2574 1021 2616 subjectum
1032 2573 1205 2607 rationali-

332 2633 409 2667 tatis
420 2642 519 2674 capax
532 2654 539 2662 .
568 2628 707 2662 Deberet
732 2638 797 2659 vox
819 2626 1012 2658 immateriale
1027 2625 1112 2666 poss‘e
1131 2623 1206 2657 veri-

334 2683 423 2717 ficari
435 2682 476 2715 de
488 2689 622 2722 corpore
635 2701 645 2716 ,
656 2678 689 2711 δε
701 2675 742 2710 de
755 2675 825 2709 solo
837 2686 987 2717 corpore:
1004 2673 1068 2707 hoc
1080 2674 1203 2707 etenim

332 2733 440 2767 solum
452 2729 497 2765 est
511 2730 688 2772 subjeetum
702 2726 939 2760 materialitatis
950 2735 1051 2766 capax
1063 2749 1070 2755 .
1101 2722 1204 2765 Atqui

332 2782 397 2817 hoc
419 2778 513 2825 plane
533 2778 706 2813 absurdum
729 2777 772 2809 est
787 2788 799 2808 .·
828 2776 878 2808 uti
905 2786 1009 2817 patet.
1041 2774 1129 2818 Ergo
1143 2773 1204 2805 issae

332 2845 428 2868 voces
439 2843 496 2875 pro
518 2829 576 2863 suo
588 2826 718 2861 formali
739 2826 922 2870 fignificato
935 2835 1000 2858 non
1015 2826 1142 2866 poliunt
1152 2820 1202 2855 ha-

333 2882 408 2917 bere
429 2882 645 2926 privationem
674 2875 904 2911 rationalitatis
926 2875 974 2908 vel
1001 2872 1203 2907 materialita-

337 2933 379 2967 tis
392 2957 402 2973 ‚
430 2934 490 2967 &c.

388 2994 440 3031 15.
464 2980 613 3016 Probatur
634 2980 738 3012 eadem
762 2982 857 3011 minor
872 2975 973 3017 quoad
985 2974 1075 3006 altam
1084 2971 1204 3015 suipar-

334 3043 416 3068 tem:
445 3031 535 3080 Qia
556 3040 651 3064 voces
677 3039 789 3073 puram
802 3026 1012 3070 negationem
1024 3022 1207 3068 significan-

336 3094 383 3118 tes
396 3084 436 3117 de
447 3080 577 3116 formali
590 3104 601 3120 ‚
627 3079 745 3113 debent
769 3076 855 3121 poffe
869 3074 1046 3113 verificari,
1073 3086 1109 3107 ac
1129 3073 1210 3106 affir-

338 3134 417 3168 mari
441 3133 482 3167 de
502 3129 657 3165 omnibus
678 3125 817 3163 omnino
843 3125 1011 3167 subjectis,
1041 3133 1106 3157 tam
1120 3123 1207 3157 reali-

340 3182 398 3216 bus
410 3208 420 3222 ,
445 3193 543 3227 quam
560 3178 695 3213 rationis
709 3203 719 3219 ‚
747 3188 814 3211 tam
829 3177 932 3215 fietis,
947 3186 1044 3218 quam
1059 3174 1150 3214 veris,
1160 3184 1208 3206 ex-

340 3243 435 3274 cepto
458 3232 530 3267 solo
552 3230 611 3264 illo
622 3255 631 3272 ,
659 3229 693 3262 in
708 3239 775 3270 quo
788 3226 943 3271 reperitur
956 3226 1059 3259 forma
1072 3234 1187 3268 negata
1202 3236 1210 3266 3

343 3292 370 3313 v.
383 3293 410 3324 g.
422 3280 488 3315 haec
508 3293 574 3315 vox
600 3278 751 3313 non-homo
765 3300 775 3317 ,
800 3277 876 3320 quia
901 3275 941 3308 de
961 3275 1087 3309 formali
1099 3285 1211 3318 puram

343 3332 552 3373 negationem
563 3329 722 3375 fignificat
733 3353 743 3369 ,
765 3325 887 3361 idcirco
898 3322 1048 3359 affirmari
1060 3336 1097 3359 ac
1111 3324 1211 3358 verifi-

344 3381 408 3413 cari
421 3381 521 3420 potest
535 3381 574 3412 de
583 3381 677 3413 omni
689 3376 830 3413 omnino
845 3376 983 3419 subjecto
996 3399 1006 3414 ‚
1032 3385 1099 3409 tam
1112 3374 1186 3408 ficio
1203 3400 1214 3416 ,

345 3439 444 3472 quarn
457 3439 531 3460 vero
541 3451 552 3468 ,
577 3437 643 3460 tam
656 3428 754 3467 reali,
776 3438 874 3469 quam
885 3426 1022 3459 rationis
1034 3450 1044 3466 ,
1059 3425 1135 3459 solis
1149 3424 1214 3461 illis

346 3477 489 3524 exceptis
502 3477 535 3512 in
549 3475 663 3521 quibus
674 3478 779 3512 existit
792 3476 976 3512 humanitas
987 3499 998 3516 ‚
1018 3486 1087 3518 quae
1096 3475 1141 3509 est
1151 3475 1210 3513 for·

838 150 1155 196 Dispumr.
1194 148 1277 208 XI.
1311 152 1453 199 Dua.
1491 152 1559 198 11.
1611 174 1613 176 >
1683 158 1688 163 ‘
2014 159 2032 199 Χ

1267 245 1319 270 na
1341 235 1382 270 ab
1395 236 1451 271 ista
1464 246 1546 271 voce
1557 240 1673 280 negata
1685 247 1696 267 .-
1722 233 1771 267 uti
1783 233 1853 269 dixti
1869 237 1959 280 supra
1970 260 1977 269 .
2005 235 2092 280 Ergo
2104 235 2137 268 sl·

1268 285 1412 327 militer,
1438 287 1462 320 fi
1486 286 1553 320 haec
1575 296 1642 319 vox
1663 285 1836 317 irrationale
1850 285 1890 318 de
1899 287 2028 320 formali
2041 297 2137 330 nega-

1269 335 1394 370 tionem
1418 338 1631 380 importaret,
1652 334 1781 369 deberet
1803 336 1891 377 poffe
1902 335 2048 371 affirmari
2062 359 2074 377 ‚
2099 347 2138 368 ac

1269 385 1424 419 verificari
1437 387 1476 419 de
1489 386 1642 419 omnibus
1653 382 1794 418 omnino
1804 383 1898 418 rebus
1909 408 1920 425 ,
1932 395 2136 430 praeterquam

1269 435 1309 468 de
1333 435 1397 474 illis
1410 458 1421 475 ,
1448 437 1482 468 in
1506 435 1621 478 quibus
1632 434 1741 469 existit
1757 434 1961 469 rationalitas
1974 457 1986 474 ‚
2010 445 2077 478 quae
2087 435 2136 469 est

1269 484 1374 518 forma
1393 485 1435 518 ab
1448 486 1505 519 ista
1519 497 1597 520 voce
1606 495 1743 529 negata3
1771 484 1931 528 praediqtri
1944 508 1954 525 ,
1981 483 2114 526 inquam
2125 509 2138 525 ‚

1269 534 1398 568 deberet
1417 534 1458 569 de
1479 535 1634 569 omnibus
1658 534 1800 568 omnino
1821 534 1951 569 entibus
1967 559 1978 574 ,
2019 542 2139 577 praetet‘·

1270 595 1366 627 quam
1378 583 1419 617 de
1429 584 1503 618 solo
1515 584 1668 618 homine:
1690 584 1724 618 in
1735 583 1801 618 hoc
1815 585 1886 619 solo
1896 585 2016 628 quippe
2025 582 2140 618 existit

1270 634 1493 675 rationalitas,
1519 634 1538 667 ὲ
1550 633 1695 667 voceista
1718 644 1833 677 negata
1846 659 1853 666 .
1882 634 1986 678 Atqui
1999 631 2063 667 hoe
2076 632 2142 675 pla-

1272 683 1311 716 ne
1326 684 1441 717 falsum
1453 684 1513 717 est:
1540 683 1597 717 ista
1608 684 1728 726 quippe
1739 693 1803 716 vox
1815 684 2003 726 praedicatur
2015 683 2055 717 de
2070 683 2139 716 solo

1272 733 1390 774 bruto,
1415 745 1491 767 cum
1512 735 1550 767 sit
1571 732 1753 767 differentia
1778 733 1829 766 vel
1849 735 1936 776 quali
1953 733 2140 767 differentia.

1272 784 1354 817 bruti
1367 784 1578 818 constitutiva
1591 808 1598 815 .
1628 783 1718 827 Ergo
1736 781 1795 815 ista
1808 793 1873 816 vox
1886 783 1926 817 de
1936 778 2064 817 forniali
2079 783 2140 815 im-

1271 844 1396 877 portare
1408 845 1475 867 non
1489 833 1592 876 potest
1605 833 1814 878 negationem
1829 833 2055 867 rationalitatis
2067 856 2074 864 .

1323 885 1375 920 16.
1402 884 1533 917 Similes
1553 894 1631 928 ergo
1653 893 1746 916 voces
1759 883 1935 925 important
1944 883 1986 917 de
2005 880 2139 917 formali

1272 934 1395 978 aliquid
1407 933 1479 967 vete
1491 934 1575 967 reale
1589 958 1599 974 ‚
1609 945 1646 967 ac
1659 932 1827 976 positivum
1840 944 1849 975 ;
1861 933 2076 967 connotando
2090 942 2139 965 ta-

1272 996 1344 1018 men
1357 985 1566 1028 negationem
1581 983 1778 1026 .lmp0rtant
1788 1006 1799 1022 ,
1814 983 1950 1031 inquam
1970 1007 1981 1023 ,
1993 983 2136 1025 aliquam

1272 1028 1438 1077 posfitivam
1453 1034 1682 1077 perfestionem
1695 1056 1706 1073 ,
1716 1044 1754 1066 ac
1766 1033 1994 1068 formalitatern
2007 1058 2018 1074 ,
2027 1033 2060 1066 in
2074 1043 2138 1075 qua

1271 1083 1328 1118 ista
1353 1083 1486 1128 negatio
1511 1093 1692 1118 connotata
1719 1082 1873 1117 fundatur
1892 1108 1903 1124 ,
1930 1094 2062 1126 quaeque
2083 1093 2139 1124 per

1269 1133 1362 1167 istam
1385 1133 1597 1178 negationem
1615 1131 1797 1175 explicatur
1816 1156 1828 1173 ,
1854 1144 1892 1166 ac
1917 1133 2132 1177 fignificatur;

1270 1194 1298 1216 v.
1311 1194 1345 1227 g.
1371 1192 1437 1216 vox
1452 1181 1578 1225 fimplex
1602 1182 1643 1216 de
1662 1181 1790 1216 formali
1803 1181 1957 1226 fignificat
1968 1182 2058 1216 illam
2071 1182 2136 1215 for-

1269 1233 1451 1267 malitatem
1460 1254 1471 1270 ,
1491 1233 1524 1265 in
1537 1243 1600 1276 qua
1614 1231 1766 1267 fundatur
1779 1233 1913 1276 negatio
1923 1231 2134 1276 compofitio·

1270 1283 1335 1316 nis:
1364 1281 1526 1327 fignificat
1537 1306 1548 1324 ,
1559 1282 1693 1326 inquam
1707 1305 1719 1322 ‚
1737 1281 1828 1315 istam
1840 1282 2007 1324 positivam
2018 1283 2136 1316 forma-

1269 1333 1392 1367 litatem
1403 1332 1619 1367 connotando
1630 1332 1722 1366 istam
1744 1331 1951 1376 negationem
1965 1357 1972 1365 .
1997 1332 2075 1366 Vox
2086 1336 2136 1364 10-

1269 1384 1462 1416 rationalitas
1474 1407 1485 1423 ‚
1511 1383 1566 1417 seu
1584 1382 1754 1416 irrationale
1768 1381 1810 1416 de
1832 1382 1962 1416 formali
1973 1381 2137 1425 fignificat

1270 1433 1358 1467 illam
1371 1432 1539 1476 positivam
1554 1432 1638 1467 bruti
1649 1431 1880 1466 formalitatem
1889 1455 1901 1471 ,
1925 1430 1995 1474 quae
2005 1430 2051 1464 est
2064 1430 2139 1463 fun-

1269 1484 1480 1523 damentum,
1506 1493 1543 1516 ac
1564 1482 1655 1516 radix
1677 1481 1819 1515 fundans
1831 1482 1864 1514 in
1878 1481 1907 1514 se
1921 1480 2135 1525 negationem

1240 1575 1243 1578 Α
1264 1532 1499 1568 vrationalitatis
1513 1556 1523 1572 ,
1534 1532 1595 1566 &c-
1611 1530 1771 1573 Adeoque
1781 1530 1867 1570 istae,
1880 1530 2011 1574 aliaeque
2021 1538 2136 1563 omnes

1270 1583 1388 1617 fimiles
1399 1593 1494 1616 voces
1505 1583 1578 1615 sunt
1589 1593 1683 1616 voces
1695 1581 1763 1614 vere
1777 1580 1923 1624 pofitivae:
1936 1591 2011 1614 cum
2020 1589 2136 1615 ,earum

1270 1633 1407 1668 formale
1416 1631 1633 1676 fignificatum
1644 1631 1680 1670 sit
1691 1630 1770 1675 quid
1784 1630 1855 1664 vere
1866 1631 2046 1673 politivum.
2061 1628 2136 1663 Nos

1269 1684 1404 1717 enimin
1417 1680 1477 1716 hac
1486 1682 1549 1716 vita
1561 1706 1572 1723 ,
1598 1681 1654 1716 ubi
1667 1691 1784 1724 corpus
1796 1682 1941 1715 animam
1953 1689 2065 1725 gravat
2074 1701 2084 1717 ,
2095 1688 2135 1712 ae

1272 1733 1471 1768 intelleaum
1484 1731 1586 1766 multa
1596 1732 1798 1776 cogitantem
1812 1731 1964 1773 deprimit
1974 1755 1984 1771 ,
1997 1727 2061 1763 hoc
2075 1739 2145 1772 prr:-⁴

1271 1794 1361 1817 more
1383 1781 1538 1816 habemus
1561 1793 1568 1814 :
1596 1793 1672 1816 cum
1696 1782 1779 1815 inter
1802 1781 1885 1816 duas
1904 1780 2029 1823 species·
2046 1779 2142 1813 idem.

1269 1845 1372 1879 genus
1392 1831 1556 1876 adaequate
1571 1829 1752 1866 dividentes
1777 1841 1840 1864 una
1857 1829 1952 1863 nobis
1973 1829 2017 1862 est
2033 1837 2110 1862 nota
2121 1851 2135 1867 ,

1269 1885 1368 1919 altera
1381 1885 1515 1928 ignota:
1543 1883 1592 1916 vel
1609 1882 1714 1926 potins
1736 1891 1811 1915 cum
1826 1881 1922 1913 unius
1942 1876 2139 1912 constituti-.

1270 1945 1308 1967 va
1329 1934 1511 1967 differentia
1532 1931 1627 1966 nobis
1648 1932 1693 1965 est
1716 1941 1793 1964 nota
1809 1954 1820 1970 ‚
1846 1930 1975 1963 alterius
1997 1929 2134 1971 ignota,

1270 1992 1348 2016 tunc
1359 1981 1571 2015 differentiam
1584 1981 1673 2013 illam
1685 1980 1834 2024 ignotam
1846 1978 2065 2022 fignificamus
2075 1998 2086 2014 ,
2095 1987 2140 2010 at:

1268 2032 1466 2074 explicamus
1478 2042 1532 2075 per
1555 2032 1764 2074 negationem
1785 2028 1973 2062 differentiae
1982 2026 2139 2069 oppofitz

1269 2082 1364 2113 nobis
1385 2091 1493 2116 norae:
1520 2091 1547 2112 v.
1560 2091 1591 2123 g.
1614 2079 1716 2112 bomo
1733 2079 1766 2112 &
1786 2078 1916 2111 brutum
1938 2076 2009 2110 duae
2020 2075 2142 2118 species

1269 2130 1340 2161 sunt
1357 2128 1442 2161 idern
1463 2127 1615 2161 animalis
1636 2137 1739 2169 genus
1761 2124 2136 2168 adaequatedividentes:

1267 2177 1446 2211 differentia
1467 2177 1544 2211 vero
1565 2174 1711 2210 hominis
1734 2198 1745 2215 ,
1772 2174 1892 2208 scilicet
1913 2174 2138 2213 rationalitas,

1269 2227 1365 2262 nob-is
1383 2227 1490 2260 taliter
1509 2225 1647 2269 qualiter
1670 2235 1748 2258 nota
1771 2225 1838 2266 est;
1858 2223 2047 2258 differentia
2059 2221 2138 2256 νεῐὸ

1269 2277 1353 2310 bruti
1376 2276 1422 2310 est
1445 2275 1542 2308 nobis
1560 2273 1699 2307 omnino
1711 2274 1908 2317 incognita:
1933 2270 2012 2305 hinc
2035 2271 2141 2315 expli-

1267 2322 1377 2359 cam'us
1391 2325 1479 2358 illam
1491 2335 1546 2367 per
1567 2322 1775 2367 negationem
1805 2321 2053 2361 rationalitatis,
2082 2332 2140 2354 vo·

1267 2376 1442 2417 eamusque
1465 2373 1576 2412 illam,
1602 2374 1898 2407 irrationalitatem.
1926 2373 1965 2404 Id
1976 2371 2034 2412 est:
2061 2370 2138 2405 Per-

1269 2426 1444 2460 sectionem
1466 2424 1608 2468 aliquam
1635 2422 1802 2466 positivam
1813 2422 2023 2456 rationalitati
2036 2431 2141 2464 oppo-

1268 2477 1378 2515 fitam,
1404 2475 1522 2518 cuique
1543 2474 1675 2518 negatio
1696 2472 1922 2506 rationalitatis
1943 2472 2066 2513 semper
2089 2470 2137 2503 est

1270 2525 1443 2560 necessarie>
1464 2524 1655 2565 conjundla.
1684 2522 1776 2555 Hinc
1797 2532 1877 2565 ergo
1903 2531 1969 2554 vox
1989 2520 2046 2553 illa
2060 2524 2138 2552 irra-

1268 2577 1420 2608 tionalitas
1432 2585 1501 2607 non
1513 2572 1559 2607 est
1573 2583 1639 2606 vox
1652 2571 1822 2615 negativa;
1852 2570 1907 2614 sed
1920 2570 2069 2613 politiva:
2101 2569 2139 2602 fi-

1269 2625 1404 2670 gnificat
1426 2624 1545 2667 quippe
1562 2621 1603 2656 de
1613 2621 1743 2655 formali
1754 2620 1843 2653 illam
1855 2621 2024 2664 politivam
2036 2619 2136 2662 perfe-

1267 2676 1428 2714 ctionem,
1454 2684 1519 2717 qua
1541 2671 1673 2706 brutum
1694 2670 1734 2704 ab
1755 2668 1891 2704 homine
1901 2669 2138 2712 distinguitur,

1268 2726 1350 2759 acin
1363 2736 1427 2768 qua
1450 2723 1584 2767 negatio
1605 2723 1657 2755 seu
1672 2722 1813 2755 carentia
1825 2719 2052 2754 rationalitatis
2067 2719 2140 2752 fuu-

1268 2775 1365 2809 datur
1390 2800 1397 2807 .
1425 2772 1600 2817 Significat
1618 2796 1629 2812 ,
1654 2771 1809 2815 inquam,
1836 2769 1875 2810 de
1896 2769 2026 2804 formali
2046 2769 2140 2803 istam

1269 2826 1439 2869 politivam
1463 2822 1690 2866 perfestionern
1711 2820 1928 2854 connotando
1941 2819 2033 2853 istam
2044 2828 2142 2862 nega-

1269 2875 1419 2910 tionem:
1447 2873 1594 2917 adeoque
1612 2870 1746 2915 negatio
1769 2881 1836 2903 non
1861 2870 1906 2904 est
1925 2869 1991 2912 ejus
2004 2868 2141 2903 formale

1270 2925 1508 2971 fignificatum3
1536 2921 1590 2956 sed
1610 2920 1655 2955 est
1683 2920 1892 2953 solummodo
1916 2920 2003 2953 illius
2015 2930 2143 2953 conno-

1271 2987 1394 3011 tatum.
1422 2973 1484 3009 Sed
1506 2973 1548 3007 de
1568 2971 1633 3006 hoc
1645 2968 1720 3004 alibi
1733 2971 1862 3004 fortasse
1873 2970 2141 3013 peroccafionem

1273 3027 1378 3071 plura.
1751 3033 1757 3050 ι

1327 3086 1380 3124 17.
1405 3077 1491 3109 Petes
1504 3081 1611 3106 tamen:
1625 3070 1716 3119 Qid
1728 3070 1765 3104 fit
1777 3069 1986 3114 negationem
1998 3066 2142 3111 aliqu'am

1274 3125 1403 3160 fundari
1415 3125 1449 3158 in
1465 3124 1626 3167 pofitivo?
1652 3123 1733 3154 ltem
1754 3119 1832 3162 quid
1843 3120 1878 3152 fit
1889 3117 2023 3161 aliquod
2038 3117 2146 3160 positi·

1276 3187 1351 3209 vum
1375 3177 1438 3210 effe
1460 3173 1710 3208 fundamentum
1731 3170 1938 3213 negationis?
1966 3165 2051 3210 Resp.
2063 3168 2143 3201 Hoc

1276 3224 1432 3259 nihileffe
1441 3224 1552 3264 aliud,
1578 3233 1676 3266 quam
1697 3220 1905 3263 negationem
1919 3218 2089 3251 neceflario
2101 3217 2145 3249 se-

1276 3275 1355 3319 qui,
1383 3286 1420 3309 ac
1446 3275 1532 3319 quafi
1556 3271 1711 3316 pullulare
1732 3281 1773 3302 ex
1785 3270 1896 3311 aliquo
1907 3267 2063 3312 positivo,
2091 3276 2146 3299 ne-

1278 3325 1473 3369 ceffarioque
1482 3323 1543 3358 effe
1553 3333 1628 3356 cum
1639 3321 1698 3355 illo
1710 3319 1915 3362 conjunctam
1927 3343 1934 3350 .
1964 3315 2059 3350 Nihil
2073 3339 2083 3355 ,
2097 3316 2144 3349 in-

1279 3386 1375 3420 quam
1389 3399 1399 3416 ,
1423 3375 1468 3409 est
1493 3371 1604 3412 aliud,
1629 3381 1726 3415 quam
1745 3369 1877 3412 aliquod
1899 3367 2069 3411 positivum
2084 3366 2147 3399 effe

1282 3426 1366 3466 tale,
1392 3435 1429 3459 ut
1454 3424 1502 3458 illi
1523 3418 1696 3457 neceffario
1705 3419 1879 3463 conjune‘ia
1890 3420 1925 3451 fit
1935 3417 2042 3460 aliqua
2055 3427 2149 3459 nega·

1282 3475 1350 3511 tio:
1374 3485 1413 3511 ut
1430 3475 1493 3522 ³¹¹²
1516 3472 1649 3518 negatio
1672 3470 1782 3506 exillo
1794 3466 1968 3505 necessario
1981 3468 2151 3511 sequatur,

2063 3527 2101 3550 ac
