2384 3770
372 164 471 199 212

333 238 446 272 clarum
468 245 479 265 .·
516 228 605 277 Quia
641 239 722 266 tunc
752 241 847 266 voces
877 234 950 267 actu
984 231 1173 276 significant
1199 239 1232 308 ,1

335 281 469 329 quando
490 293 530 316 ex
542 293 654 316 earum
677 282 845 316 occasione
866 283 1003 316 audiens
1022 282 1105 315 dere
1116 282 1210 326 signi-

329 334 425 367 ficata
452 342 649 376 conceptum
673 333 793 367 format
818 346 829 367 .·
863 331 955 373 atqui
984 330 1087 365 homo
1108 308 1231 375 plina-¹

327 394 406 418 cum
430 382 619 426 loquentem
651 382 804 424 audiens,
834 381 914 424 saepe
935 392 976 415 ex
999 380 1130 416 vocibus
1142 382 1210 425 ejus

327 433 370 468 de
391 444 425 467 re
448 433 626 478 significata
653 443 852 476 conceptum
874 433 996 466 format
1020 441 1027 463 :
1063 442 1099 465 ut
1123 433 1211 466 testis

327 483 373 517 est
396 483 593 526 experientia
620 508 627 515 .
656 483 747 528 Ergo
772 482 839 516 istae
858 480 984 524 psittaci
1009 492 1106 516 voces
1132 483 1211 527 saepe

327 535 401 568 astu
422 533 628 578 significant.
658 533 741 573 Istius
766 534 838 565 vero
862 530 1086 571 enthymematis
1097 531 1209 575 conseq.

325 588 419 617 etiam
430 584 576 625 probatur
593 597 605 617 ,ν
633 583 723 629 Qia
745 593 842 615 voces
865 593 933 616 non
959 583 1090 626 possunt
1114 581 1210 617 habe-

325 645 360 669 re
380 634 540 668 actualem
561 633 835 677 significationem
853 656 865 672 ,
895 632 952 665 nisi
975 629 1117 666 habeant
1141 633 1208 676 sup-

325 684 522 729 positionem
546 697 558 717 .-
597 683 687 726 atqui
713 693 810 716 voces
833 681 851 715 ὲ
878 681 979 716 brutis
999 682 1129 726 prolatae
1148 681 1207 718 ha-

325 734 406 769 bent
444 733 601 768 actualem
633 731 903 777 significationem
931 744 939 764 ε
976 743 1055 777 ergo
1087 731 1208 767 habent

324 784 581 827 suppositionem
602 809 610 815 .
650 782 800 815 Probatur
820 785 916 824 major
936 796 943 815 :
985 782 1079 830 Qa
1104 783 1150 818 ita
1177 784 1209 817 se

327 831 427 868 habet
448 833 622 877 suppositio
661 832 742 876 signi
764 832 805 867 ad
828 833 985 867 adualem
1012 833 1095 877 signi
1114 833 1208 877 signi-

324 885 515 919 ficationem
538 905 549 922 ‚
587 882 667 916 sicut
701 884 733 916 se
763 883 863 917 habet
896 883 1074 926 applicatio
1098 886 1209 917 cauflae

323 934 367 969 ad
387 932 542 968 actualem
566 933 678 967 caussae
698 933 932 967 caussationem
957 947 963 966 :
985 933 1077 977 atqui
1103 934 1208 970 caussa

316 994 394 1018 *non
425 982 528 1026 potest
549 984 619 1017 astu
641 983 781 1018 caussare
805 1007 817 1024 ,
852 984 909 1016 nisi
933 981 1050 1018 habeat
1073 984 1208 1028 applica-

322 1034 477 1067 tionem.-
504 1042 584 1078 ergo
609 1032 756 1067 similiter
776 1034 903 1078 signum
930 1045 999 1068 non
1021 1035 1126 1077 potest
1137 1035 1208 1068 actu

322 1082 523 1129 significare,
554 1083 612 1116 nisi
636 1081 754 1118 habeat
783 1084 1055 1127 suppositionem.

372 1133 432 1172 26.
456 1131 545 1177 Resp.
574 1132 674 1176 Apud
704 1145 757 1168 me
778 1134 1084 1174 certiffimumeffe,
1117 1135 1207 1175 quod

321 1195 421 1221 voces
457 1185 476 1218 a
510 1183 612 1217 brutis
633 1207 644 1224 ,
681 1183 733 1218 vel
754 1183 945 1218 hominibus
967 1184 1207 1218 dormientibus

322 1235 458 1280 prolatae
481 1244 549 1268 non
563 1232 705 1269 habeant
717 1234 990 1278 suppositionem.
1019 1234 1131 1274 Nam,
1156 1236 1205 1268 uti

321 1285 388 1330 jam
411 1284 584 1329 probatum
605 1283 674 1324 est,
701 1284 876 1328 suppositio
900 1284 946 1318 est
970 1283 1112 1327 prolatio
1127 1296 1203 1319 cum
1230 1282 1232 1284 ’

322 1335 511 1369 intentione
533 1333 758 1379 significandi.-
787 1334 876 1378 quali
900 1333 1085 1377 prolatione
1096 1345 1204 1369 carent

322 1395 423 1420 vocer
445 1385 576 1430 prolatas
598 1383 757 1425 abrutis,
783 1385 818 1419 δε
837 1382 1031 1419 hominibus
1042 1385 1202 1430 somnian-

321 1433 411 1469 tibus
428 1457 437 1467 .
465 1434 509 1468 Et
529 1434 570 1468 sic
592 1443 703 1468 verum
723 1433 793 1475 est,
819 1434 911 1478 quod
935 1435 1024 1478 supra
1045 1433 1132 1469 dubio
1141 1440 1204 1478 pri-

321 1495 370 1519 mo
391 1483 462 1519 dixi
486 1498 498 1518 .-
527 1481 681 1518 videlicet
701 1495 796 1519 voces
816 1486 835 1519 a
858 1484 956 1520 bruto
976 1485 1114 1529 prolatas
1135 1486 1203 1527 qui·

321 1535 400 1570 dem
422 1534 543 1568 habere
553 1533 804 1577 aptitudinalem
816 1535 1086 1579 significationem
1100 1548 1110 1578 ;
1135 1547 1201 1570 non

321 1594 434 1620 tamen
448 1583 720 1627 suppositionem.
745 1586 783 1616 In
794 1582 897 1625 forma
909 1596 975 1628 ergo
987 1585 1144 1628 respondeo
1155 1597 1192 1619 ne

319 1635 423 1681 gando
445 1639 589 1667 minorem
610 1657 621 1673 ,
646 1634 691 1666 ad
710 1634 917 1676 probationem
939 1647 1010 1680 nego
1029 1634 1137 1678 conseq.
1162 1638 1205 1669 ad

322 1685 408 1725 cujus
433 1685 602 1718 ulteriorem
617 1683 823 1726 probationem
844 1697 916 1729 nego
934 1687 1075 1726 majorem
1104 1688 1205 1728 quoad

320 1739 442 1769 omma:
470 1732 527 1768 Est
551 1732 639 1768 enim
661 1733 794 1777 quidem
820 1746 941 1779 magna
963 1737 1081 1778 paritas
1098 1760 1109 1776 ,
1137 1746 1200 1770 ma-

321 1794 453 1829 gnaque
475 1784 643 1827 proportio
668 1784 753 1819 inter
775 1784 858 1829 signi
888 1786 1143 1828 suppositionem
1170 1787 1202 1819 δε

321 1834 434 1869 caussae
470 1833 724 1877 applicationem
752 1847 765 1877 ,·
804 1846 870 1869 non
905 1845 1011 1870 tamen
1035 1837 1203 1879 proportio

319 1882 390 1918 haec
413 1881 520 1928 quoad
545 1883 658 1917 omnia
681 1884 942 1919 infallibilisest.
972 1886 1062 1919 Nam
1076 1898 1141 1919 non
1156 1886 1201 1919 est

319 1942 414 1968 tanta
436 1932 604 1968 neceffitas
623 1933 854 1976 suppositionis
875 1935 910 1966 in
933 1943 1016 1967 voce
1035 1934 1074 1967 ad
1085 1935 1200 1977 fignifi-

319 1984 487 2023 candum,
511 1992 634 2028 quanta
657 1984 701 2017 est
734 1982 964 2027 applicationis
987 1983 1018 2016 in
1042 1983 1146 2016 caussa
1161 1983 1202 2017 ad

320 2032 532 2069 cauffandum
553 2057 561 2067 .
602 2032 722 2068 Caussa
756 2034 875 2075 quippe
897 2035 964 2066 sine
984 2034 1204 2075 applicatione

318 2085 362 2119 ad
381 2085 504 2128 passum
530 2083 717 2117 nullatenus
737 2107 747 2121 ‚
775 2085 887 2115 saltem
913 2084 1121 2121 naturaliter,
1149 2094 1203 2123 po·

319 2134 381 2169 test
404 2136 564 2175 caussare3
591 2133 637 2165 ast
668 2131 744 2163 veto
769 2132 895 2174 signum
926 2131 989 2164 fine
1015 2131 1203 2173 suppositio-

318 2194 383 2223 ne,
411 2181 632 2226 quamtumvis
657 2180 697 2212 de
719 2181 794 2223 Jure
817 2192 886 2213 non
910 2180 1061 2220 deberet,
1088 2181 1128 2213 de
1149 2180 1219 2220 fa-;

319 2235 375 2268 ἃο
398 2243 506 2266 tamen
533 2231 634 2274 porest
655 2231 850 2273 significare,
872 2230 906 2262 &
931 2230 1008 2271 saepe
1020 2231 1219 2273 fignificat:=

319 2285 372 2318 uti
399 2283 463 2316 hoc
484 2290 715 2324 argumentum
731 2278 811 2311 bene
838 2277 968 2320 probat.
1001 2280 1052 2312 De
1076 2290 1143 2322 quo
1157 2278 1220 2311 di-!

321 2344 395 2367 cam
417 2333 506 2374 plura
526 2329 664 2369 inhujus
687 2327 766 2370 disp.
787 2329 941 2362 decursu.
967 2328 1068 2370 Supra
1095 2311 1221 2374 eit'sp.5.¹

321 2383 426 2429 dub.3.
451 2380 515 2414 hoc
546 2381 652 2422 ipsum
687 2390 918 2422 argumentum
943 2380 1067 2412 inversa
1094 2389 1204 2412 tamen

320 2445 391 2467 non
415 2429 498 2465 nihil
520 2431 588 2472 ejus
617 2431 744 2469 forma,
771 2429 868 2463 etiam
897 2430 960 2462 fuit
986 2429 1184 2472 propositum
1200 2451 1209 2460 .

320 2483 515 2524 Ibidemque
540 2479 711 2523 respondi,
740 2490 836 2513 voces
865 2479 1010 2519 abruto,
1037 2480 1087 2512 vel
1100 2463 1222 2512 homi-¹

319 2545 363 2568 ne
402 2530 585 2565 somniante
618 2529 760 2573 prolatas
786 2540 853 2561 non
878 2529 995 2563 habere
1017 2530 1208 2572 suppositio·

322 2594 426 2624 nem‚·
453 2583 485 2615 ὅ(
507 2579 619 2614 addidi
647 2590 754 2622 neque
771 2578 889 2613 habere
901 2580 989 2622 posse
1003 2579 1161 2613 actualem
1173 2580 1208 2612 st-

322 2631 598 2679 gnificationem:
620 2640 716 2671 quam
740 2640 848 2663 tamen
875 2630 942 2663 illis
965 2630 1019 2663 hic
1037 2629 1205 2669 concedo,

324 2685 407 2718 ficut
426 2680 566 2715 concedi
591 2679 706 2714 debet.
734 2680 922 2724 Quomodo
933 2691 1010 2724 ergo
1022 2678 1087 2713 haec
1102 2680 1207 2714 stant?

321 2730 506 2778 Qomodo
526 2729 725 2764 cohaerent?
763 2731 853 2764 Dico
886 2728 952 2764 haec
989 2730 1071 2764 bene
1105 2730 1210 2770 stare,

323 2784 408 2820 bene
429 2780 609 2814 cohaerere:
638 2781 715 2823 quia
740 2779 786 2813 ibi
808 2779 903 2820 dixi,
928 2780 1007 2823 quid
1033 2780 1098 2814 illis
1120 2790 1211 2814 corn·

323 2843 414 2879 petat
440 2831 481 2866 de
501 2832 594 2875 Jure;
622 2829 678 2863 hic
703 2828 780 2863 vero
803 2830 882 2873 quid
912 2830 974 2863 illis
995 2831 1063 2864 fine
1074 2830 1148 2872 Jure
1164 2829 1211 2862 in-

323 2884 453 2918 terdum
473 2880 609 2929 quadret
635 2879 678 2914 de
697 2880 795 2915 facto.
827 2882 882 2916 De
909 2891 977 2924 quo
1002 2881 1094 2924 plura
1121 2879 1207 2913 infe-

324 2945 411 2968 nus.

557 3033 579 3066 S
605 3031 634 3065 E
662 3033 693 3067 C
718 3032 756 3065 T
781 3029 798 3064 1
824 3032 861 3066 O
927 3030 986 3065 111.

379 3136 564 3178 Explicatur
587 3132 686 3167 adbuc
698 3136 794 3177 magis
807 3141 923 3166 namra
931 3130 1137 3176 suppofitionis
1149 3158 1157 3166 ‚

331 3244 385 3279 27.
412 3233 480 3318 P
497 3238 575 3268 Etes
590 3244 676 3280 ergo:
704 3232 761 3266 An
785 3244 880 3267 voces
903 3233 944 3267 ab
958 3231 1151 3268 hominibus
1165 3234 1213 3267 so-

510 3283 715 3319 mniantibus
736 3305 747 3323 ‚
782 3285 817 3318 δε
838 3283 941 3318 brutis
963 3284 1094 3327 prolatae
1119 3283 1212 3317 nullo

332 3341 479 3373 unquam
510 3336 585 3368 casu
614 3332 735 3379 poffint
777 3332 894 3368 habere
915 3334 1171 3378 suppositionem
1196 3334 1213 3366 ?

334 3378 423 3423 Resp.
450 3382 625 3416 Ordinarie
647 3395 716 3418 non
742 3383 882 3418 habere:
909 3394 945 3417 ut
968 3384 1062 3418 facile
1076 3394 1161 3428 patet
1173 3395 1211 3418 ex

337 3431 449 3465 distis.
477 3431 712 3467 Nihilominus
734 3443 842 3468 tamen
866 3434 993 3468 videtur
1017 3433 1099 3468 mihi
1129 3435 1214 3478 posse

338 3479 409 3518 dari
430 3481 521 3516 casus
538 3503 549 3521 ,
575 3480 610 3536 in
636 3493 704 3526 quo
725 3495 821 3518 voces
844 3484 863 3519 a
883 3484 981 3520 bruto
1006 3484 1138 3530 prolatae
1163 3483 1218 3520 ha-

893 146 1211 193 Dmurm.
1250 148 1370 194 XIII.
1409 149 1548 195 Dus.
1585 150 1644 195 11.
1681 151 1780 196 Sne.
1816 154 1875 198 II.

1274 233 1372 270 beant
1393 247 1501 272 veram
1523 236 1796 282 suppofitionem;
1824 250 1852 273 v.
1863 248 1895 283 g.
1918 248 2002 282 pone
2022 235 2083 271 esse
2094 233 2151 268 ali-

1271 295 1368 329 quem
1391 287 1558 331 psittacum
1570 312 1583 329 ,
1607 289 1665 334 qui
1689 288 1768 321 sciat
1789 297 1912 322 certam
1929 288 2072 332 aliquam
2084 286 2150 319 for·
2167 282 2171 284 ’

1270 337 1396 370 mulam
1419 337 1592 373 verborum
1614 339 1775 382 proferre3
1802 336 1901 379 idque
1921 338 1962 371 ad
1983 347 2098 372 nutum
2111 335 2148 369 &

1270 384 1442 429 imperium
1471 389 1519 421 sui
1538 388 1688 423 domini:
1715 387 1849 433 quando
1868 398 1950 432 ergo
1972 385 2030 421 iste
2041 387 2148 430 psitta-

1270 446 1327 469 cus
1337 434 1396 469 ista
1415 436 1508 472 verba
1519 450 1559 472 ex
1570 439 1698 473 domini
1713 440 1759 472 sui
1775 439 1914 481 imperio
1925 436 2023 470 alicui
2033 436 2120 470 dicet
2133 458 2147 474 ‚

1270 493 1351 519 tunc
1372 496 1437 529 ego
1456 487 1534 522 dico
1545 488 1604 522 ista
1615 489 1709 523 verba
1722 487 1872 523 habitura
1885 487 1947 522 esse
1956 484 2147 529 suppositio-

1272 546 1348 569 nem
1360 559 1367 566 .
1392 534 1467 571 Nec
1484 547 1616 581 oportet
1640 538 1739 583 louge
1750 549 1874 573 currere
1888 550 1947 582 pro
1958 532 2150 579 hujusmodi

1270 586 1445 628 exemplo:
1472 585 1630 622 habemus
1642 587 1676 621 in
1688 589 1782 623 Sacra
1794 588 1943 623 Historia
1956 611 1967 627 ,
1993 589 2152 620 Num-22·

1274 634 1348 672 Ubi
1366 634 1452 670 asina
1464 636 1599 672 Balaam
1611 638 1723 671 locuta
1744 637 1810 679 est,
1834 638 1869 673 ὃ(
1881 648 1977 673 voces
1990 634 2127 680 protulit
2139 656 2153 673 2

1271 695 1349 728 quas
1359 697 1425 730 ego
1434 686 1512 722 dico
1523 687 1670 722 habuisse
1682 697 1790 721 veram
1804 688 2058 731 suppositionem
2068 709 2076 717 .
2101 685 2149 717 Et

1266 735 1379 777 probo.-
1404 735 1517 780 Quia,
1543 738 1591 772 uti
1614 736 1680 781 jam
1701 736 1794 778 dixi,
1822 736 1999 781 suppositio
2023 743 2150 768 vocum

1271 785 1316 819 est
1342 785 1483 830 prolatio
1505 798 1625 822 vocum
1636 787 1912 823 cumintentione
1924 784 2152 832 significandi:

1272 833 1359 870 unde
1381 847 1497 871 omnes
1516 837 1579 872 511ae
1601 849 1699 873 voees
1723 835 1844 870 habent
1872 836 2148 882 suppositionem,

1272 897 1341 930 qua:
1378 886 1586 932 proferuntur·
1618 899 1696 923 curn
1717 888 1904 922 intentione
1924 883 2153 931 significandi.

1272 935 1378 980 Atqui
1400 937 1466 971 istae
1492 949 1588 972 voces
1607 939 1701 972 asinae
1722 938 1853 973 fuerunt
1873 937 1914 971 ab
1926 938 2010 972 asina
2023 935 2153 978 prolatae

1271 997 1347 1021 cum
1369 988 1556 1023 intentione
1578 987 1785 1033 significandi
1806 1001 1814 1021 :
1840 999 1916 1022 cum
1940 985 2154 1023 intentione,

1273 1040 1426 1080 inquam,
1453 1049 1520 1072 uon
1541 1037 1676 1081 quidem
1687 1038 1782 1082 ipsius
1793 1038 1884 1072 asinae
1893 1050 1910 1080 ;
1935 1036 1990 1072 sed
2014 1046 2089 1070 cum
2104 1035 2153 1067 in-

1271 1088 1423 1122 tentione
1435 1087 1583 1134 Angeli,
1609 1088 1666 1132 qui
1677 1088 1801 1131 aperuit
1810 1099 1848 1122 os
1859 1087 1953 1122 afinae
1966 1113 1974 1120 .
2000 1083 2155 1129 Angelus

1269 1138 1359 1170 enim
1371 1162 1382 1178 ,
1409 1139 1485 1181 quia
1509 1148 1586 1172 cum
1608 1137 1717 1182 Impio
1728 1137 1862 1172 Balaam
1876 1148 1944 1171 non
1961 1135 2093 1171 volebat
2105 1134 2155 1167 lo-

1270 1187 1326 1230 qui
1350 1198 1405 1229 per
1428 1188 1564 1231 seipsum
1578 1213 1589 1230 ,
1614 1188 1741 1232 aperuit
1760 1199 1799 1223 os
1822 1188 1938 1227 afinae,
1964 1187 1998 1220 ἀ
2019 1185 2156 1219 locutus

1268 1236 1312 1269 est
1335 1247 1390 1280 per
1411 1238 1552 1273 asinam.
1586 1237 1675 1283 Ergo
1699 1239 1766 1273 istae
1778 1248 1871 1271 voces
1885 1236 2069 1271 habuerunt
2082 1235 2154 1278 sup·

1271 1287 1464 1330 positionem
1478 1312 1486 1320 .
1514 1289 1673 1322 similiter:
1700 1289 1735 1322 Si
1757 1298 1849 1322 meus
1858 1287 2009 1331 psittacus
2023 1295 2065 1320 ex
2076 1295 2153 1318 mea

1270 1337 1440 1372 voluntate
1465 1338 1650 1382 &imperio
1661 1338 1722 1373 tibi
1733 1338 1844 1379 dicat,
1869 1337 2044 1376 bonadies,
2068 1335 2152 1368 vado

1267 1386 1338 1421 hinc
1361 1412 1374 1429 ,
1401 1388 1451 1423 vel
1474 1387 1552 1433 quid
1571 1388 1675 1423 simile
1693 1412 1705 1429 ,
1733 1387 1798 1424 ista
1819 1397 1919 1421 voces
1941 1386 2153 1429 proferuntur

1267 1449 1343 1473 cum
1368 1439 1556 1473 intentione
1575 1437 1803 1483 significandi:
1831 1449 1899 1472 non
1918 1434 2054 1478 quidem
2075 1443 2154 1468 cum

1269 1488 1455 1522 intentione
1484 1489 1605 1532 psittaci
1627 1489 1838 1533 proferentis;
1865 1488 1919 1521 sed
1939 1497 2014 1520 cum
2038 1484 2152 1518 inten-

1268 1538 1361 1573 tione
1381 1549 1453 1572 mea
1476 1540 1678 1581 imperanns.
1713 1539 1805 1582 Ergo
1827 1538 1906 1581 quid
1934 1536 2000 1570 illis
2010 1534 2098 1569 deest
2108 1532 2152 1569 ad

1269 1588 1550 1632 suppositionemi·
1575 1589 1660 1622 Sane
1681 1588 1823 1622 omnino
1840 1586 1942 1622 nihil.

1317 1636 1378 1675 28.
1406 1641 1517 1672 Dtces:
1545 1639 1660 1672 Deefle
1678 1648 1777 1671 unam
1800 1638 2031 1672 conditionem
2058 1630 2153 1667 valde

1266 1688 1488 1722 essentialem:
1515 1698 1588 1729 quae
1605 1687 1651 1722 est
1668 1713 1678 1729 ,
1704 1699 1739 1722 ut
1755 1687 1894 1730 prolatio
1917 1696 2038 1720 vocum
2056 1685 2090 1718 δι
2102 1682 2152 1716 in-

1267 1738 1374 1772 tentio
1398 1738 1605 1782 significandi
1626 1738 1689 1772 sint
1710 1736 2004 1780 aet-ionesejusdem
2015 1733 2155 1778 supposi-

1267 1788 1310 1822 ti.
1342 1788 1526 1831 Supposirio
1547 1787 1637 1822 enim
1661 1788 1704 1822 est
1717 1788 1858 1831 prolatio
1871 1798 1991 1820 vocum
2003 1796 2080 1818 cum
2103 1783 2153 1815 in-

1267 1839 1418 1872 tentione
1438 1838 1666 1884 significandi.-
1695 1849 1771 1872 cum
1793 1837 1979 1871 intentione
2003 1844 2073 1868 non
2089 1843 2154 1866 cu-

1265 1888 1478 1932 juscumque:
1506 1889 1558 1923 sed
1579 1899 1657 1923 cum
1681 1888 1869 1922 intentione
1890 1884 2075 1930 loquentis.
2104 1880 2154 1922 Ast

1267 1939 1317 1969 boc
1325 1944 1425 1980 gram
1436 1939 1610 1978 affamitur:
1638 1938 1759 1981 Neque
1782 1936 1838 1970 illa
1853 1935 2006 1970 conditio
2019 1933 2065 1967 est
2080 1933 2153 1974 sup·

1267 1985 1423 2030 positioni
1438 1985 1638 2026 essentialis,
1665 1997 1721 2021 aut
1734 1985 1925 2020 necessaria:
1953 1982 1999 2018 est
2025 1980 2155 2025 illiqui-

1266 2036 1343 2069 dem
1366 2035 1508 2070 multum
1529 2036 1715 2080 ordinaria;
1743 2035 1798 2072 sed
1820 2044 2024 2078 nequaquam
2037 2031 2151 2067 neces-

1267 2085 1367 2117 saria.
1401 2088 1497 2126 ,Quod
1510 2087 1626 2126 probo:
1653 2087 1743 2131 Qia
1770 2096 1901 2127 oportet
1925 2081 2152 2126 philosophari

1266 2134 1306 2166 de
1319 2134 1538 2175 suppositione
1563 2143 1705 2174 vocum,
1732 2134 1813 2166 sicut
1830 2131 2154 2176 philosophamurde

1267 2182 1488 2225 suppositione
1510 2183 1693 2226 scripturae,
1721 2179 1848 2217 hederae
1869 2181 1903 2216 in
1917 2180 2064 2220 foribus,
2089 2180 2154 2214 sta·-

1266 2243 1327 2265 tuae
1345 2231 1378 2266 in
1406 2233 1554 2274 templo,
1581 2233 1643 2267 &c-
1669 2233 1835 2267 Omnium
1848 2231 1939 2266 enim
1950 2231 2086 2270 eadem,
2112 2240 2153 2264 ac

1267 2282 1450 2324 parisormis
1467 2281 1511 2315 est
1536 2281 1638 2315 ratio.
1668 2282 1761 2316 Sicut
1771 2282 1892 2326 quippe
1906 2280 2081 2324 suppositio
2092 2289 2153 2312 vo-

1267 2333 1314 2365 cis
1324 2334 1369 2366 est
1394 2331 1485 2365 vocis
1514 2331 1655 2374 prolatio
1678 2331 1956 2366 cuminteutione
1971 2329 2154 2374 significau-

1267 2381 1320 2424 di·‚
1348 2382 1390 2415 sic
1402 2382 1500 2415 etiam
1521 2380 1695 2425 suppositio
1721 2380 1847 2416 hederae
1856 2381 1899 2414 est
1914 2379 2039 2415 hederae
2051 2377 2091 2413 ad
2103 2379 2155 2413 fo·

1268 2442 1317 2466 res
1327 2431 1480 2474 appensio
1490 2443 1568 2469 cum
1582 2432 1768 2466 intentione
1780 2430 1987 2476 significandi
2006 2429 2069 2464 :de
2080 2440 2149 2473 quo

1269 2482 1378 2515 statim
1391 2483 1475 2515 infra
1491 2482 1588 2525 paulo
1600 2482 1691 2525 plura
1703 2481 1812 2515 dicam
1825 2506 1832 2513 .
1862 2481 1967 2524 Atqui
1990 2480 2025 2512 in
2038 2480 2156 2521 suppo·

1268 2531 1387 2565 sitione
1408 2531 1555 2571 hederae,
1583 2530 1706 2566 hederae
1729 2531 1769 2564 ad
1783 2529 2049 2573 foresappenfio,
2074 2528 2156 2562 &fi-

1269 2581 1449 2626 gnificandi
1483 2581 1627 2615 intentio
1664 2592 1733 2614 non
1769 2580 1891 2614 debent
1926 2581 1989 2614 esse
2011 2578 2154 2612 actiones

1268 2629 1404 2675 ejusdem
1428 2631 1598 2674 suppositi:
1626 2640 1663 2665 ut
1688 2628 1775 2665 mihi
1799 2630 1929 2664 videtur
1940 2629 2003 2662 esse
2014 2628 2156 2662 manife-

1270 2681 1352 2714 stum
1366 2705 1373 2712 .
1405 2680 1495 2726 Ergo
1509 2692 1613 2721 neque
1633 2681 1671 2714 in
1689 2680 1909 2723 suppositione
1921 2679 2034 2719 vocis,
2062 2677 2154 2711 vocis

1261 2731 1410 2775 ,prolatio
1423 2732 1455 2764 ἀ
1467 2730 1671 2775 significandi
1692 2729 1838 2765 intentio
1850 2728 2046 2763 debentesse
2056 2727 2156 2762 actio·

1271 2792 1326 2815 nes
1348 2780 1492 2823 ejusdem
1517 2781 1691 2824 suppositi;
1718 2779 1772 2814 secl
1795 2779 1940 2814 intentio
1966 2779 2030 2813 esse
2047 2777 2153 2822 potest

1270 2832 1355 2865 astio
1380 2830 1527 2865 hominis
1544 2830 1597 2864 vel
1620 2829 1743 2874 Angeli
1764 2854 1774 2869 ‚
1802 2829 1944 2873 prolatio
1967 2827 2045 2863 vero
2066 2827 2154 2861 actio

1270 2881 1409 2925 alicujus
1431 2881 1536 2915 bruti.
1564 2880 1714 2914 Probatur
1735 2885 1853 2913 minor:
1883 2880 1974 2927 Qia
2000 2877 2155 2912 sihedera

1270 2932 1507 2976 appenderetur
1530 2930 1654 2965 foribus
1677 2941 1732 2973 per
1754 2941 1871 2965 canem
1890 2931 1931 2964 ad
1956 2929 1990 2963 id
2004 2930 2021 2962 a
2035 2939 2154 2963 merca·

1270 2992 1342 3018 tore
1360 2982 1513 3016 edoctum
1526 3005 1537 3022 ,
1562 2990 1642 3015 tunc
1663 2979 1780 3015 hedera
1804 2981 1850 3014 ita
1871 2980 2008 3023 appensa
2030 2979 2048 3010 a
2072 2989 2153 3012 cane

1271 3034 1348 3067 esset
1369 3043 1438 3067 tatu
1452 3031 1533 3066 bene
1558 3029 1599 3065 ad
1613 3029 1864 3077 significandum
1877 3028 2020 3071 exposita
2035 3028 2069 3060 δι
2082 3028 2153 3070 sup-

1272 3084 1372 3127 posita
1395 3107 1406 3123 ‚
1432 3093 1530 3126 quam
1553 3079 1670 3116 hedera
1692 3081 1830 3125 appensa
1851 3079 1893 3114 ab
1921 3077 2058 3112 homine
2079 3090 2087 3109 ι
2115 3086 2154 3111 ut

1274 3142 1372 3167 nemo
1398 3131 1532 3178 negabit
1546 3156 1558 3173 ,
1584 3131 1643 3175 qui
1665 3132 1759 3165 sanus
1782 3130 1827 3164 est
1842 3154 1850 3162 .
1879 3128 1984 3172 Atqui
2003 3137 2082 3161 tuuc
2096 3126 2155 3162 he·

1273 3183 1352 3217 derae
1385 3183 1539 3226 appensio
1565 3182 1598 3215 δι
1617 3179 1822 3226 significandi
1849 3179 1993 3214 intentio
2017 3189 2086 3211 non
2105 3177 2154 3211 fo-

1273 3243 1344 3268 rent
1366 3234 1510 3267 astiones
1529 3231 1672 3275 ejusdem
1699 3229 1852 3274 suppositi
1870 3242 1880 3272 ;
1922 3229 1975 3264 sed
1998 3228 2152 3272 appensio

1274 3284 1359 3318 foret
1372 3283 1457 3318 aetio
1469 3282 1558 3318 canis
1569 3306 1579 3322 ,
1606 3280 1748 3315 intentio
1762 3279 1838 3314 vero
1850 3281 1937 3314 foret
1949 3279 2033 3313 adiio
2045 3277 2155 3311 homi-

1275 3333 1347 3369 nis:
1376 3344 1456 3378 ergo
1477 3332 1519 3366 ad
1532 3331 1654 3366 hederae
1665 3330 1920 3373 suppositionem
1935 3339 2002 3362 non
2017 3327 2154 3370 requiri--

1275 3395 1345 3424 tur,
1375 3383 1466 3427 quod
1476 3381 1599 3417 hederae
1609 3381 1805 3424 appensio&
1830 3377 2034 3425 significandi
2047 3378 2155 3410 inten-

1277 3434 1325 3468 tio
1346 3434 1407 3467 sint
1431 3433 1572 3467 actiones
1593 3431 1735 3474 ejusdem
1759 3430 1932 3476 suppositi:
1958 3438 2038 3473 ergo
2050 3437 2155 3471 neque

1276 3483 1312 3520 id
1336 3483 1510 3530 requiritur
1528 3480 1568 3518 ad
1577 3482 1831 3528 suppositionem
1843 3481 1932 3516 vocis
1944 3505 1952 3515 .
2059 3529 2106 3561 Et

1987 3538 2044 3575 29·
