2384 3770
79 453 199 494 Haeress

53 501 111 540 80-

22 1353 27 1357 ·
73 1382 119 1417 A.
142 1379 219 1430 398.

74 2201 120 2245 'AL
150 2196 226 2256 398.

72 2274 105 2296 n.
120 2261 177 2298 26.

79 3157 167 3182 num.
178 3157 235 3194 31.

572 161 899 207 Saucrr

226 251 297 287 chis
318 247 496 287 haereticis,
524 256 580 280 aut
603 246 709 280 forsan
733 253 825 278 erant
847 254 888 276 ex
908 241 973 274 illis
996 239 1067 282 ipsis
1094 264 1101 272 .

228 299 359 335 Etenim
380 299 477 332 etiarn
501 295 535 329 hi
560 296 711 330 usitatum
733 294 766 326 in
780 290 934 326 omnibus
946 289 1101 324 monaste-

228 351 282 384 riis
303 359 385 393 opus
406 358 562 381 manuum
578 342 758 387 Evangelio
769 352 950 385 repugnare
971 339 1103 373 blatera-

229 400 307 433 bant
323 423 333 439 ,
350 399 446 441 idque
458 397 521 430 hoc
532 396 603 439 ipso
615 402 773 435 tempore.
802 391 896 424 Dicit
909 400 1049 433 namque
1064 389 1105 423 de

230 450 295 483 inis
318 446 536 491 Epiphanius.
566 448 704 476 Fuerunt
725 451 798 474 ante
818 443 932 483 aliquot
956 448 1072 481 tempus
1086 441 1106 472 ἃ

229 498 406 540 temporibus
428 494 632 535 Constantii&
643 491 697 525 bue
710 491 801 535 usque
814 516 822 524 .
848 491 940 525 Dicit
954 489 1018 523 hoc
1033 489 1105 532 Epi-

231 549 370 592 phanius
390 541 622 590 propemodum
642 552 824 576 coaetaneus
836 540 1043 584 Augustino.
1058 539 1106 573 Hi

232 610 312 643 ergo
337 606 473 640 nequam
494 594 534 628 de
556 591 799 634 Mesopotamia
821 591 854 625 in
881 590 1073 634 AEgyptum
1096 613 1107 629 ,

233 660 271 683 ac
293 646 368 680 inde
383 656 457 679 cum
481 643 590 677 nescio
610 642 727 686 quibus
739 641 914 686 AEgyptiis
927 637 1110 677 monachis,

233 697 350 742 quibus
371 697 459 729 suam
481 694 687 727 affricuerant
713 692 853 726 scabiem
866 715 878 731 ,
903 690 938 723 in
959 690 1107 724 Africam

234 747 444 790 irrepserant,
471 744 586 787 utique
606 743 624 775 a
647 742 796 776 Diabolo
817 740 966 780 immiffi,
996 750 1031 774 ut
1054 749 1108 772 no·

235 807 308 830 vam
329 795 370 828 ab
386 793 577 839 Augustino
598 792 866 836 plantatavaei
890 792 1019 826 vineam
1043 789 1110 822 istis

230 847 333 881 sibilis
360 855 527 887 tamquam
553 843 722 886 aptissimis
746 841 893 876 runcinis
920 848 1073 874 eruerent
1096 862 1107 878 ‚

234 906 291 930 aut
317 894 402 929 certe
431 904 592 928 tentarent
615 917 622 924 .
661 890 898 935 Carthaginem
926 890 1045 933 quippe
1071 887 1112 920 ab

236 945 410 989 AEgyptiis
435 941 608 978 monachis
638 941 756 976 Divini
788 939 892 975 officii
921 950 976 974 aut
1005 938 1111 972 caussa

235 1006 292 1030 aut
315 997 395 1029 fuco
405 991 602 1036 frequentari
619 991 771 1032 solitam,
796 989 1057 1033 audivimusjam
1072 998 1113 1023 ex

237 1046 346 1080 saneto
367 1045 543 1080 Salviano.
1111 1067 1113 1070 ,

412 1144 444 1178 c
494 1143 527 1177 A
577 1141 605 1174 P
655 1143 696 1177 U
746 1141 784 1175 T
856 1125 969 1177 xitv.

525 1243 662 1284 Digrefflo
686 1216 847 1284 quaedam'.

241 1343 370 1428 AT
387 1341 539 1385 inquies,
564 1351 621 1373 cur
647 1338 853 1384 Augustinus
875 1337 915 1371 de
926 1337 993 1370 istis
1004 1334 1120 1378 aspidi-

358 1392 416 1426 bus
437 1394 497 1425 ait:
530 1393 732 1434 Evangelicas
759 1391 890 1423 volucres
910 1384 1064 1428 imitarise
1078 1387 1122 1418 dr-

242 1452 310 1478 cunt
330 1444 344 1476 ?
371 1439 558 1484 Respondet
579 1440 766 1475 Cardinalis
787 1439 948 1472 Batonius
966 1450 975 1469 z
1003 1441 1123 1477 Nempe

244 1503 368 1537 quatuor
387 1491 533 1524 animalia
543 1489 731 1530 ezechielo.
758 1489 805 1522 At
820 1487 916 1532 plane
934 1496 1118 1531 perperam.

245 1544 338 1590 Qid
364 1543 453 1576 enim
491 1539 671 1574 Ezechielis
694 1539 848 1574 animalia
880 1538 921 1572 ad
949 1548 1031 1580 opus
1057 1547 1123 1570 ma-

244 1603 371 1631 nuum,
396 1592 437 1626 de
459 1602 528 1634 quo
550 1589 602 1623 isti
622 1589 746 1633 aspides
769 1587 1038 1623 contendebant?
1064 1586 1123 1621 Di-

244 1655 287 1678 co
307 1653 386 1686 ergo
409 1652 466 1675 eos
489 1639 608 1674 imitari
628 1640 763 1674 voluisse
785 1650 840 1673 eas
863 1639 1011 1672 volucres
1034 1660 1045 1675 ‚
1086 1636 1128 1669 de

244 1692 366 1737 quibus
387 1692 434 1725 ait
455 1691 488 1724 in
512 1690 697 1734 Evangelio
709 1689 898 1728 Dominus,
921 1685 1066 1730 Respicite
1078 1697 1126 1719 vo

246 1743 349 1776 latilm
360 1742 426 1776 caelt
435 1767 446 1782 ,
470 1746 610 1782 quoniam
621 1751 677 1772 non
683 1739 791 1782 serum
801 1765 811 1780 ,
825 1749 918 1781 neque
927 1746 1041 1771 metunt
1053 1761 1063 1776 ,
1077 1747 1123 1769 ne-

244 1803 300 1835 que
318 1800 495 1835 congregant
510 1796 543 1823 in
566 1789 692 1830 horrea,
718 1792 753 1824 (vt
775 1793 867 1822 Pater
891 1788 986 1828 vester
1007 1785 1126 1826 celestis

242 1841 341 1885 pascit
354 1843 424 1875 illa.
451 1843 500 1874 lta
513 1842 633 1885 quippe
644 1841 750 1884 palam
762 1840 869 1874 scribit
881 1839 921 1872 de
933 1838 997 1871 illis
1013 1837 1125 1881 Augu·

245 1894 350 1926 stinus
377 1892 417 1925 ad
440 1892 584 1924 sanetum
596 1890 768 1925 Aurelium
783 1890 980 1932 Episcopum
994 1886 1128 1920 Cartha-

247 1943 451 1986 giniensem,
477 1941 636 1982 facileque
658 1941 771 1978 videt,
797 1940 942 1981 quisquis
957 1937 1075 1970 librum
1089 1937 1129 1968 de

248 1990 487 2023 monachorum
513 1999 610 2030 opere
636 1988 685 2019 vel
710 1988 887 2019 oscitanter
912 1985 1087 2028 inspexerit
1121 2005 1129 2013 .

248 2038 434 2072 Cardinalis
457 2035 856 2071 Batoniilllustriffimum
877 2046 960 2078 opus
981 2046 1018 2068 ac
1031 2045 1130 2078 gran-

245 2089 302 2121 des
327 2086 565 2120 Ecclesiasticos
587 2085 714 2118 labores
741 2095 878 2117 veneror
902 2106 914 2121 ,
941 2083 1079 2124 suspicio
1095 2082 1128 2113 δε

247 2137 414 2177 admiror;
440 2133 609 2167 hincinde
622 2143 729 2166 tamen
745 2133 819 2165 satis
845 2130 1018 2164 infeliciter
1032 2130 1129 2163 versa-

247 2187 344 2220 turin
361 2184 573 2229 Augustino.
600 2179 829 2221 Primodicit,
855 2180 944 2225 quod
973 2179 1129 2225 Augusti-

248 2248 309 2270 nus
333 2238 365 2268 in
381 2233 526 2278 Epistola
537 2232 578 2265 ad
590 2232 809 2266 Vincentium
828 2230 1069 2277 Rogatislarum
1095 2229 1129 2262 in

250 2284 452 2319 Mauritania
470 2282 729 2321 Cattennensem
743 2281 943 2324 Episcopum
957 2291 1064 2314 cantet
1080 2291 1132 2322 pa·

254 2333 413 2368 linodiam
437 2331 551 2373 prioris
562 2332 620 2364 suar
631 2332 819 2369 sententiae,
847 2342 909 2373 qua
929 2329 1083 2364 docuerat
1097 2331 1129 2362 in

253 2383 423 2418 haereticos
443 2381 656 2414 animadverti
681 2392 750 2414 non
773 2381 860 2422 poffe
879 2380 1039 2423 supplicio
1050 2379 1132 2421 capi-

255 2435 332 2467 tali.
360 2429 524 2466 Atmale.
547 2430 680 2463 Etenim
703 2430 1041 2474 Augustinitempore
1053 2440 1131 2462 nun-

253 2481 426 2527 quamfu'it
436 2480 560 2525 agitata
572 2478 755 2516 istiusmodi
765 2478 897 2522 quaestio
910 2504 920 2519 ‚
947 2489 1052 2520 neque
1065 2479 1132 2522 sup-

254 2532 394 2577 plicium
410 2530 526 2573 capitis
547 2529 581 2563 in
596 2530 779 2565 Haereticos
795 2529 979 2563 decretum:
1006 2529 1108 2561 Paenae
1123 2552 1132 2567 ,

251 2583 296 2617 de
325 2592 460 2625 quarum
482 2578 736 2624 infligendarum
768 2576 846 2613 non³
863 2579 1017 2622 potestate
1044 2603 1055 2618 ,
1081 2577 1133 2612 sed

253 2632 396 2667 utilitate
418 2628 623 2673 Augustinus
641 2629 803 2675 dubitavit
827 2654 839 2671 ,
874 2641 966 2663 erant
993 2628 1131 2673 spolium

254 2683 443 2719 bonorum,
469 2679 630 2718 exilium,
652 2677 841 2713 inhabilitas
852 2679 990 2714 testandi
1004 2703 1015 2718 ,
1043 2679 1132 2712 nulla

253 2732 334 2765 fides
355 2728 536 2765 testimonii
557 2753 568 2768 ,
596 2729 727 2772 aliaeque
745 2729 779 2763 id
801 2727 924 2774 gemis.
951 2731 1070 2763 Fateor
1092 2727 1133 2762 ab

254 2781 413 2815 Honorio
427 2778 580 2823 Augusto
591 2778 761 2813 adversum
772 2780 967 2813 Donatistas
979 2778 1131 2813 constitu-

254 2841 327 2865 tum
341 2830 541 2873 supplicium
568 2829 684 2871 capitis
697 2842 709 2862 .·
736 2827 860 2861 Verum
874 2830 986 2862 nonin
998 2840 1130 2869 omnes,

255 2882 310 2915 sed
331 2882 365 2914 in
390 2880 474 2913 solos
487 2878 801 2918 Circumcelliones,
827 2879 884 2921 qui
900 2878 1086 2913 homicidiis
1096 2891 1133 2912 ac

256 2930 413 2965 inauditis
435 2929 497 2963 suis
509 2928 752 2963 crudelitatibus
763 2938 867 2962 totam
881 2927 1027 2963 Africam
1037 2929 1133 2972 depo-

254 2980 468 3024 pulabantur.
499 2980 541 3012 Et
562 2979 602 3012 de
627 2977 723 3021 hujus
741 2978 889 3021 supplicii
905 2979 1059 3020 potestate
1077 2989 1132 3015 aut

254 3032 402 3065 utilitate
425 3054 436 3069 ‚
472 3028 550 3063 licet
571 3029 675 3072 ipsum
701 3027 787 3071 apud
808 3029 933 3071 judices
954 3029 1134 3072 frequenter

255 3081 495 3124 deprecaretur,
522 3089 693 3122 nunquam
718 3078 923 3122 Augustinus
946 3077 1133 3120 dubitavit,

256 3142 364 3174 neque
384 3142 422 3164 ea
436 3141 503 3163 erat
515 3130 647 3172 quaestio
667 3130 752 3162 inter
773 3130 877 3172 ipsum
898 3127 1039 3161 &istum
1054 3128 1131 3162 Vin·

255 3182 404 3216 centium
416 3180 667 3214 cartennensem
680 3204 688 3213 .
718 3177 891 3219 Secundo,
909 3189 1006 3222 agens
1015 3177 1056 3213 de
1067 3179 1130 3212 Au>

255 3231 378 3276 gustini
402 3229 549 3262 adversus
561 3228 762 3262 petilianum
786 3227 874 3261 libris
898 3228 938 3262 sic
956 3227 1055 3263 dicit.
1075 3231 1130 3262 Ad-

256 3291 408 3314 monemus
431 3279 583 3317 Ιεὲἶοηιη,
609 3277 730 3321 quodsi
746 3279 866 3311 titulum
885 3275 963 3320 sedis
982 3277 1095 3322 [ᾔσθη
1120 3304 1130 3320 ,

256 3333 328 3364 duos
350 3339 423 3373 opus
443 3329 507 3371 essee
525 3328 645 3371 asserere
668 3330 833 3362 Petilianos
861 3341 871 3361 :
898 3330 1031 3371 ‚Quorum
1053 3331 1130 3363 alter

256 3382 342 3423 apud
363 3378 457 3421 ipsum
470 3379 656 3422 Augustinum
667 3384 820 3413 invenitur·
842 3377 1000 3418 Cirtbenfis
1013 3377 1128 3420 Epist-0.

254 3439 312 3473 pus
325 3454 334 3468 ‚
358 3431 434 3461 alter
451 3432 522 3462 vero
544 3428 583 3460 ab
601 3430 699 3462 eodem
723 3427 876 3472 Augustino
888 3427 1128 3470 Constantinenfis

257 3478 422 3524 Episcopur
447 3484 613 3512 nominatus
636 3478 761 3512 habetur
782 3504 788 3510 .
817 3479 877 3511 sed
895 3486 1022 3522 putatur
1049 3490 1130 3514 error

358 3527 467 3567 Christ.
483 3531 562 3570 Lupi
574 3532 672 3571 Opera
685 3532 763 3562 Tom.
777 3531 850 3561 ΧΠ.

970 160 1514 201 ΑυῦυετῑΝι.

1952 166 1972 211 5
1990 170 2006 198 t

1165 237 1300 280 Irrepfiffle
1317 242 1349 271 in
1371 239 1491 270 titulum
1511 243 1781 272 commentariorum
1817 247 1918 274 contra
1938 240 2042 271 literas

1168 289 1310 322 Petiliam·
1333 310 1344 326 ‚
1379 297 1412 320 ue
1430 288 1487 320 Ioco
1508 287 1759 326 constantinensis
1788 314 1798 328 ,
1824 288 1984 330 Cirthenfis
2005 286 2044 330 fit

1163 338 1287 381 pofitus.
1318 336 1426 371 Etiam
1452 336 1536 370 male
1552 362 1559 368 .
1588 338 1690 370 Hunc
1713 348 1849 378 namque
1863 339 2045 381 scrupulum

1167 387 1260 422 done
1278 399 1315 421 ac
1337 386 1656 421 lucideevacuantur
1667 385 1852 420 Scholiastae
1865 390 2048 423 Lovanien-

1169 440 1213 472 ses
1235 437 1267 470 in
1291 436 1428 471 exordio
1450 437 1607 471 librorum
1631 435 1778 469 adversus
1801 436 2014 472 Cresconium
2038 460 2046 468 .

1168 487 1310 528 Tertio,
1334 487 1375 520 de
1399 490 1526 530 Optato
1548 486 1757 519 Gildoniano
1777 496 1878 529 agens
1901 511 1910 525 ‚
1939 489 1979 519 sic
2001 486 2049 520 di·

1170 537 1214 572 cit
1231 563 1237 569 .
1262 539 1359 577 Cujus
1370 542 1506 570 civitatis
1520 534 1683 580 Episcopus
1692 536 1793 577 fuerit
1806 559 1817 575 ‚
1843 547 1894 567 nos
1910 534 2048 568 haetenus
2068 549 2155 576 num.
2167 538 2228 584 40.v

1171 589 1259 620 latet.
1290 587 1400 620 Etiam
1423 586 1507 620 male
1527 612 1534 619 .
1568 586 1670 634 Qod
1698 596 1836 626 namque
1859 585 1956 617 fuerit
1979 586 2052 627 Epi-

1172 639 1286 681 scopus
1299 637 1585 682 Thamugadensis
1605 662 1612 668 .
1641 635 1757 670 Scribit
1782 634 1989 678 Augustinus
2014 634 2054 668 ad

1175 687 1358 722 Emeritum
1386 687 1636 721 Donatistarum
1659 686 1858 729 Episcopum
1887 683 2058 719 Caesatien-

1174 739 1238 771 sem
1253 763 1258 769 .
1291 743 1360 771 Non
1379 742 1458 770 em'm
1470 741 1613 779 optatum
1627 762 1635 776 ,
1648 736 1743 777 sedte
1754 732 1891 776 defendis
1903 759 1913 774 ,
1940 745 2003 767 cum
2015 734 2060 765 dt·
2077 744 2183 789 Ep-16
2184 734 2215 791 42

1174 794 1235 827 cis,
1265 791 1387 832 Ignara,
1412 789 1511 829 qualu
1523 785 1692 828 istefuerit.
1718 788 1749 818 51
1777 781 2060 828 Thamugadensem

1178 835 1356 879 Episcopum
1366 836 1719 878 vestrumsamofifflmum
1728 861 1738 876 ‚
1752 838 1808 869 &a
1823 824 1863 868 Et
1879 835 1918 867 ad
1934 835 2058 866 Macro-

1179 888 1268 921 bium
1283 887 1478 930 Episcopum
1491 886 1737 921 Donatistarum
1752 911 1759 917 .
1784 883 2060 927 Cumfrequentr'ffl-
2076 871 2133 915 EP-
2152 880 2234 916 255-

1178 950 1228 969 ma
1249 936 1451 978 numerofitate
1463 935 1713 981 Thamugadensis
1726 940 1832 979 optati
1854 936 1999 970 natalitIa
2019 944 2061 966 ce-

1179 987 1329 1020 lebrarent
1343 1011 1351 1018 .
1380 987 1423 1020 Et
1447 987 1480 1020 in
1493 998 1591 1031 opere
1602 987 1754 1033 adversus
1768 987 1874 1020 literas
1886 984 2039 1018 Petiliani
2053 1007 2061 1014 .

1181 1038 1254 1070 Inde
1265 1035 1629 1079 Optatinamugadenfis
1651 1040 1776 1080 caussam
1796 1036 1982 1078 pedetentim
1998 1031 2060 1077 sus—
2080 1036 2152 1070 Lib.
2181 1047 2215 1083 3.

1180 1088 1313 1129 pendens
1325 1111 1332 1118 .
1362 1085 1405 1119 Et
1425 1086 1460 1119 in
1478 1097 1572 1128 opere
1584 1087 1734 1120 adversus
1744 1086 1971 1120 Gaudentium
1989 1083 2063 1126 Epi·
2079 1099 2146 1130 cap.
2173 1094 2230 1130 40.

1185 1139 1317 1179 scopum
1336 1134 1650 1179 Thamugadensem
1676 1160 1683 1167 .
1721 1137 1894 1169 Felicianus
1911 1133 2064 1175 praectput'
2082 1138 2157 1171 Lib.
2188 1146 2218 1170 1·

1185 1193 1230 1220 tui
1246 1187 1462 1228 praedecefforis
1466 1185 1582 1226 favore
1587 1184 1750 1229 susceptus.
1783 1184 1858 1218 Ubi
1872 1184 1952 1218 reste
1966 1183 2064 1216 habet
2082 1188 2162 1231 Cap,
2187 1194 2243 1231 39.

1187 1238 1360 1271 annotatio
1380 1236 1586 1281 marginalis:
1613 1241 1688 1270 Fuit
1705 1243 1733 1268 is
1750 1240 1884 1277 Optatus
1911 1235 2065 1266 Gildonia-
2097 1238 2137 1271 Α,
2161 1243 2247 1288 414.

1187 1298 1241 1319 nur
1253 1311 1260 1318 .
1288 1286 1417 1333 Qarto
1429 1286 1508 1320 dicit
1519 1285 1681 1320 Batonius
1692 1286 1867 1321 Donatum
1881 1285 1979 1318 istum
1990 1308 2001 1324 ,
2013 1282 2069 1316 cui
2087 1299 2117 1321 n.
2149 1291 2181 1325 6.

1190 1337 1392 1381 Augustinus
1430 1336 1550 1379 scripsit
1600 1336 1780 1379 Epistolam
1817 1335 2071 1371 ducentesimam

1188 1398 1359 1430 quartam,
1385 1387 1480 1420 fuisse
1504 1387 1721 1431 Episcopum.
1755 1387 1863 1420 Etiam
1881 1385 1981 1419 male.
2001 1382 2075 1415 Ete-

1190 1438 1257 1470 nim
1277 1438 1309 1470 &
1325 1436 1555 1482 Epigraphe&
1577 1446 1644 1471 tora
1661 1437 1807 1480 Epistola
1832 1436 1937 1479 palam
1960 1436 2076 1468 dicunt

1189 1487 1359 1520 dumtaxat
1383 1487 1606 1530 pre-sbyoerum
1627 1488 1720 1522 fuisse
1741 1511 1749 1519 .
1780 1485 1988 1534 Qinto,de
1998 1494 2078 1516 con-

1190 1537 1330 1571 troversa
1349 1537 1434 1571 inter
1458 1538 1683 1581 Augustinum
1707 1549 1744 1571 ac
1759 1536 2008 1578 Hieronymum
2023 1543 2080 1564 no·

1193 1587 1324 1621 strarum
1345 1587 1529 1621 animarum
1549 1587 1679 1631 origine
1690 1598 1810 1631 agens,
1838 1587 1879 1620 sic
1899 1587 2000 1619 dicit.
2028 1586 2080 1614 Ve‘
2108 1587 2149 1621 A.
2172 1587 2255 1628 415-=

1191 1639 1256 1669 rum
1275 1635 1413 1679 &ipsum
1426 1637 1721 1680 Augustinumpostea
1733 1644 1766 1669 ln
1782 1642 1946 1674 Hieronymi
1962 1634 2081 1677 senten·
2101 1652 2155 1675 nu,
2171 1650 2226 1687 39,

1193 1693 1269 1720 tiam
1289 1687 1389 1729 abjrffe
1409 1688 1518 1727 constat
1533 1709 1543 1725 ‚
1568 1699 1658 1730 quam
1670 1690 1704 1722 (v
1716 1689 1865 1720 adversus
1880 1684 2083 1727 adversantes

1194 1743 1220 1771 ei
1245 1738 1399 1777 doeiffime'
1412 1744 1645 1782 propugnavit,
1666 1737 1794 1781 scriptis
1817 1740 1918 1770 eodem
1929 1744 2087 1779 argumen-

1194 1798 1223 1821 to
1249 1797 1375 1831 quatuor
1393 1786 1500 1822 libris.
1528 1786 1639 1823 Etiam
1654 1789 1757 1823 male.
1789 1789 1921 1821 Etenim
1947 1798 2013 1819 non
2037 1785 2087 1822 so-

1193 1837 1260 1872 lum
1294 1848 1434 1882 quatuor
1456 1838 1509 1872 isti
1536 1839 1689 1876 adversus
1720 1839 1938 1872 Vincentium
1975 1835 2087 1869 Victo-

1193 1898 1259 1921 rem
1285 1889 1385 1926 libri,
1413 1888 1465 1921 sed
1482 1890 1580 1921 etiam
1605 1890 1676 1927 libjri
1700 1886 1965 1920 retractationum
1987 1908 1997 1924 ,
2026 1884 2089 1919 uti·

1195 1948 1257 1979 que
1283 1938 1347 1969 illis
1370 1937 1540 1978 juniores,
1567 1938 1752 1979 oppositum
1777 1937 1885 1980 palam
1908 1937 2086 1970 testifican-

1196 1997 1248 2019 tur
1261 2009 1267 2016 .
1283 1985 1362 2018 Haec
1377 1996 1476 2027 pauca
1490 2009 1500 2024 ‚
1515 1987 1587 2018 sunt
1599 1989 1689 2020 enim
1704 1987 1812 2020 adhuc
1826 1989 1986 2030 quaepiam
2000 1987 2063 2020 alia
2075 2013 2087 2028 ‚

1195 2044 1351 2068 annotare
1372 2035 1465 2068 volui
1489 2035 1652 2076 cujusdam
1682 2036 1940 2082 scholiigratia,
1969 2049 2089 2081 nequa-

1196 2093 1293 2126 quam
1316 2083 1429 2115 animo
1444 2081 1702 2125 reprehensionis
1713 2109 1720 2117 .
1750 2086 1928 2130 Pergamus
1944 2099 2032 2123 nuuc
2046 2088 2088 2124 ad

1195 2132 1273 2166 istos
1284 2131 1426 2165 advenas
1437 2143 1478 2166 ex
1493 2132 1655 2177 AEgypto
1668 2136 1790 2169 noxios
1802 2135 1962 2172 dracones
1982 2163 1989 2170 .

1366 2231 1399 2266 C
1449 2232 1481 2266 A
1534 2232 1560 2267 P
1612 2234 1645 2269 U
1696 2235 1734 2268 T
1810 2236 1939 2274 XXVI.

1323 2333 1450 2366 Reditur
1469 2334 1515 2365 ad
1527 2332 1770 2377 augustinianum
1796 2347 1846 2370 ton
1847 2337 1954 2380 ficram
1965 2364 1973 2371 .

1246 2432 1291 2466 Sti
1306 2443 1386 2476 ergo
1407 2433 1564 2467 dracones
1586 2433 1648 2467 suis
1672 2434 1811 2470 tabificis
1836 2436 1933 2471 sibilis
1958 2439 1991 2472 &
2018 2440 2088 2483 spu·

1271 2483 1331 2516 mis
1355 2481 1680 2526 nihilprofecerunt.
1710 2485 1889 2522 Eremitica
1903 2488 2086 2533 Augustini

1197 2534 1369 2576 progenies
1391 2533 1506 2567 manfit
1525 2544 1632 2567 toturn
1656 2545 1754 2577 caput
1776 2539 1871 2571 tonsa
1897 2549 1934 2572 ac
1950 2538 2083 2574 barbam

1201 2583 1280 2622 rasa,
1293 2581 1463 2626 quomodo
1474 2584 1503 2617 ei
1516 2582 1718 2628 Augustinus
1731 2586 1911 2622 instituerat
1923 2614 1934 2629 ‚
1946 2601 2088 2633 quomo-

1197 2632 1242 2666 do
1262 2633 1383 2666 viderat
1396 2633 1510 2668 servari
1523 2634 1557 2666 in
1573 2634 1691 2674 ltalia,
1718 2647 1755 2670 ac
1765 2637 1936 2674 audiverat
1949 2639 1990 2672 de
2013 2649 2086 2674 tota

1199 2681 1341 2716 Ecclesia
1354 2682 1491 2716 Latina.
1519 2683 1630 2718 Testis
1655 2696 1750 2720 meus
1768 2687 1814 2720 est
1830 2688 1955 2723 sanstus
1967 2688 2086 2724 Salvia-

1200 2744 1260 2766 nus
1273 2757 1282 2770 ,
1308 2732 1423 2766 dicens
1434 2732 1552 2767 Africae
1565 2734 1746 2769 monachos
1760 2738 1853 2771 fuisse
1879 2738 2028 2781 palliatos
2051 2740 2086 2775 ὅ(

1198 2782 1360 2825 pallidos,
1386 2783 1420 2817 ὅ(
1442 2784 1544 2817 recisis
1566 2784 1743 2819 fluentium
1768 2798 1935 2822 comarum
1948 2788 2032 2831 jubis
2042 2787 2084 2821 ad

1197 2844 1306 2866 cutem
1329 2833 1442 2866 tonsos
1454 2857 1461 2865 .
1485 2833 1561 2867 Hos
1583 2832 1663 2869 dicit
1675 2834 1715 2869 ab
1730 2836 1818 2871 Afris
1830 2848 1866 2871 ac
1880 2838 2050 2880 praesertim
2063 2840 2083 2874 ὲ

1199 2882 1521 2927 Carthaginiensibus
1548 2885 1754 2926 fuifferisos„
1777 2887 1950 2930 explosos,
1977 2889 2082 2922 male-

1197 2933 1299 2966 dictos
1323 2945 1360 2966 ac
1383 2933 1483 2967 instar
1505 2933 1645 2968 inauditi
1661 2935 1795 2969 monstri
1808 2938 2046 2975 exterminatos
2069 2964 2081 2979 ‚

1199 2984 1243 3017 ita
1264 2981 1416 3017 subdens.
1445 2987 1491 3016 Et
1512 2989 1658 3017 miramur
1679 3009 1690 3024 ‚
1718 2983 1749 3026 fi
1764 2997 1840 3019 nunc
1866 2987 2009 3020 barbaros
2038 2989 2083 3020 illi

1193 3032 1347 3075 perferunt
1357 3059 1367 3073 ,
1395 3044 1458 3066 cum
1471 3035 1607 3066 videmus
1621 3036 1702 3076 quod
1705 3033 1806 3077 sanc‘li
1823 3043 1885 3069 viri
1897 3043 1928 3070 in
1941 3039 2000 3070 illis
2014 3037 2085 3070 bar-

1197 3084 1282 3116 baros
1299 3084 1508 3124 pertulerunt.
1528 3083 1642 3128 Justus
1652 3096 1721 3128 ergo
1732 3085 1770 3123 est
1793 3089 1965 3126 Dominus,
1990 3088 2081 3121 &re-

1196 3133 1274 3165 c‘Jum
1290 3134 1440 3175 judicium
1455 3132 1562 3175 suum.
1592 3134 1759 3168 Itairrisos
1772 3136 1874 3178 dicit,
1901 3148 1968 3169 non
1992 3137 2082 3171 solos

1198 3182 1381 3227 AEgyptios
1405 3192 1460 3216 aut
1474 3182 1819 3227 Hierosolymitan0s‚
1848 3186 1898 3219 sed
1911 3186 2012 3220 etiam
2023 3188 2081 3231 qui

1196 3245 1235 3266 ex
1262 3233 1374 3266 sanetis
1389 3232 1497 3266 Eremi
1517 3233 1643 3267 secretis
1670 3234 1774 3268 divini
1796 3236 1902 3278 operis
1913 3230 2024 3271 officio
2039 3237 2079 3270 ad

1197 3282 1307 3315 urbem
1321 3280 1619 3331 Carthaginensem¹
1632 3284 1828 3327 accedebant
1844 3297 1852 3316 ε
1882 3286 1947 3319 Eos
1970 3286 2080 3321 irrisos

1197 3342 1352 3372 tamquam
1384 3336 1493 3365 novum
1524 3334 1748 3375 inauditumque
1764 3331 1924 3377 'monstrum
1948 3361 1955 3368 .
1996 3337 2078 3372 Hoc

1194 3384 1257 3420 cst,
1285 3379 1457 3415 irridebant
1481 3381 1573 3425 impii
1594 3383 1645 3415 isti
1672 3383 1872 3418 Eremicolas
1896 3385 2079 3420 monachos

1195 3441 1360 3472 tamquam
1389 3431 1518 3465 noviter
1544 3431 1577 3464 in
1603 3432 1751 3467 Africam
1773 3433 1814 3468 ab
1825 3435 2014 3480 Augustino
2029 3437 2074 3468 in·

1195 3481 1380 3522 trodurstos,
1406 3481 1643 3516 calumniantes
1657 3478 1761 3517 forsan
1784 3495 1822 3519 ac
1845 3486 2078 3521 maledicentes

1633 3532 1662 3565 Ε
1713 3545 1736 3570 2
1933 3534 2039 3578 ipsum
