2384 3770
644 153 979 198 sineris

267 248 331 273 nus
339 244 420 281 ergo
433 232 488 269 ille
498 234 636 271 istorum
655 236 840 270 sermonum
853 231 979 267 Auctor
991 231 1139 267 imitatus

262 287 313 322 est
325 286 437 321 nescio
449 296 532 330 quos
543 285 643 321 nostri
656 285 760 319 saeculi
773 283 942 323 homines,
969 285 1027 326 qui
1038 284 1140 317 confi·

267 338 319 371 sta
338 336 494 371 miracula
504 361 516 377 ‚
543 336 672 379 aliaque
695 334 727 368 id
745 343 849 378 genus
858 332 937 367 falsa
949 333 990 367 ad
1002 333 1140 376 alicujus

267 386 430 432 Religion
452 386 590 422 Ordinis
610 379 791 424 laudem'ac
812 383 1141 418 commendationem

269 437 307 471 in
326 439 443 483 vulgus
453 439 596 483 spargere
608 460 619 476 ,
643 434 708 468 esse
720 443 836 478 putant
850 433 978 468 fraudes
988 433 1093 468 licitas
1105 444 1153 478 ac¹

269 487 357 530 pias.
387 488 442 522 Est
457 493 624 531 peccatum
636 485 759 529 grande
773 497 781 517 ε
810 484 898 519 lnter
907 484 1021 520 omnia
1037 485 1140 528 perni-

101 542 183 587 Cap.
203 553 256 580 12·
270 537 359 572 ciosa
379 534 548 574 mendacia
575 536 740 579 primum,
769 535 909 578 ideoque
935 533 1023 569 haud
1045 533 1145 568 dubie

105 603 158 641 13.
181 603 232 639 14.
271 588 367 632 culpa
390 586 555 621 mortalis.
582 585 686 633 Qod
699 584 795 630 porro
805 584 1000 619 Austoriste
1012 585 1143 628 culpam

105 654 157 690 17·
171 655 224 681 21·
271 649 342 673 eam
360 636 544 678 admiserit,
567 636 632 680 iam
655 636 765 676 statim
777 636 847 670 sum
859 634 990 671 abunde
1002 635 1144 675 demon-

269 688 439 725 straturus.

322 736 508 775 Audiamus
530 736 658 780 primo,
684 736 764 780 quid
788 736 830 771 de
852 736 921 770 istis
944 733 1148 771 sermonibus

269 787 412 822 sentiant
432 786 584 832 Magistri
605 786 705 820 nostri
731 787 953 821 Lovanienses
975 812 983 819 .
1010 789 1067 818 Hos
1085 783 1147 828 ser-

271 848 370 872 mones
389 837 629 871 Bartbolomaeus
652 837 778 870 Urbinas
797 843 828 868 in
835 836 888 879 suo
901 837 1076 878 milleloquio
1089 846 1146 868 non

272 886 419 932 agnoftit.
447 891 493 920 Et
503 886 584 930 satis
607 886 780 930 constatsub
800 890 876 924 Divi
890 886 1041 930 Augustini
1053 890 1146 917 nomi-

272 948 340 972 nea
356 938 482 980 quodam
499 935 693 980 semilatino,
718 942 859 970 exercitii
883 936 1001 979 caussa,
1028 933 1149 978 conscri-

269 996 338 1031 ptos
359 988 411 1032 esse
430 1012 438 1020 .
467 988 636 1030 Aliquando
657 985 834 1029 intermiscet
857 985 954 1019 verba
976 985 1129 1029 Augustini
1141 1007 1151 1023 ,

272 1036 422 1082 Caesarii,
448 1041 608 1083 Gregorii.
636 1041 792 1070 Martinus
810 1034 924 1078 Lipfius
948 1046 985 1068 ex
991 1034 1150 1078 phrafibus

105 1071 259 1124 A·14¹4'
271 1089 307 1124 2&
327 1088 505 1128 dicflionibus
530 1085 709 1132 quibusdam
730 1085 901 1130 suspicatur
912 1084 1151 1127 auc‘loremfuisse

273 1140 503 1175 exclamatorem
515 1138 601 1171 Gallo
613 1156 622 1163 -
638 1139 809 1171 Flandrum
822 1162 829 1169 .
857 1135 1072 1177 Subduntque
1096 1146 1151 1169 eos

276 1189 360 1224 olim
373 1187 499 1233 Rhegii
524 1188 783 1225 &Conservatore
795 1186 993 1231 Apostolico
1005 1187 1096 1220 fuisse
1106 1196 1149 1219 re-

275 1238 432 1283 probatos
450 1235 559 1285 'atque
592 1238 765 1272 damnatos
794 1264 801 1271 .
838 1238 949 1283 Quam
983 1237 1150 1270 censuram

274 1291 392 1322 acriter
408 1288 582 1332 impugnat
603 1296 743 1331 magnus
770 1287 990 1332 Theologus,
1016 1286 1151 1320 Basilius

273 1337 415 1372 Pontius
435 1333 649 1381 Legionensis
663 1361 670 1368 .
698 1336 740 1369 Et
765 1337 875 1379 primo
891 1337 1025 1378 quidem
1038 1336 1149 1370 laudat

274 1387 520 1427 Lovanienses‚
545 1387 634 1430 quod
652 1386 736 1421 duos
758 1386 799 1420 de
824 1387 995 1421 communi
1017 1386 1150 1420 clerico·

277 1449 350 1475 rum
374 1439 440 1471 vita
456 1438 622 1473 sermones
643 1447 811 1482 tamquam
835 1448 946 1471 verum
970 1435 1149 1481 Augustini

106 1480 180 1526 ’Ῑι-7·
199 1491 261 1516 c·1·
276 1487 385 1526 ‚fiotum
407 1487 596 1521 admiserint
608 1510 619 1526 ,
641 1487 684 1520 fic
701 1488 832 1520 dicens.
862 1491 925 1520 Eos
938 1484 1149 1529 autemsermo·

107 1541 196 1570 Dum·
209 1542 241 1577 5·
276 1549 331 1571 nes
353 1537 516 1576 indubium
537 1547 674 1570 revocare
693 1539 747 1571 vel
757 1535 817 1579 ipse
832 1536 980 1582 Erasmus
991 1536 1082 1580 ausus
1094 1546 1149 1569 non

275 1587 334 1628 est.
362 1586 497 1632 Agnoscit
519 1597 554 1627 ut
579 1586 725 1630 Augustini
740 1589 935 1628 Gratianus,
962 1593 1014 1630 qui
1026 1596 1150 1629 quatuor

275 1638 391 1672 exiliis
414 1649 540 1671 canones
561 1645 674 1680 accepit
688 1661 695 1669 .
724 1642 853 1681 Agnovit
873 1645 964 1671 etiam
987 1638 1148 1670 Concilium

272 1687 510 1732 'Aquisgranense
523 1713 535 1728 ‚
560 1698 631 1721 ante
655 1686 707 1720 bos
729 1688 907 1733 offingentos
915 1699 1010 1721 annos
1022 1687 1149 1720 celebra-

274 1750 357 1774 tum.
387 1744 515 1782 Agnovit
536 1744 630 1772 etiam
650 1738 833 1771 venerabilis
858 1740 967 1771 Beda.
997 1737 1064 1771 Eos
1091 1738 1147 1771 ser·

271 1799 393 1822 mones
415 1788 596 1833 Augustini
616 1788 680 1822 effe
693 1798 791 1822 nemo
805 1789 898 1823 sanus
908 1788 1074 1826 dubitavit
1090 1799 1156 1827 uns

273 1849 397 1881 quam,
424 1838 556 1872 interim
584 1838 642 1872 issa
664 1839 849 1872 Doctiffimi
877 1838 950 1873 Viri
973 1836 1067 1877 verba
1081 1849 1146 1882 ego

274 1889 452 1922 conciliare
472 1899 541 1923 non
564 1889 693 1932 possum
715 1899 793 1922 cum
818 1888 869 1922 his
888 1888 1031 1932 ejusdem
1055 1888 1149 1927 aliis.

274 1942 334 1977 ,Hos
351 1937 500 1985 sermones
522 1938 674 1981 Augustini
694 1949 751 1970 non
769 1938 820 1980 esse
847 1937 995 1982 insigniter
1005 1942 1148 1974 mentitur

278 1986 425 2029 Erasmus
437 2011 445 2018 .
471 1990 538 2029 Ego
546 1996 647 2020 tamen
655 1988 785 2026 audaci,
811 1988 1009 2019 inverecundo
1022 2010 1033 2025 ,
1060 1986 1146 2027 &ef—

270 2036 409 2078 fraenato
421 2034 551 2078 Erasmo
562 2058 572 2075 ,
597 2041 650 2078 qui
663 2035 765 2068 cundia
776 2035 811 2068 de
818 2032 868 2078 suo
873 2037 1096 2078 grammaticali
1108 2046 1149 2068 ce-

276 2085 361 2118 rebro
367 2085 543 2118 metiebatur
566 2108 578 2124 ,
609 2093 720 2126 oppono
732 2086 881 2116 concilium
893 2083 1128 2126 Aquisgranense
1139 2108 1149 2123 ,

270 2134 342 2176 fere*
363 2143 438 2167 ante
456 2133 636 2177 odingentos
656 2143 750 2164 annos
772 2138 805 2164 in
817 2135 874 2165 Dei
885 2133 1012 2174 Ecclesia
1023 2133 1149 2165 celebra-

276 2194 342 2217 tum
360 2208 368 2216 .
396 2180 670 2226 Haeequomodo
692 2182 873 2216 concinant
888 2205 899 2222 ‚
923 2192 988 2226 ego
1009 2193 1079 2216 non
1104 2183 1150 2215 vi-

274 2234 358 2268 deo.
388 2233 595 2273 Audiamu5‚
621 2230 701 2275 quid
723 2232 764 2265 de
789 2233 993 2267 sermonibus
1016 2233 1056 2266 ad
1069 2233 1151 2266 Ere·-

107 2282 261 2324 (Ἄραψ.
275 2285 374 2318 mitas
397 2283 483 2321 dicat
506 2282 676 2320 adversum
696 2282 935 2319 Lovanienses.
965 2283 1071 2316 Verum
1088 2280 1148 2324 ser-

112 2332 144 2370 6.
156 2343 186 2378 7.
277 2344 381 2366 mones
402 2333 446 2364 ad
454 2335 609 2370 Eremitas
631 2339 810 2368 revocantur
819 2336 851 2363 in
861 2332 984 2364 dubium
997 2334 1016 2363 ἃ
1030 2333 1149 2364 nonnul-

278 2384 316 2417 lis
329 2381 492 2414 Catholicis
505 2405 516 2421 ‚
529 2391 587 2419 non
597 2381 654 2412 'alio
664 2390 753 2422 quam
764 2381 836 2414 duce
849 2384 880 2419 E
882 2379 994 2424 rasmo.
1021 2383 1152 2414 Videant

279 2443 364 2475 quem
374 2433 419 2464 illi
427 2430 593 2473 fiquantur
607 2428 833 2473 antesignanum
844 2454 851 2462 .
881 2432 977 2465 Pudet
991 2443 1037 2464 me
1046 2456 1056 2471 ,
1079 2433 1151 2465 dum

277 2481 446 2515 Catholicos
466 2487 511 2513 ita
531 2478 656 2522 Erasmi
675 2490 772 2513 amore
793 2479 913 2520 affeeJos
936 2483 1024 2514 video
1049 2505 1057 2512 .
1085 2486 1151 2514 Nos

277 2538 358 2566 enlm
382 2532 463 2564 illius
492 2537 618 2574 argutas
642 2534 772 2571 ineptias
781 2532 993 2572 admirantes,
1018 2532 1148 2564 reddidi·

277 2593 344 2615 mus
369 2580 508 2621 illustrem
535 2604 546 2620 ,
577 2580 701 2624 dignum
736 2586 789 2621 qui
807 2580 914 2614 lateret
938 2584 972 2616 (π
991 2587 1148 2615 cimmeriis

278 2633 436 2666 oblivionis
462 2630 592 2669 tenebris
619 2641 682 2663 cum
708 2637 786 2663 omni
793 2629 851 2672 sua
860 2633 943 2673 prole
952 2630 1147 2674 sepeliretur.

108 1958 189 2002 Cap·
207 1968 261 2006 13·

108 2020 140 2043 n.
157 2020 186 2046 1.

1063 152 1604 196 Auous11N1.

1971 156 2039 210 67

1205 230 1332 270 Antistes
1344 232 1388 264 ad
1398 230 1710 273 zachariamvapam
1713 231 1847 275 scribens
1859 256 1871 274 ,
1896 235 2074 270 nominarim

1203 281 1354 325 Augustini
1369 282 1419 325 esse
1438 283 1544 322 dicat,
1570 280 1751 323 habeturque
1769 295 1805 317 ea
1827 282 1962 327 Epistola
1973 287 2006 316 in
2019 280 2074 315 bac

1200 337 1311 366 recenti
1330 333 1527 367 Conciliorum
1545 332 1673 365 editione
1678 339 1734 373 per
1745 334 1914 367 Severinum
1926 334 2052 367 Binium
2061 356 2071 365 .

1204 383 1369 426 Affumptus
1390 391 1489 416 autem
1501 381 1570 423 fuit
1579 380 1752 419 Zacharias
1762 383 1807 414 ad
1814 385 1915 418 sedem
1925 396 2005 418 anno
2015 384 2072 415 Do·

1202 437 1276 467 mini
1291 442 1370 478 741.
1393 434 1529 466 ducentis
1538 436 1626 464 annis
1638 430 1739 473 elapsis
1749 431 1789 468 ab
1800 435 1947 476 Augustini
1958 445 2051 469 morte
2062 460 2072 469 .

1205 484 1296 526 ‚Quod
1309 482 1338 523 fi
1356 488 1443 516 unius
1466 484 1563 516 Bedae
1585 481 1745 521 testimonio
1759 482 1861 522 plures
1868 482 2013 524 sermones
2022 486 2074 529 effe

1206 532 1358 579 Augustini
1369 532 1533 574 fatentur,
1560 543 1612 565 cur
1632 530 1733 575 sanc‘li
1759 530 1911 573 Bonifatii
1932 535 2075 579 Episcopi

1205 585 1239 617 (n
1258 586 1400 622 Martyris
1422 583 1581 623 testimonio
1605 606 1615 622 ,
1641 586 1749 627 quique
1769 583 1892 619 Bedam
1907 587 2049 625 praeceffit
2065 610 2077 626 ,

1207 645 1264 668 non
1283 631 1471 677 agnoscemus
1489 644 1555 665 eum
1577 634 1629 675 effe
1641 632 1679 665 ab
1692 631 1848 676 Augustino
1857 631 2075 676 conscriptum?

1208 688 1253 716 Et
1273 683 1375 717 horum
1392 682 1617 726 sermonumad
1628 685 1784 718 Eremitas
1795 707 1806 723 ,
1832 694 1904 730 quos
1917 689 2077 729 incognitos

1208 734 1350 768 Urbinati
1371 732 1488 776 censent
1499 758 1511 774 ,
1536 738 1672 767 meminit
1682 731 1887 776 illeftrmonis
1898 734 2080 779 quadrageſs-

1208 789 1249 816 mi
1271 790 1340 817 noni
1365 785 1403 817 de
1414 790 1506 825 vita,
1530 781 1721 826 &sermonis
1733 779 2080 828 'quinquagcfimiquarti

1208 835 1245 873 de
1265 834 1432 868 obedientia
1444 859 1455 875 ‚
1483 832 1663 877 &sermonis
1679 832 1852 877 sexagesimi
1863 832 1902 868 de
1909 834 2080 878 persecutio-

1211 895 1246 917 ne
1265 884 1438 924 christiana
1450 910 1460 926 ,
1481 886 1516 918 ὀ*
1537 883 1680 927 sermonis
1685 883 1859 928 sexagefimi
1862 883 1985 928 secundi
1994 887 2032 920 de
2043 891 2083 919 ti-

1210 945 1287 969 more
1301 959 1308 965 .
1336 936 1430 980 ‚Quod
1443 934 1474 976 si
1480 937 1546 967 ideo
1558 933 1762 978 Lovam'enses
1783 946 1840 968 non
1851 934 1968 979 agnosci
1977 936 2015 969 ab
2028 941 2083 970 Ur-

1211 984 1347 1017 banitatc
1353 983 1487 1027 scribunt
1498 1010 1507 1025 ,
1520 990 1592 1026 quia
1603 996 1660 1018 non
1672 987 1807 1019 meminit
1817 986 1930 1019 illorum
1941 992 2082 1027 omnium,

1211 1033 1311 1076 necesse
1322 1033 1528 1076 estfateantur
1536 1036 1641 1074 multos
1653 1040 1744 1069 etiam
1753 1036 1942 1074 indubitatos
1954 1037 2085 1081 Augusti-

1213 1090 1244 1116 ni
1252 1082 1402 1127 sermones
1413 1085 1451 1116 ab
1474 1095 1505 1117 eo
1527 1095 1585 1121 non
1596 1084 1713 1130 agnosci
1730 1109 1741 1125 ,
1760 1084 1905 1129 siquidem
1917 1099 1974 1120 non
1985 1098 2085 1120 eorum

1211 1139 1340 1167 omnium
1369 1132 1532 1177 sermonem
1550 1133 1629 1176 fecit
1648 1159 1659 1175 ,
1680 1136 1762 1177 quod
1777 1135 2012 1183 absurdiffimum
2032 1136 2086 1177 est.

1213 1188 1279 1224 Nec
1287 1187 1359 1217 vero
1371 1183 1444 1224 obest
1456 1185 1538 1227 quod
1546 1189 1578 1221 in
1588 1183 1763 1230 quibusdam
1772 1184 1955 1228 sermonibus
1964 1198 2063 1220 eorum
2076 1210 2088 1226 ‚

1213 1235 1322 1268 duobus
1340 1234 1449 1278 scilicet
1471 1244 1527 1268 aut
1548 1232 1793 1278 tribus,'aliqua
1814 1242 2001 1278 reperiantur
2020 1248 2088 1279 quae

1213 1283 1344 1328 absurda
1348 1286 1530 1326 judicantur
1541 1297 1553 1317 :
1580 1286 1614 1319 e&
1626 1285 1694 1318 licet
1706 1287 1808 1322 demus
1821 1292 1866 1319 ita
1878 1298 1940 1319 rem
1946 1285 1980 1329 se
1993 1286 2090 1320 babe-

1212 1346 1244 1369 re
1264 1360 1275 1375 ,
1302 1345 1359 1367 non
1380 1337 1451 1368 inde
1475 1337 1596 1377 efficitur
1619 1348 1721 1369 omnes
1745 1338 1819 1370 alios
1835 1335 1956 1379 spurios
1979 1339 2032 1380 esse
2055 1344 2090 1370 0·

1212 1386 1414 1418 adulterinos.
1441 1387 1524 1431 ,Quis
1545 1396 1648 1427 aequus
1665 1387 1779 1431 Judex
1800 1399 1859 1420 non
1879 1385 2006 1430 censebit
2034 1392 2091 1419 ini·

1210 1446 1303 1477 ¹quum
1321 1436 1372 1478 effe
1392 1434 1538 1481 ejusmodi
1553 1436 1744 1478 Jua'icium?
1771 1438 1879 1475 Addit
1889 1449 1930 1471 ex
1949 1438 2015 1471 istis
2028 1439 2087 1471 ser·

1213 1485 1365 1519 monibus
1384 1483 1569 1530 desumptas
1590 1489 1652 1521 effe
1676 1488 1831 1530 quasdam
1856 1489 2031 1522 sententias
2059 1487 2089 1520 S.

1212 1535 1358 1579 Prosperi
1394 1549 1402 1569 :
1441 1547 1558 1580 nempe
1595 1538 1788 1571 sententiam
1825 1538 2091 1582 septuagesimam

1212 1585 1347 1632 primam
1381 1597 1423 1620 ex
1455 1588 1604 1621 sermone
1635 1587 1802 1631 trigefimo
1838 1599 1876 1621 ac
1903 1588 2097 1633 septuagesi-

1212 1647 1268 1669 mo
1291 1636 1420 1679 primo,
1447 1647 1484 1669 ac
1506 1638 1702 1671 sententiam
1715 1638 1973 1672 trecentesimam
1988 1640 2094 1671 oc'lua-

1210 1686 1363 1730 gefimam
1403 1688 1551 1721 estavam
1588 1699 1629 1721 ex
1661 1687 1809 1722 sermone
1846 1689 2094 1733 quadragesimo

1210 1738 1328 1770 octavo
1351 1761 1359 1769 .
1397 1738 1449 1771 Ac
1483 1738 1616 1772 taudem
1648 1736 1793 1773 adductis
1815 1739 1962 1782 plurimis
1989 1750 2095 1772 recen-

1211 1785 1347 1820 tioribus
1385 1787 1554 1831 Magistris
1572 1813 1581 1829 ‚
1620 1788 1676 1832 qui
1715 1790 1793 1823 istos
1821 1791 1986 1822 sermones
2013 1800 2092 1822 tam-

1209 1847 1307 1880 quam
1336 1836 1738 1883 Augustiniagnoscunt,
1761 1839 2005 1872 ficconcludit.
2034 1841 2094 1872 De-

1211 1892 1298 1928 nique
1324 1886 1443 1930 insignis
1470 1888 1556 1927 nostri
1568 1891 1744 1922 Eremirani
1756 1889 1883 1929 instituti
1895 1888 2093 1931 adversarius·

1204 1939 1236 1979 J
1239 1947 1350 1968 oannes
1362 1936 1531 1968 Maburnus
1545 1960 1556 1975 ‚
1582 1941 1752 1970 canonicus
1765 1939 1922 1982 Regularis
1934 1963 1944 1979 ‚
1966 1939 2092 1981 fatetur

1206 1984 1356 2027 sermones
1383 1984 1436 2017 bos
1462 1988 1514 2028 effe
1528 1988 1634 2022 carolo
1661 1997 1770 2030 magno
1781 1995 1979 2031 antiquiores.
2007 1991 2092 2031 Ejus

1211 2035 1308 2067 verba
1331 2033 1394 2067 haec
1417 2033 1490 2077 sunt
1504 2059 1511 2066 .
1542 2037 1647 2075 Paffim
1674 2043 1706 2071 in
1725 2038 1832 2079 fronte
1851 2038 1919 2072 libri
1926 2039 2094 2082 sermonum

1211 2083 1324 2122 morum
1349 2088 1519 2115 invenimus
1536 2108 1546 2126 ‚
1573 2086 1653 2126 quod
1678 2087 1723 2125 isti
1745 2087 1894 2129 sermones
1915 2095 1951 2121 in
1965 2089 2094 2123 abbatia

1206 2130 1307 2174 sanc'i'i
1338 2130 1459 2173 Dionyfii
1479 2133 1609 2174 fuerunt
1632 2142 1771 2177 comperti
1796 2142 1829 2171 in
1850 2141 1977 2180 quodam
1989 2140 2093 2172 libros}

1214 2181 1383 2220 Presbytero
1414 2186 1443 2226 J
1447 2194 1540 2216 oanne
1564 2185 1730 2226 capellano
1766 2187 1900 2229 Ecclefiae
1920 2187 2094 2230 sanc‘lorum

1213 2230 1346 2272 Gervasii
1367 2234 1401 2269 ζῆ·
1416 2233 1537 2274 l’rotafii
1549 2244 1678 2276 tempore
1689 2240 1779 2279 Regis
1794 2241 1900 2278 Pipini
1912 2237 2072 2282 conscripto
2088 2264 2094 2271 .

1266 2283 1318 2315 De
1345 2281 1405 2315 hac
1427 2284 1535 2327 iraque
1547 2295 1580 2316 re
1593 2286 1671 2319 volo
1687 2287 1789 2321 libere
1800 2287 1908 2322 dicere
1918 2289 2008 2333 quod
2021 2291 2095 2323 sen·

1213 2331 1278 2364 tio.
1309 2331 1473 2375 Adeoque
1498 2333 1576 2370 dico
1601 2334 1823 2370 Lovanienses
1836 2348 1903 2371 non
1918 2338 2097 2373 restedice-

1215 2392 1271 2420 re,
1296 2381 1374 2414 dum
1403 2381 1520 2416 dicunt
1547 2383 1711 2419 sermones
1738 2386 1818 2420 istos
1845 2399 1912 2420 non
1929 2390 2093 2432 agnosci&

1214 2432 1311 2464 fratre
1340 2433 1452 2465 nostro
1466 2431 1711 2470 Bartholomaeo
1725 2436 1888 2480 Episcopo
1903 2437 2069 2472 Urbinate
2081 2464 2094 2479 ‚

1216 2492 1250 2514 ut
1277 2481 1365 2515 clare
1375 2482 1519 2517 ostendit
1533 2483 1694 2532 Magister
1705 2486 1841 2521 Basilius
1853 2488 2071 2533 Legionensis
2084 2514 2093 2522 .

1214 2531 1364 2575 Vereque
1400 2532 1488 2566 idem
1523 2532 1605 2568 dicit
1641 2535 1821 2571 Censuram
1850 2538 2092 2573 Lovaniensem

1213 2592 1280 2614 non
1307 2583 1371 2616 esie
1396 2582 1520 2627 ubique
1532 2595 1655 2628 aequarn
1668 2586 1828 2633 &justam
1843 2615 1851 2622 .
1884 2588 1938 2623 Ut
1952 2600 2094 2633 namque

1213 2641 1336 2665 taceam
1362 2631 1402 2666 de
1427 2634 1575 2668 sermone
1597 2635 1658 2668 isto
1684 2660 1695 2676 ‚
1733 2644 1830 2681 quem
1858 2639 1938 2672 citat
1965 2640 2094 2679 sanctus

280 2687 320 2716 At
335 2680 500 2725 sermonem
522 2681 628 2719 illum,
657 2690 741 2721 quem
752 2681 924 2723 Waldenfis
937 2687 1038 2721 citat,
1063 2693 1138 2725 agno
1197 2670 1455 2716 'Germanorum
1485 2684 1665 2727 Apostolus
1691 2687 1906 2728 Bonifatius,
1934 2690 2096 2732 patetidi-

276 2731 336 2775 ficit
358 2740 391 2764 ut
400 2729 550 2774 Augustini
562 2728 801 2763 Bartholomaeus
814 2731 944 2765 Urbinas
957 2730 1048 2775 insuo
1059 2733 1148 2765 mille-

279 2784 376 2824 loquio
397 2805 408 2821 ‚
432 2790 465 2814 ut
485 2791 524 2818 ex
542 2780 641 2812 indice
665 2778 792 2819 constat,
820 2782 909 2813 verbo
937 2780 1148 2821 Monachus,

280 2838 314 2865 in
325 2831 389 2873 fine
402 2855 413 2870 ‚
438 2835 485 2863 cui
508 2837 607 2872 utpote
627 2829 777 2868 doc¹liffimo
799 2836 886 2870 viro,
913 2831 946 2864 Θ
959 2837 991 2863 in
1011 2832 1148 2872 operibus

282 2881 432 2925 Augustini
447 2879 567 2920 strenue
585 2877 705 2922 versato
715 2904 725 2919 ‚
753 2881 787 2913 (ν
798 2887 933 2921 quiante
945 2879 996 2913 hos
1008 2891 1147 2914 trecentos

280 2944 378 2965 annos
396 2929 509 2974 scripfit
526 2953 537 2971 ‚
562 2931 741 2968 credendum
764 2936 883 2973 magis,
909 2941 999 2972 quam
1021 2930 1150 2974 Erasmo

280 2987 428 3019 Haeretico
446 2990 537 3022 atque
561 2980 698 3016 mendaci
722 3004 729 3011 .
764 2982 878 3013 Parum
901 2991 965 3023 ergo
978 2980 1149 3021 confiderate'

282 3025 490 3073 Lovanienses‘
512 3035 545 3065 in
563 3028 686 3072 censura
704 3030 750 3062 ad
760 3028 906 3072 sermones
929 3032 973 3062 ad
993 3033 1148 3065 Eremitas

279 3081 443 3125 posuerunt
467 3080 532 3117 illos
551 3090 609 3114 non
626 3078 741 3124 agnosci
762 3080 800 3113 ab
823 3080 987 3113 Urbinate.
1013 3085 1106 3123 Atque
1117 3092 1150 3116 ut

283 3133 394 3166 videat
416 3131 521 3164 Lec‘lor
542 3154 554 3171 ,
587 3142 680 3174 quam
696 3136 793 3172 parvi
813 3136 952 3164 momenti
965 3128 1003 3170 fit
1028 3130 1149 3174 censura

281 3184 387 3215 decimi
404 3187 474 3213 tomi
494 3189 611 3222 operum
631 3180 802 3223 Augustini,
824 3180 903 3224 sciat
922 3182 1006 3213 illam
1024 3181 1149 3228 positam

279 3235 302 3266 ἃ
313 3236 460 3265 Canonico
471 3231 613 3275 Regulari
622 3231 769 3264 Maburno
780 3256 790 3271 ,
818 3238 867 3270 cui
888 3231 1089 3276 Lovanienses
1100 3235 1148 3266 de-

277 3289 383 3315 cimum
395 3279 686 3323 tomum‘censendum
696 3280 895 3323 commiserunt
905 3303 914 3319 ,
937 3285 987 3323 qui
998 3278 1150 3325 quidquid

280 3337 469 3366 Eremitanae
486 3330 647 3375 Religionis
656 3338 873 3374 antiquitatem
886 3330 1039 3373 confirmat
1050 3357 1061 3374 ,
1085 3344 1147 3366 era-

272 3381 344 3426 sum
362 3383 470 3416 vellet.
499 3383 664 3418 sermonem
674 3388 768 3420 etiam
780 3393 860 3429 241.
872 3383 910 3416 de
920 3389 1048 3423 tempore
1061 3407 1072 3423 ,
1097 3389 1148 3425 qui

278 3432 317 3471 est
335 3434 372 3466 de
393 3436 524 3476 auguriis
535 3455 547 3473 ,
572 3437 688 3473 reiicit,
713 3432 808 3475 estque
830 3439 864 3466 in
884 3434 1045 3476 appendice
1051 3432 1148 3477 firmo

277 3480 338 3521 68.
362 3486 438 3516 Cam
456 3491 559 3518 tamen
580 3480 707 3527 sanllus
731 3481 1148 3524 Bonifatius'Germanorum

1213 2732 1303 2774 psum
1332 2744 1374 2766 ex
1401 2735 1552 2768 sermone
1578 2736 1775 2780 sexagesimo
1799 2739 1906 2781 primo
1917 2739 1958 2772 de
1970 2748 2093 2782 tempo·

1214 2793 1267 2815 re:
1299 2782 1355 2814 Est
1381 2784 1495 2823 enim,
1522 2796 1589 2818 non
1616 2785 1820 2830 Augustini,
1847 2799 2013 2831 utputaut
2027 2789 2093 2823 Lo-

1214 2833 1399 2874 vanienses,
1427 2834 1480 2868 sed
1508 2835 1618 2870 nescio
1645 2837 1737 2879 cujus
1761 2839 1877 2872 famosi
1899 2838 2090 2884 pelagiani.

1196 2881 1325 2946 ¹Primo
1337 2907 1346 2923 ,
1373 2884 1448 2927 quia
1475 2884 1553 2919 citat
1580 2885 1648 2919 haec
1663 2886 1788 2932 Pelagii
1805 2888 1897 2921 verba
1911 2900 1951 2921 ex
1966 2889 2092 2932 Episto-

1196 2947 1198 2951 .
1212 2931 1241 2964 la
1268 2932 1306 2966 ad
1318 2934 1560 2969 Demetriadem
1573 2960 1579 2967 .
1609 2937 1675 2969 Nec
1687 2938 1852 2979 impossibile
1862 2940 1985 2981 aliquid
1988 2945 2091 2982 potuit

1213 2985 1292 3015 Deus
1320 2989 1480 3026 imperare,
1510 2992 1560 3028 qui
1578 2986 1676 3026 julius
1688 2987 1746 3029 est;
1775 2999 1826 3021 nec
1837 2990 2039 3023 damnaturus
2050 2989 2089 3029 est

1211 3033 1359 3066 hominem
1381 3043 1436 3076 pro
1462 3048 1516 3076 eo,
1542 3034 1621 3079 quod
1644 3048 1703 3069 non
1725 3044 1825 3079 potuit
1847 3044 1948 3074 vitare
1958 3041 2011 3082 qui
2015 3045 2090 3082 pius

1195 3066 1262 3121 'est.
1294 3084 1427 3118 Deinde
1454 3096 1543 3120 totus
1571 3087 1616 3119 est
1638 3086 1671 3119 in
1691 3098 1754 3128 eo,
1782 3099 1818 3124 ut
1844 3086 1966 3135 probet*
1985 3088 2090 3127 chari·

1211 3144 1310 3166 ratem
1324 3158 1335 3174 ‚
1361 3145 1458 3177 quam
1486 3136 1606 3176 affidue
1620 3136 1825 3181 Augustinus
1836 3140 1955 3174 clamat
1965 3141 2028 3173 esse
2047 3150 2089 3174 ex

1212 3184 1308 3223 Deo,
1335 3186 1398 3218 effe
1426 3186 1511 3219 intra
1525 3188 1605 3219 vires
1618 3184 1769 3226 humanae
1783 3189 1975 3224 voluntatis.
2005 3190 2090 3225 Ter-

1210 3234 1283 3272 tio,
1310 3235 1405 3276 ponit
1430 3232 1516 3269 hanc
1542 3234 1749 3274 definitivam
1763 3239 1956 3278 sententiam
1969 3239 2090 3275 abAu-

1210 3283 1333 3327 gustini
1359 3285 1453 3318 senfis
1480 3284 1581 3330 longe
1603 3287 1744 3323 alienam
1761 3313 1769 3321 .
1794 3288 1979 3331 Inpotestate
1990 3291 2089 3331 nostra

1205 3332 1329 3374 pofitum
1353 3334 1414 3375 est,
1441 3337 1567 3377 qualiter
1589 3342 1622 3373 in
1633 3339 1682 3370 die
1684 3339 1805 3379 sublicis·
1809 3341 2001 3380 Judicemur.
2029 3341 2090 3375 Pa-

1210 3392 1256 3416 tet
1283 3383 1423 3428 idipsum
1451 3396 1493 3419 ex
1523 3388 1860 3424 sermonecentefirno
1872 3391 2088 3436 nonagesimo

1210 3432 1333 3476 primo:
1362 3434 1419 3469 Est
1447 3435 1536 3470 enim
1562 3437 1662 3470 etiam
1684 3447 1775 3473 totus
1787 3439 2000 3486 pelagianus.
2028 3440 2086 3475 Est

1208 3493 1294 3518 mera
1321 3486 1473 3529 profeffio
1515 3486 1588 3521 fidei
1615 3487 1722 3532 quoad
1750 3490 1864 3527 omnia
1891 3492 1922 3527 ei
1950 3489 2085 3536 ssmilis‚

1940 3550 2040 3585 quam
