2384 3770
394 164 491 219 ‘306
912 159 1234 204 secr

1304 166 1423 201 10
1567 156 1601 203 I,

330 243 577 288 gani-zationem
590 242 656 275 esse
666 241 829 279 actionem
845 240 917 276 vere
931 241 1061 278 vitalem
1080 265 1087 272 .
1113 239 1211 277 Certa
1262 236 1423 276 lefficiunt
1446 238 1502 277 ovi
1523 237 1828 282 organizationem,
1867 233 1923 274 fed
1944 236 2155 277 solummodo

331 303 411 336 ergo
432 288 480 327 est
500 292 683 334 argumenti
706 292 803 327 nostri
837 290 940 333 major
960 304 968 331 ¹:
1009 301 1113 334 neque
1146 291 1212 324 scio

335 341 425 389 quod
439 342 528 374 illam
545 341 706 388 quispiam
717 341 892 386 physicus,
917 352 974 376 aut
987 342 1141 375 Medicus
1160 352 1211 374 ne-

334 392 457 436 gaverit
479 390 630 430 Carrerio
650 403 804 434 excepto.
830 391 1018 432 Difficultas
1040 391 1148 435 itaque
1165 390 1210 429 est

333 444 416 481 circa
429 442 591 478 minorem
606 456 617 485 ,-
644 441 732 483 illam
745 442 834 476 enim
848 451 969 488 negant
990 451 1127 485 omnes,
1153 440 1208 484 qui

332 503 400 527 nvo
412 492 554 525 animam
569 492 744 526 adscribere
757 492 878 525 nolunt
890 513 898 522 .

383 548 413 589 5.
441 542 496 575 Illa
505 553 570 585 ergo
577 543 720 584 probatur
735 556 745 575 .-
775 540 863 587 Qia
877 551 1002 582 ovum,
1028 540 1107 575 dum
1124 541 1208 576 calo·

333 603 367 628 re
379 593 435 625 ti'oi
447 593 693 635 proportionato
706 603 742 623 ac
755 590 837 624 bene
852 599 1032 634 temperato
1047 591 1175 625 fovetur
1200 612 1211 630 ‚

333 653 448 684 utpote
461 653 516 685 per
528 640 772 676 incubationem
784 641 930 685 gallinae,
960 651 1017 684 per
1028 651 1143 684 aquam
1166 650 1208 674 te-

330 693 442 737 pidam
456 716 466 740 ³
494 703 548 739 per
560 689 705 734 tepidum
720 692 876 731 furnum,
903 701 958 734 per
968 702 1128 726 mammas
1141 701 1207 724 mu·
1232 694 1239 700 ”

330 741 446 780 liebres
458 765 468 780 ,
494 752 549 788 per
561 741 676 775 axillas
687 739 844 776 humanas
858 765 868 781 ,
891 749 927 778 ut
939 741 1071 776 tradunt
1086 740 1208 781 Aristo-

328 793 408 834 teles
427 793 446 834 l.
460 790 491 827 6.
512 792 551 825 de
569 791 697 833 Historia
719 793 896 825 animalium
905 803 928 828 c.
955 804 987 828 2.
1016 793 1058 826 Et
1083 790 1210 833 Plinius

327 850 404 877 tomo
421 853 447 877 1·
462 843 482 875 l.
499 852 551 877 10·
561 852 583 873 c.
597 852 650 887 52.
663 851 716 888 53.
728 851 783 887 54⁴
800 843 833 875 er
845 843 1160 888 55-conformantur
1173 842 1206 875 in

327 892 454 937 pullos.
479 891 636 924 Similiter
648 890 805 926 utidocet
825 891 1026 935 experientia
1040 917 1051 936 ,
1077 892 1209 936 ejusque

326 941 414 975 testis
427 940 507 980 mihi
521 940 566 980 est
579 940 780 980 Clarissimus
794 941 947 978 Thomas
972 937 1120 983 Fienus',
1146 953 1209 977 ova

326 991 466 1035 piscium
481 991 515 1025 δε
531 1002 681 1026 ranarum
694 1016 705 1031 ‚
734 1002 880 1035 tempore
890 1003 1009 1034 verno,
1030 1004 1105 1026 cum
1125 1004 1207 1035 aqua

325 1042 548 1083 imprudenter
560 1051 669 1086 potata
682 1041 860 1092 aliquando
873 1044 1122 1078 conformantur
1134 1068 1146 1085 ,
1173 1045 1207 1079 ὅ(

326 1092 559 1135 organizantur
577 1093 610 1126 in
635 1090 805 1127 stomacho
831 1092 1004 1138 humano..
1039 1093 1123 1128 Item
1146 1106 1206 1128 ova

327 1141 531 1183 bombycum
544 1142 578 1176 in
593 1142 658 1176 fine
671 1143 751 1177 veris
764 1143 1014 1180 conformantur
1029 1143 1063 1179 &
1078 1144 1208 1192 organi·

325 1202 442 1231 eantur
465 1192 594 1235 seipfis,
620 1193 688 1228 fine
709 1193 776 1227 ulla
797 1194 975 1229 extrinseca
997 1193 1208 1228 incubatione

325 1243 380 1275 vel
393 1243 548 1287 fotione;
575 1245 824 1278 conformantur
835 1245 970 1278 enimin
982 1243 1060 1278 cista
1073 1243 1124 1278 vel
1137 1245 1208 1278 scri-

325 1291 385 1326 nio
397 1293 514 1335 posita.
543 1293 747 1337 Hujusmodi
760 1294 1039 1335 conformationis
1062 1294 1095 1329 δι
1116 1305 1206 1339 orga-

325 1343 503 1376 nizationis
541 1353 671 1386 oportet
701 1345 857 1388 affignare
889 1345 1033 1389 aliquam
1066 1341 1206 1379 caussam

323 1403 466 1427 creatam
480 1393 713 1436 principalem;
741 1395 831 1438 atqui
854 1395 910 1428 illa
932 1395 1046 1439 nequit
1064 1396 1126 1429 esse
1144 1396 1207 1429 alia

324 1453 425 1486 quarn
437 1442 547 1477 anima
558 1444 631 1478 ovi:
658 1455 736 1489 ergo
747 1456 847 1479 ovum
874 1457 929 1488 per
948 1447 1035 1479 suana
1062 1446 1207 1480 animam

324 1492 397 1527 vere
410 1493 443 1533 in
456 1493 487 1527 se
500 1494 569 1537 agit
579 1494 614 1528 &
625 1505 777 1537 operatur
789 1494 882 1529 hasce
891 1496 1037 1530 actiones
1049 1496 1083 1530 &
1096 1506 1208 1540 opera-

323 1544 433 1577 tiones
447 1567 454 1575 .
484 1543 633 1577 Probatur
645 1546 759 1585 major:
789 1545 880 1591 Qia
891 1557 958 1578 non
973 1555 1064 1579 vacat
1078 1545 1208 1590 exiguis

322 1592 418 1628 rebus
443 1593 547 1626 adeffe
569 1593 685 1636 Jovem
700 1617 707 1625 .
739 1593 781 1626 Et
808 1604 843 1627 ut
866 1594 1026 1638 saepiffime
1037 1606 1206 1638 tamquam

323 1655 383 1686 pro
397 1643 507 1687 regula
519 1643 554 1675 δε
568 1644 709 1675 maxima
721 1645 850 1676 assumit
862 1644 890 1677 S.
906 1643 1206 1687 Augustinussuper

325 1692 428 1735 Genes.
443 1693 539 1724 adlit.
553 1691 672 1725 Densa
694 1690 748 1726 die
770 1693 933 1734 septimo,
960 1705 1028 1736 quo
1049 1694 1205 1737 requievit

323 1744 366 1777 ab
378 1754 474 1785 opere
486 1742 543 1776 suo
552 1766 561 1780 ,
573 1741 754 1776 ordinarias
768 1753 874 1776 rerum
885 1743 1116 1787 generationes
1138 1754 1203 1778 non

325 1793 498 1836 exequitur
510 1792 622 1834 perse,
651 1791 705 1826 sed
727 1803 781 1835 per
796 1793 906 1826 causas
922 1794 1083 1827 *secundas
1107 1794 1148 1827 ad
1174 1794 1205 1827 id

324 1844 427 1877 officii
441 1841 634 1886 agenduma
655 1843 686 1876 se
698 1852 838 1884 creatas3
867 1842 942 1876 ideo
965 1844 1055 1876 euim
1080 1843 1143 1876 illis
1158 1842 1205 1876 di-

324 1894 398 1932 xit,
423 1891 551 1935 Crescite
573 1893 606 1925 <ir
628 1892 867 1933 multiplicamini
887 1894 922 1926 &
944 1894 1053 1933 replete
1070 1902 1206 1925 terram.-

324 1955 382 1988 per
391 1954 463 1987 quae
474 1943 567 1976 verba
592 1941 686 1976 rebus
705 1942 818 1975 creatis
849 1941 1028 1985 potentiam
1046 1942 1206 1985 generati-

326 2005 401 2027 vam
413 1993 569 2028 collatam
581 1994 642 2026 esse
654 1993 787 2026 tradunt
801 1991 845 2025 ibi
865 1992 1091 2026 communiter
1112 2003 1208 2035 expo-

328 2045 456 2079 sitores.
493 2043 600 2078 Unde
612 2053 720 2076 meum
733 2043 864 2076 axioma
875 2042 921 2075 est
934 2066 946 2082 ,
973 2043 1007 2076 in
1022 2041 1207 2076 rebellioni-

329 2095 390 2128 bus
402 2094 689 2137 pravaevoluntatis
713 2092 752 2125 ad
777 2091 889 2125 Deum
916 2092 1047 2125 recurrit
1067 2091 1138 2132 pius
1149 2091 1210 2124 Ca—

329 2143 477 2179 thelicus
489 2154 498 2184 ;
526 2144 559 2175 in
572 2140 747 2174 ordinariis
759 2139 836 2172 vero
849 2138 989 2180 physicis
1012 2138 1210 2171 difficultati-

332 2193 395 2228 bus
417 2203 486 2227 non
514 2191 571 2224 nisi
599 2190 780 2233 desperatus
809 2188 859 2221 vel
885 2187 1041 2231 ignorans
1064 2186 1210 2221 Philoso-

331 2241 434 2288 phus».
465 2242 607 2283 Oportet
627 2249 705 2282 ergo
733 2238 829 2280 hujus
850 2237 1110 2281 organizationis
1144 2236 1211 2269 affi-

333 2303 434 2338 gnare
455 2292 598 2331 aliquam
619 2289 760 2322 caussam
794 2286 1010 2329 principalem
1033 2296 1173 2320 creatam
1202 2298 1212 2318 .-

333 2344 403 2377 haec
414 2341 533 2385 quippe
545 2338 751 2383 organizatio
764 2347 831 2369 non
844 2336 887 2370 est
900 2337 986 2370 aelio
1010 2335 1190 2379 hetroclyta
1204 2359 1214 2375 ,

334 2392 389 2428 sed
412 2401 511 2435 quarn
532 2387 676 2423 maxime
697 2387 861 2421 ordinaria
874 2411 886 2427 ,
912 2396 948 2420 ut
963 2386 1034 2420 dixi
1054 2386 1090 2420 in
1110 2386 1215 2430 capite

334 2442 433 2485 hujus
442 2440 630 2485 questionis
641 2462 650 2471 .
1082 2456 1086 2460 ·

389 2492 422 2528 6.
447 2488 551 2539 Qod
564 2487 637 2522 vero
648 2486 713 2522 haec
727 2488 821 2521 causa
841 2497 909 2520 non
931 2487 1026 2530 poffit
1035 2487 1098 2520 esse
1117 2485 1180 2520 alia
1206 2510 1216 2527 ,

339 2554 438 2586 quam
450 2542 559 2576 anima
572 2541 628 2573 ovi
642 2562 652 2577 ,
681 2538 774 2572 facile
789 2537 915 2581 probari
928 2536 1030 2581 petest
1043 2536 1215 2570 discurren-

339 2593 384 2626 do
397 2603 451 2635 per
464 2589 588 2634 singula
598 2614 606 2622 .
629 2589 711 2622 Non
719 2589 809 2622 enim
822 2586 926 2631 potest
935 2588 996 2622 esse
1007 2587 1117 2620 solaut
1128 2585 1215 2620 aliud

339 2643 482 2680 astrum,
509 2650 615 2684 neque
624 2638 712 2673 calor
723 2639 837 2672 fovens
849 2661 860 2677 ,
887 2648 993 2682 neque
1004 2648 1058 2671 aer
1077 2635 1215 2670 circunm

340 2693 450 2731 stans,
480 2687 586 2733 neque
608 2690 713 2723 forma
735 2689 790 2722 ovi
822 2687 943 2729 (talem
965 2688 1055 2721 enim
1075 2697 1141 2721 ovo
1162 2687 1216 2719 dat

342 2739 539 2785 Garrerius)
558 2739 756 2773 inanimata:
782 2737 871 2784 Qia
892 2748 929 2771 ut
953 2735 1031 2772 reste
1053 2736 1217 2770 illustrissi-

341 2803 416 2826 mus
428 2790 649 2825 Dubliniensis
672 2786 973 2831 Archi-Episcopus
986 2811 997 2827 ,
1023 2787 1211 2821 nostrarum·

343 2855 407 2887 que
423 2840 626 2876 Athenarum
638 2839 763 2882 insigne
774 2838 940 2881 quondam
952 2838 1105 2871 columen
1117 2859 1127 2876 ,
1148 2837 1215 2870 Hu-

344 2906 389 2937 go
402 2888 636 2932 Cavellusdisp.
655 2899 682 2924 1·
694 2888 732 2921 de
743 2892 852 2921 Anima
863 2886 950 2931 ,[ιέῖ.
968 2890 1020 2924 18.
1035 2887 1093 2921 ista
1104 2887 1216 2920 omnia

344 2941 607 2977 sentinanimata
620 2938 735 2973 &vitae
754 2939 918 2982 expertia3
943 2937 1147 2980 organizatio
1170 2947 1216 2968 ve-

343 2993 382 3030 ῐὸ
393 2991 530 3027 viventis
538 2990 582 3024 est
595 2989 681 3022 actio
694 2989 802 3022 vitalis
817 3002 827 3021 .·
854 2987 943 3031 atqui
952 2986 1037 3021 affio
1048 2986 1155 3020 vitalis
1166 2985 1218 3019 fie-

343 3045 368 3078 ri
385 3041 496 3085 nequit
508 3037 696 3083 aprincipio
716 3039 920 3080 inanimum,
948 3036 1000 3070 sed
1020 3037 1217 3080 principium

345 3093 411 3134 ejus
430 3090 610 3135 principale
622 3087 799 3124 necessat-id
811 3089 873 3122 effe
884 3086 979 3122 debet
991 3086 1090 3121 vitale
1103 3100 1114 3120 .·
1139 3097 1218 3131 ergo

347 3143 413 3176 haec
426 3144 539 3176 omnia
562 3151 629 3174 non
646 3141 776 3182 poffunt
795 3139 857 3172 esse
876 3135 974 3180 hujus
1001 3137 1106 3180 operis
1128 3136 1219 3180 prin·

349 3193 460 3233 cipalis
481 3191 605 3226 caussa.
632 3190 752 3233 Neque
771 3189 871 3223 etiam
896 3188 958 3222 esse
978 3187 1080 3232 potest
1101 3187 1220 3230 aliquis

350 3240 518 3285 Angelus:
548 3240 637 3293 Quia
649 3237 820 3283 Theologi
830 3250 897 3272 non
912 3238 1017 3271 solent
1029 3245 1153 3271 tantam
1165 3248 1220 3270 an-

349 3291 432 3335 gelis
443 3290 619 3324 adscribere
630 3289 808 3323 efficaciam
821 3313 828 3320 .
855 3288 974 3331 Neque
983 3288 1083 3322 etiam
1094 3288 1157 3321 esse
1166 3298 1222 3331 po-

351 3338 411 3374 test
426 3340 533 3373 anima
545 3338 891 3384 gallina-,incubantisz
920 3339 1009 3385 Quia
1029 3338 1152 3383 gallina
1174 3338 1223 3371 in-

351 3387 473 3423 cubans
487 3388 571 3422 nihil
582 3391 784 3424 confertovo
795 3388 935 3432 amplius
945 3413 955 3429 ,
975 3399 1072 3432 quam
1085 3387 1133 3421 illi
1144 3399 1223 3421 cone

352 3440 435 3477 ferat
456 3438 625 3476 fimerum,
652 3441 785 3478 furnus,
810 3437 996 3473 stomachus
1023 3437 1185 3471 humanus
1213 3461 1224 3478 ,

347 3488 554 3531 mammilla,
581 3486 678 3524 axilla
691 3511 702 3528 ,
727 3489 786 3526 &c-
806 3489 912 3535 Atqui
933 3487 1132 3537 haec-emnia
1153 3498 1224 3522 non

1274 287 1446 326 conferunt
1459 300 1526 324 ovo
1537 289 1759 329 acinationem
1771 313 1782 328 ‚
1810 301 1847 322 ac
1870 288 2038 321 vivificum
2061 290 2155 325 calo-

1274 347 1340 372 rem
1354 360 1365 377 ,
1389 349 1456 381 quo
1467 340 1578 373 anima
1590 350 1658 373 ovo
1670 338 1844 374 inexistens
1857 336 2156 384 excitatueadope-

1273 389 1414 427 randum
1424 413 1435 429 ‚
1465 389 1682 427 &materiam
1706 390 1793 423 suam
1806 385 2080 433 organizandam:
2108 402 2155 424 er.

1272 448 1318 483 go
1331 439 1478 471 similiter
1488 437 1613 484 gallina
1625 439 1782 473 incubans
1796 450 1863 473 non
1878 439 2008 472 confert
2019 448 2085 472 ovo
2104 451 2154 474 ot·

1271 489 1516 532 ganizationem
1541 511 1553 529 ,
1595 488 1648 522 sed
1671 491 1777 523 solum
1800 489 1918 524 animae
1938 486 2155 524 excitativum

1272 539 1413 574 calorem
1426 564 1433 570 .
1461 538 1609 582 Superest
1631 539 1738 584 itaque
1759 550 1795 574 ut
1815 540 1854 574 fit
1867 540 1978 574 anima
1989 549 2055 573 ovo
2078 539 2156 572 insi-

1272 589 1352 624 dens
1362 611 1373 628 ‚
1397 599 1565 633 ovumque
1575 588 1757 624 informans
1768 614 1776 621 .

1322 648 1352 683 7.
1381 637 1570 674 Ludovicus
1591 639 1637 673 du
1662 638 1789 673 Gardin
1809 663 1820 678 ‚
1858 639 1891 672 in
1916 638 2156 675 declamatione

1272 689 1416 735 ,quadam
1446 688 1669 732 quodlibetica
1683 699 1798 727 contra
1819 688 1989 728 Thomam
2012 691 2155 726 Fienum

1273 739 1379 778 Duaci
1396 738 1505 777 habita
1518 764 1531 781 ,
1557 740 1639 777 dicit
1651 739 1791 774 caussam
1807 737 1903 781 hujus
1923 739 2156 783 conformatio-

1273 791 1337 828 nis,
1370 790 1404 826 &
1418 790 1681 835 organizationis
1691 791 1753 825 effe
1767 789 1915 833 spiritum
1929 789 2062 824 vitalem
2073 813 2085 831 ‚
2111 791 2155 829 vi·-

1272 841 1405 874 vificum
1419 864 1430 881 ,
1459 841 1643 884 prolificum
1658 865 1670 881 ,
1696 839 2065 880 conformatore‘msscc.
2088 849 2156 874 ovo

1273 890 1463 928 insidentem
1477 916 1485 924 .
1512 891 1581 929 Hic
1595 915 1607 932 ,
1633 891 1766 934 inquam
1780 915 1791 931 ‚
1804 889 1930 934 spiritus
1943 913 1955 931 ,
1980 899 2017 924 ut
2027 890 2097 924 vult
2109 890 2155 924 du

1272 941 1396 976 Gardin
1406 965 1417 981 ,
1445 942 1548 976 efficit
1574 941 1860 986 organizationem
1885 940 1963 981 ovi,
1989 951 2058 978 non
2085 940 2155 984 qui-

1270 992 1344 1026 dem
1359 992 1475 1026 virtute
1489 993 1542 1025 sua
1554 991 1683 1035 proptia
1693 1015 1705 1031 ,
1720 991 1774 1025 sed
1787 991 1904 1025 virtute
1915 990 2019 1024 aliena
2033 990 2154 1031 avium,

1270 1053 1339 1085 quae
1354 1041 1448 1080 illum
1460 1053 1526 1075 ovo
1537 1041 1789 1086 impresserunt,
1816 1051 2016 1090 quarumque
2043 1039 2098 1074 hic
2107 1041 2153 1077 est

1269 1091 1472 1126 ordinarium
1489 1092 1739 1126 instrumentum
1753 1092 1917 1125 astivitate
1938 1092 2116 1134 separatum
2145 1115 2154 1127 -

1272 1144 1387 1180 Ovum
1400 1143 1490 1180 enim
1506 1142 1550 1180 est
1563 1142 1674 1178 avium
1689 1142 1815 1184 semen;
1846 1140 1991 1184 adeoque
2013 1138 2156 1183 philoso-

1272 1192 1362 1237 phari
1375 1203 1506 1236 oportet
1518 1192 1560 1227 de
1571 1192 1838 1226 conformatione
1849 1191 1903 1225 ovi
1916 1215 1928 1231 ‚
1955 1191 2033 1225 ficut
2047 1188 2155 1234 philo-

1273 1242 1447 1287 sophamur
1457 1243 1499 1277 de
1510 1242 1782 1277 conformatione
1794 1242 1925 1276 seminis
1938 1241 2051 1283 equini
2066 1264 2077 1281 ‚
2103 1240 2154 1273 vel

1273 1292 1406 1332 humani
1420 1306 1428 1328 z
1457 1294 1548 1337 atqui
1574 1294 1681 1327 semen
1705 1293 1863 1334 equinum
1888 1291 2112 1329 conformatur
2133 1290 2152 1324 a

1273 1345 1383 1387 spiritu
1407 1345 1577 1386 prolifico,
1619 1341 1788 1387 tamquam
1812 1343 1956 1385 separato
1980 1351 2152 1385 parentum

1272 1394 1508 1429 instrumento:
1535 1404 1615 1443 ergo
1628 1392 1683 1428 hic
1696 1395 1759 1436 ipse
1772 1392 1898 1436 spiritus
1911 1392 2010 1425 etiam
2022 1391 2155 1424 confor-

1271 1455 1338 1479 mat
1348 1456 1449 1479 ovum
1462 1470 1469 1477 .
1499 1442 1714 1487 Philosophia
1728 1442 1794 1477 haec
1808 1443 1842 1476 in
1857 1441 2023 1486 modernis
2034 1437 2156 1479 scholia

1274 1495 1318 1528 est
1334 1494 1597 1529 eommuniffima
1619 1518 1630 1534 ,
1665 1494 1683 1526 ὲ
1706 1504 1768 1536 qua
1792 1494 1891 1526 etiam
1912 1502 1980 1526 non
2000 1489 2154 1527 abhorret

1271 1544 1444 1580 Clariffim.
1461 1543 1501 1576 C.
1517 1543 1683 1586 Plempius
1697 1543 1754 1576 loco
1765 1540 1827 1585 fiap.
1840 1548 1889 1576 cit.
1963 1582 1965 1585 .

1321 1592 1352 1631 8.
1381 1593 1443 1628 Sed
1457 1593 1638 1626 Clariffime
1649 1593 1799 1626 Domine
1809 1613 1832 1632 ,>
1846 1590 1946 1626 doleo
1957 1600 1991 1625 te
2015 1588 2070 1624 hic
2083 1599 2153 1625 non

1271 1643 1439 1677 succedere
1448 1641 1594 1675 Thomae
1609 1643 1635 1675 F
1638 1642 1714 1676 ieno
1727 1643 1761 1675 in
1779 1640 1938 1675 veriffima
1949 1641 2019 1684 ejus
2030 1641 2155 1674 senten-

1271 1693 1316 1726 tia
1327 1716 1339 1732 ,
1364 1691 1443 1725 sicut
1464 1692 1495 1725 ei
1520 1690 1689 1725 successisti
1712 1691 1746 1724 in
1769 1691 1856 1734 regia
1869 1690 1939 1734 ejus
1963 1688 2117 1725 cathedra
2143 1713 2153 1724 .

1273 1742 1360 1776 Nam
1383 1739 1457 1775 stne
1468 1765 1478 1781 ,
1507 1741 1592 1775 salva
1617 1740 1835 1775 Claritudinis
1857 1748 1918 1778 tuae
1937 1739 2040 1784 gratia
2051 1763 2063 1781 ,
2088 1738 2152 1774 res·

1273 1792 1386 1834 ponsio
1397 1789 1465 1824 haec
1478 1803 1590 1834 parum
1612 1791 1653 1824 ad
1677 1802 1745 1824 rem
1769 1792 1873 1825 facere
1898 1789 2024 1824 videtur
2034 1812 2042 1822 .
2080 1789 2155 1833 Ego

1271 1842 1360 1888 enim
1372 1841 1426 1875 hic
1439 1852 1508 1875 non
1521 1849 1629 1883 quaero
1640 1851 1712 1884 qua:
1726 1841 1760 1874 sit
1773 1840 2035 1883 organizationis
2046 1840 2155 1875 caussa

1273 1891 1525 1925 instrumentalis
1536 1915 1546 1931 ,
1571 1891 1628 1925 'sed
1641 1899 1851 1925 controverto
1863 1890 1904 1923 de
1915 1889 2022 1923 caussa
2034 1887 2155 1932 princi·

1273 1940 1337 1984 pali
1347 1952 1362 1983 ,·
1387 1951 1485 1983 quam
1496 1951 1560 1984 ego
1573 1940 1650 1974 dico
1664 1948 1731 1974 non
1745 1941 1832 1982 poffe
1843 1940 1906 1973 esse
1921 1939 2018 1971 aliam
2028 1960 2040 1977 ,
2053 1947 2154 1981 quam

1274 2000 1339 2024 ovo
1353 1991 1547 2024 infidentem
1561 1990 1705 2024 animam
1720 2013 1728 2021 .
1752 1988 1812 2023 Tu
1826 1988 1908 2023 dicis
1917 1987 1979 2022 esse
1990 1988 2130 2021 formam
2142 2010 2156 2027 ‚

1273 2041 1418 2075 animam
1431 2064 1441 2080 ‚
1468 2040 1522 2076 seu
1533 2036 1723 2075 facultatem
1746 2038 1951 2084 generantis,
1981 2037 2073 2081 cujus
2094 2036 2157 2081 spi·

1274 2090 1416 2124 ritusille
1428 2090 1589 2124 semineus
1603 2090 1642 2124 sit
1652 2091 1829 2132 separatum
1851 2088 2016 2123 activitate
2038 2086 2157 2121 instru-

1273 2147 1423 2171 mentum
1436 2161 1444 2169 .
1469 2138 1531 2170 Sed
1542 2148 1610 2179 quo
1618 2139 1727 2170 minua
1739 2137 1815 2169 huic
1830 2134 2041 2179 philosophie
2050 2136 2152 2170 fidem

1274 2185 1431 2227 habeam,
1454 2185 1536 2227 facit
1545 2185 1608 2219 baec
1617 2190 1696 2220 ratio
1710 2198 1718 2218 :
1745 2185 1835 2234 Quia
1847 2186 1952 2219 caussa
1966 2185 2156 2228 principalis

1275 2235 1371 2270 debet
1379 2236 1444 2270 esse
1457 2246 1529 2268 vera
1540 2235 1645 2268 caussa
1661 2259 1673 2275 ,
1697 2234 1793 2268 debet
1807 2234 1880 2268 vere
1889 2237 2031 2271 cauflare
2041 2259 2052 2275 ,
2077 2243 2154 2268 vere

1276 2295 1338 2327 que
1349 2294 1445 2328 agere
1459 2296 1469 2317 .-
1484 2294 1550 2317 vox
1563 2284 1652 2317 enim
1663 2308 1674 2324 ,
1696 2285 1879 2325 principalis
1889 2308 1899 2324 ,
1914 2294 2034 2318 vocem
2051 2307 2061 2324 ,
2086 2281 2164 2327 caus

1273 2333 1309 2377 sa
1322 2359 1333 2374 ,
1359 2344 1466 2378 neque
1477 2333 1634 2368 diminuit
1647 2357 1657 2374 ‚
1685 2343 1790 2378 neque
1801 2334 1922 2367 alienat
1934 2346 1944 2375 ;
1976 2332 2032 2369 sed
2043 2332 2154 2371 solum

1278 2385 1379 2419 modo
1390 2384 1553 2429 restringit
1565 2408 1576 2424 ,
1603 2383 1750 2423 attollit,
1774 2395 1812 2431 ac
1835 2383 1987 2418 nobilitat
2002 2409 2010 2419 ,
2050 2381 2158 2427 Atqui

1278 2436 1387 2468 anima
1406 2436 1594 2479 generantis
1605 2458 1616 2475 ,
1645 2444 1674 2467 v.
1686 2445 1719 2478 g.
1730 2434 1764 2467 in
1779 2433 1889 2467 nostro
1901 2433 1964 2468 hoc
1985 2433 2059 2467 casu
2080 2433 2158 2467 ani«

1279 2496 1329 2518 ma
1339 2485 1470 2530 gallinae
1482 2508 1493 2523 ‚
1523 2495 1593 2528 quai
1608 2494 1710 2518 ovum
1724 2484 1899 2526 produxit,
1923 2482 2158 2517 conformatio·

1281 2545 1352 2569 nem
1365 2547 1433 2568 non
1457 2535 1527 2579 agit
1538 2558 1550 2575 ‚
1575 2544 1680 2577 neque
1702 2533 1823 2567 cauffat
1841 2544 1851 2573 ;
1878 2532 2050 2576 quomodo
2074 2542 2157 2576 ergo

1278 2585 1322 2620 est
1348 2586 1453 2619 caussa
1480 2583 1548 2626 ejus
1573 2582 1781 2625 principalis?
1809 2584 1900 2616 Patet
1917 2591 2026 2616 mmm:
2066 2580 2158 2627 Qa-

1278 2634 1578 2670 conformationem
1602 2642 1696 2677 agere
1716 2632 1751 2666 δε
1771 2631 1913 2665 caussato
1924 2632 1970 2665 est
1991 2629 2157 2666 actionem

1278 2685 1604 2720 conformativamex
1624 2683 1680 2716 sua
1697 2680 1836 2715 entitate
1856 2681 2020 2723 emittere,
2045 2679 2158 2715 illam·-

1279 2746 1342 2779 que
1352 2735 1371 2768 a
1382 2734 1436 2768 sua
1449 2732 1585 2767 entitate
1595 2730 1834 2775 dependentem
1856 2731 1891 2765 &
1912 2740 2089 2767 exeuntem
2101 2729 2160 2765 ha*

1282 2785 1354 2819 bere
1366 2797 1378 2817 :-
1403 2784 1494 2827 atqui
1508 2782 1593 2816 astio
1604 2781 1843 2816 conformativa
1862 2791 2066 2825 nequaquam
2075 2779 2158 2821 exit.

1281 2835 1446 2880 egreditur
1456 2842 1511 2867 aut
1520 2831 1680 2876 dependet
1690 2831 1731 2865 ab
1742 2831 1850 2864 anima
1863 2831 2065 2876 generantis:
2094 2841 2158 2865 neo

1282 2886 1370 2919 enirn
1383 2885 1472 2918 exire
1487 2892 1542 2917 aut
1554 2882 1734 2925 dependere
1750 2881 1853 2924 potest
1865 2882 1882 2915 ὲ
1896 2892 1929 2914 re
1940 2892 2007 2915 non
2017 2879 2158 2915 existen·

1281 2935 1328 2977 ti,
1350 2935 1401 2969 vel
1414 2931 1498 2968 certe
1509 2932 1610 2977 longe
1622 2931 1747 2966 absenti
1762 2956 1768 2966 .
1791 2931 1882 2975 Ergo
1893 2932 2004 2966 anima
2014 2927 2158 2976 gallinae,

1281 2996 1349 3028 qua:
1361 2996 1461 3019 ovum
1474 2983 1581 3028 posuit
1594 3006 1605 3022 ‚
1633 2992 1700 3016 non
1710 2980 1779 3026 agit
1792 2991 1897 3024 neque
1916 2982 2033 3016 cauffat
2050 2980 2157 3014 astio-

1282 3047 1357 3069 nem
1368 3036 1424 3069 ovi
1435 3033 1712 3070 conformativam
1720 3056 1729 3064 .
1751 3030 1822 3077 Qi
1831 3042 1912 3075 ergo
1921 3029 2050 3065 credam
2062 3029 2155 3065 illam

1282 3085 1377 3128 hujus
1385 3084 1494 3128 operis
1505 3083 1567 3118 esse
1578 3082 1786 3126 principalem
1795 3082 1936 3115 caussam
1947 3081 1960 3114 ἓ

1331 3145 1362 3182 9.
1392 3138 1481 3168 Dices
1495 3148 1507 3167 .·
1533 3132 1618 3178 Agit
1629 3132 1719 3166 illam
1733 3142 1799 3165 non
1811 3128 2001 3164 immediate
2011 3139 2066 3172 per
2084 3130 2117 3163 se
2140 3154 2153 3171 ,

1282 3185 1335 3220 sed
1348 3183 1507 3225 mediate,
1533 3182 1697 3218 mediante
1707 3180 1765 3216 illo
1783 3180 1928 3215 femineo
1947 3190 1984 3216 ac
2003 3178 2157 3223 prolifico

1283 3236 1396 3280 spiritu
1407 3259 1418 3275 ,
1443 3245 1541 3280 quem
1553 3233 1601 3267 sui
1612 3233 1646 3267 in
1659 3233 1725 3268 hoc
1734 3241 1832 3275 opere
1843 3231 1999 3265 vicarium
2011 3240 2078 3264 ovo
2095 3229 2155 3264 im-

1284 3285 1388 3329 preffit
1398 3297 1435 3319 ac
1459 3283 1736 3319 communicavit.
1764 3281 1824 3314 sed
1841 3291 1932 3323 neque
1951 3279 2015 3315 baec
2031 3277 2156 3322 philos«

1279 3335 1355 3378 pbia
1366 3347 1463 3369 meam
1474 3333 1649 3377 impetrabit
1662 3332 1773 3378 fidem:
1800 3331 1890 3365 Num
1905 3330 2010 3365 caussa
2034 3329 2156 3372 princi-

1285 3386 1364 3430 palis
1374 3384 1470 3419 debet
1483 3395 1579 3429 agere
1590 3382 1679 3418 vere-
1705 3381 1827 3416 etenim
1844 3379 2061 3424 principaliter
2080 3388 2156 3422 age·

1286 3446 1318 3470 re
1327 3435 1373 3470 est
1387 3435 1459 3469 vere
1478 3445 1591 3480 agere.
1618 3431 1723 3476 Atqui
1742 3429 1884 3465 mediate
1904 3439 1999 3475 agere
2017 3438 2086 3462 non
2105 3427 2155 3461 est

1286 3485 1358 3522 vere
1370 3496 1463 3536 agere
1477 3497 1486 3518 :
1511 3494 1587 3522 cum
1601 3493 1668 3520 non
1681 3482 1722 3517 sit
1731 3482 1894 3522 astionem
1912 3480 1933 3516 ὲ
1946 3480 2001 3515 sua
2018 3477 2156 3518 entitatq

1999 3524 2121 3576 depen-
