2384 3770
398 157 560 214 Quin
598 151 697 195 Sir
734 147 858 194 Vox
893 146 1126 202 AEqu.
1173 142 1517 208 an‘sxm
1550 143 1788 201 AEQu1v.

240 282 795 354 -.ntJ)s1uM
893 278 979 314 tv.

526 448 588 471 vox
610 431 771 476 equivoco?
791 431 869 473 quid
881 429 943 472 fint

550 483 740 527 ‘quiveram
752 481 765 514 ἒ

365 397 500 485 ,Quid'fie

434 633 510 677 Esp.
543 635 578 668 ό·
606 635 668 667 dtco
683 635 803 674 prima:
837 641 904 664 vox
924 631 1090 675 aequivoca

451 686 496 718 est
508 695 574 718 vox
583 683 768 728 fignificans
780 682 869 725 plura
881 682 915 715 in
929 682 987 715 suo
1008 681 1092 723 prin·

227 735 518 782 cipalisignificato
532 734 626 778 plane
648 731 952 767 disconvenientia.
977 732 1016 764 Id
1036 730 1093 770 est:

227 789 273 823 e'st
288 800 354 823 vox
363 785 547 830 fignificans
563 783 650 826 plura
663 807 674 823 ,
696 793 766 826 quae
778 792 846 815 non
861 780 983 815 habent
1005 780 1093 814 idem

227 838 286 873 fibi
299 847 474 872 commune
485 834 575 868 istius
585 834 675 868 vocis
686 831 863 875 principale
875 843 884 873 3
910 830 963 864 sed
973 829 1094 864 habent

227 888 352 923 diversa
373 897 410 919 ac
421 885 577 928 disparata
591 883 624 917 in
640 882 671 915 fe
683 881 773 915 istius
796 881 885 913 vocis
915 880 1095 923 significata

228 935 420 982 principalia
433 959 444 976 ,
462 946 490 968 v.
500 936 535 978 g.
546 943 612 966 vox
625 931 731 976 gallus
742 930 881 972 respectu
893 927 1039 964 hominis
1060 929 1093 962 in

229 986 338 1021 Gallia
350 985 440 1026 nati,
462 984 598 1026 respestu
612 980 692 1025 galli
720 979 914 1025 gallinacei,
936 981 970 1013 ὅ(
992 980 1094 1022 respe-

230 1039 283 1072 au
297 1034 446 1070 Cornelii
459 1032 551 1067 Galli
565 1057 572 1064 .
597 1031 679 1066 Item
692 1042 757 1064 vox
763 1040 926 1074 germanus
948 1030 1093 1071 respectu

227 1086 379 1120 animalis
400 1082 570 1118 domestici
591 1107 602 1123 ,
625 1082 720 1125 piscis
737 1079 876 1122 aequorei
894 1104 904 1120 ‚
929 1080 963 1113 δε
985 1078 1096 1112 sideris

227 1135 383 1176 aetherei,
398 1135 473 1168 sunt
488 1142 586 1167 voces
600 1131 792 1175 aequivocae.
827 1128 919 1176 Qia
930 1139 1046 1162 omnes
1056 1130 1096 1162 fi-

227 1186 392 1231 gnificant
405 1185 495 1228 plura
506 1207 517 1224 ,
538 1193 607 1224 quaa
619 1192 686 1215 non
697 1179 785 1215 idern
797 1179 855 1214 fibi
864 1190 1046 1213 commune
1061 1179 1096 1211 fi.

226 1235 423 1280 'gnificatum
435 1230 762 1276 principaiehabent2
784 1229 836 1263 sed
863 1228 986 1263 habent
1009 1229 1045 1262 in
1067 1229 1099 1262 se

226 1285 324 1329 plane
346 1282 468 1315 diversa
489 1280 701 1322 ac‘disparata
722 1279 904 1323 significata
927 1278 1097 1312 formalia.

227 1334 320 1369 Nam
341 1342 406 1365 vox
419 1355 430 1371 ,
442 1340 602 1374 germanus
615 1353 626 1369 ‚
639 1328 759 1363 cumin
772 1330 859 1362 resto
869 1329 1029 1373 fignificat
1043 1325 1100 1362 ho-

226 1384 354 1418 minem
368 1391 481 1415 natum
494 1381 527 1414 in
542 1380 701 1423 imperi03
722 1374 800 1412 tunc
811 1379 852 1413 de
861 1377 992 1412 formali
1017 1377 1099 1411 nati-

228 1432 368 1467 vitatem
389 1431 423 1464 in
447 1429 583 1474 imperio
605 1441 614 1471 ;
635 1440 712 1464 cum
735 1439 810 1463 vero
830 1429 865 1462 in
877 1429 961 1462 resto
985 1428 1100 1462 fratres

229 1482 408 1527 significan
431 1489 511 1514 tunc
521 1479 563 1513 de
573 1478 703 1513 formali
716 1478 909 1512 relationem
923 1477 1101 1520 proptiiffi-

228 1537 291 1568 ἱππ
302 1530 510 1565 fraternitatis
521 1530 676 1571 importat
688 1552 695 1560 .
719 1527 811 1561 Item·
828 1537 895 1560 vox
912 1527 1004 1560 canis
1025 1537 1101 1561 cum

229 1592 291 1626 pro
303 1579 440 1615 animali
459 1577 646 1613 domestico
668 1574 834 1621 supponit
848 1601 860 1618 ,
882 1587 961 1610 tunc
980 1577 1021 1610 de
1040 1577 1102 1611 for-

229 1632 312 1666 mali
332 1629 550 1664 brutalitatem
575 1628 780 1669 latrativam;
801 1637 878 1661 cum
900 1638 958 1670 pto
982 1626 1098 1667 sidere,

229 1692 305 1715 tum
324 1680 364 1714 de
374 1679 502 1713 formali
518 1688 665 1712 naturam
686 1678 901 1712 inanimatam
925 1676 1078 1710 sideream
1095 1690 1105 1710 .-

231 1742 309 1765 cum
320 1740 379 1773 pto
390 1727 524 1764 animali
536 1729 664 1762 marino
673 1752 684 1768 ,
707 1737 788 1762 tunc
798 1727 840 1761 de
848 1725 977 1761 formali
990 1726 1103 1760 bruta·-

229 1781 359 1815 litatem
372 1780 551 1814 natativam
562 1777 725 1823 fignificat
735 1801 744 1811 .
757 1779 885 1813 Omnes
894 1788 975 1822 ergo
987 1775 1036 1811 hae
1050 1788 1104 1811 vo-

230 1828 589 1875 cesfignificant'plures
600 1839 649 1862 res
671 1839 741 1863 non
771 1826 1024 1870 participantes,
1047 1836 1104 1874 aut

231 1880 512 1915 communicantes
527 1877 562 1911 in
572 1877 688 1912 eodem
706 1878 765 1911 suo
778 1877 964 1922 significato
979 1878 1104 1910 forma*-

230 1930 277 1972 ]i;
302 1929 355 1963 sed
368 1928 458 1970 plura
475 1930 509 1960 in
521 1929 581 1961 suo
594 1927 725 1961 formali
735 1928 919 1971 significato
933 1926 1030 1967 plane
1042 1927 1104 1959 dis·

233 1987 342 2022 parata
361 1978 396 2011 &
417 1976 720 2011 disconvenientia:
740 1975 888 2017 adeoque
912 1976 985 2006 sunt
1009 1986 1106 2007 voces

234 2027 421 2073 aequivocae.
443 2048 445 2051 ι
645 2054 648 2056 ,

282 2073 558 2121 23.1Conclafion11
576 2086 611 2108 ac
631 2076 815 2117 definitionis
835 2075 941 2107 taliter
967 2073 1104 2113 explica-

233 2135 276 2158 τι·
295 2128 373 2157 rati·
393 2122 431 2162 est
449 2122 514 2155 baec
537 2134 545 2152 :
578 2122 656 2165 quia
680 2132 747 2154 vox
772 2123 941 2164 aequivoca
962 2132 1018 2164 per
1035 2121 1105 2155 dia·

231 2182 371 2207 mettum
383 2171 562 2216 opponitur
571 2170 645 2205 voci
657 2172 824 2204 univocae:
852 2171 942 2214 atqui
956 2182 1021 2205 vox
1033 2171 1105 2205 uni-

232 2233 315 2257 voca
339 2223 386 2256 est
407 2233 475 2263 vox
498 2221 682 2265 significans
706 2220 796 2263 plura
807 2221 842 2254 in
861 2222 919 2254 suo
931 2221 1103 2264 principali

233 2272 415 2316 significato
427 2269 523 2313 plane
546 2270 798 2304 convenientia:
818 2280 899 2313 ergo
921 2280 986 2303 vox
1007 2271 1105 2312 aequi·

233 2333 319 2356 voca
331 2321 427 2355 debet
438 2320 500 2353 effe
510 2330 574 2352 vox
585 2318 768 2364 significans
779 2318 871 2360 plura
881 2318 914 2350 in
940 2320 1000 2351 suo
1021 2318 1103 2361 prin·

235 2371 334 2414 cipali
355 2369 539 2415 significato
561 2366 657 2412 plane
677 2367 960 2401 disconvenientia
985 2380 994 2410 ;
1013 2368 1103 2410 atqui

233 2422 326 2466 plura
339 2421 449 2464 aliqua
460 2420 494 2452 in
507 2417 678 2462 principali
689 2417 825 2463 alicuius
836 2418 923 2451 vocis
946 2417 1102 2462 fignifica-

233 2482 273 2505 ιο
291 2469 391 2514 plane
406 2469 634 2503 disconvenire
657 2493 669 2510 ‚
701 2467 747 2500 est
771 2467 859 2509 plura
876 2467 984 2511 aliqua
1013 2466 1101 2501 idem

233 2520 378 2564 ejusdem
388 2517 663 2561 vocisprincipale
674 2516 887 2561 significatum
907 2518 962 2550 fibi
986 2516 1101 2550 eodem

233 2569 338 2606 modo
354 2579 533 2604 commune
552 2592 563 2608 ,
588 2566 771 2608 eodemque
792 2566 892 2600 ruodo
914 2566 972 2600 fibi
998 2567 1102 2600 inexi-

233 2621 337 2658 stens,
361 2619 469 2653 acase
480 2618 709 2660 participatum
721 2628 788 2650 non
814 2616 946 2651 habere:
969 2625 1004 2650 ut
1027 2618 1101 2649 dice·

235 2670 305 2702 bam
318 2667 414 2711 supra
435 2667 521 2699 dubio
538 2678 569 2702 2·
593 2666 684 2710 Ergo
703 2677 769 2700 vox
800 2668 964 2710 aequivoca
1006 2667 1102 2700 debet

234 2719 303 2752 effe
324 2717 380 2751 illa
394 2741 405 2757 ,
425 2727 497 2760 quae
508 2715 665 2759 fignificat
677 2727 725 2749 res
745 2716 849 2758 plures
862 2717 897 2750 in
917 2716 1032 2750 eodem
1045 2718 1102 2750 suo

236 2765 562 2810 formalifignificato
579 2776 647 2799 non
660 2765 904 2808 participantes;
928 2766 979 2800 sed
1002 2767 1035 2799 in
1047 2768 1102 2800 suo

236 2817 370 2852 formali
393 2815 577 2860 significato
591 2812 685 2858 plane
697 2812 868 2857 disparatas
888 2827 925 2849 ac
946 2814 1101 2849 diversas:

238 2868 335 2901 debet
345 2891 356 2907 ,
373 2867 507 2910 inquam
520 2889 532 2905 ‚
552 2865 731 2909 significare
742 2864 846 2907 plures
866 2875 913 2897 res
926 2889 936 2905 ,
954 2876 1023 2908 quae
1034 2877 1100 2900 non

235 2916 360 2952 habent
382 2917 417 2950 in
435 2916 466 2949 se
487 2915 571 2949 idem
589 2925 765 2950 commune
788 2914 924 2948 formale
947 2914 1103 2958 fignifica-

237 2978 309 3001 tum
344 2979 354 3009 ;
396 2965 452 3000 sed
482 2965 641 3010 disparata
686 2975 724 2999 ac
764 2963 891 3000 diversa
923 2964 1101 3008 fignificata

237 3017 406 3051 formalia.

234 3084 238 3088 ¹
287 3076 341 3110 24.
364 3067 471 3103 Unde
490 3068 524 3102 in
545 3077 626 3102 voce
647 3065 809 3108 aequivoca
841 3066 963 3108 semper
993 3064 1102 3100 distin-

237 3117 404 3161 guendum
416 3118 461 3152 est
479 3116 651 3160 multiplex
674 3115 894 3160 significatum
912 3113 1100 3159 principale,

238 3166 434 3210 diversaeque
444 3167 552 3202 classes
572 3167 825 3212 significatorum
839 3164 1099 3200 secundariorum

238 3215 361 3249 diversa
382 3217 440 3251 ista
460 3218 608 3252 formalia
619 3216 795 3262 significata
818 3215 1096 3259 participantium,

238 3275 301 3298 ver.
334 3276 413 3309 grat.
438 3265 472 3299 in
498 3278 579 3301 voce
605 3267 709 3312 gallus
730 3265 910 3309 significata
948 3267 1098 3300 formalia

238 3315 312 3348 sunt
323 3314 489 3350 brutalitas
511 3316 686 3360 gallinacea
699 3341 709 3356 ‚
730 3316 762 3349 δε
790 3316 941 3349 nativitas
965 3314 1001 3349 in
1019 3316 1098 3351 Gal·

239 3363 298 3404 lia:
320 3365 430 3399 classes
450 3377 526 3400 vero
561 3366 811 3410 significatorum
834 3365 1095 3401 secundariorum

238 3413 311 3448 sunt
329 3416 488 3459 supposita
508 3415 727 3451 brutalitatem
748 3416 846 3450 talem
868 3415 902 3449 in
925 3415 956 3448 se
979 3413 1097 3451 haben-

239 3462 307 3504 tia,
328 3471 366 3497 ae
386 3465 612 3508 suppofitantia
634 3490 645 3506 ,
665 3467 699 3500 &
718 3464 870 3501 homines
889 3465 987 3501 talem
1016 3467 1094 3502 nati·

325 3512 513 3558 christLupt
523 3519 621 3558 Opera
632 3519 714 3550 Tom.
723 3518 754 3548 X
758 3518 794 3546 H.

229 646 284 675 22.
308 680 323 684 v>

1904 143 1993 190 181

1155 231 1289 265 vitatem
1315 226 1544 270 participantes
1566 249 1575 258 .
1602 227 1683 263 Item
1710 231 1744 264 in
1770 243 1852 267 voce
1877 239 1961 267 canis
1986 234 2035 268 fig

1155 279 1307 324 gnificata
1333 277 1483 311 formalia
1511 278 1586 310 sunt
1613 288 1728 313 natura
1755 282 1898 324 fiderea,
1925 284 2034 319 bruta*

1155 330 1227 363 litas
1253 327 1402 375 latrativa
1426 351 1437 367 ‚
1477 326 1511 359 &
1537 326 1704 360 brutalitas
1731 334 1892 375 natativa;
1916 329 2033 368 classes

1155 389 1248 412 vero:
1266 377 1532 411 secundariorum·
1567 376 1822 420 significatorum
1860 384 1933 416 sunt
1960 385 2034 428 sup.-

1157 427 1256 473 polita
1283 437 1412 461 naturas
1425 428 1499 461 istas
1526 426 1771 470 participantia,
1796 439 1832 461 ac
1858 431 1893 464 in
1919 434 1950 467 se
1961 434 2033 477 sup-⁴

1158 478 1350 522 postumia,
1377 475 1477 522 Qod
1504 487 1572 511 non
1596 476 1713 518 reperis
1740 476 1774 509 in
1803 478 1891 512 vocis
1917 485 2038 518 univo-

1157 530 1217 562 cis:
1244 528 1280 560 in
1306 525 1357 560 his
1368 530 1480 568 enim,
1509 537 1586 560 cum
1610 525 1792 560 fitunicum
1815 528 2037 571 significatum

1157 578 1294 612 formale
1319 576 1360 611 ab
1385 576 1542 611 omnibus*
1576 576 1760 611 univocatis
1786 578 1904 612 eodem
1932 580 2034 615 modo

1158 628 1386 671 participatum
1407 652 1417 668 ,
1457 626 1614 671 distingui
1642 639 1710 661 non
1738 629 1868 670 possunt
1903 627 2036 668 diversae

1157 678 1265 711 classes
1287 689 1296 720 ;
1326 677 1379 711 sed
1407 677 1502 710 unica
1529 676 1739 711 solummodo
1764 677 1867 712 claffis
1893 679 1937 712 est
1966 678 2057 713 uni-.

1159 739 1352 762 vocatorum
1381 726 1569 760 secundario
1594 726 1870 772 significatorum.

1207 788 1261 824 25.
1289 781 1334 810 Et
1357 776 1424 809 hinc
1444 785 1532 818 patet
1552 783 1647 810 ratio:
1675 789 1732 812 cur
1753 788 1869 819 voces,
1907 782 2012 813 Petrus
2027 803 2038 821 ‚

1152 830 1292 870 Joannes
1313 852 1324 867 ,
1352 827 1564 867 Chrzstianus,
1590 829 1825 868 Ferdinandus,
1847 829 1983 878 aliaeque
1993 830 2030 863 fi-

1160 878 1254 911 miles
1293 878 1468 922 singulares
1494 877 1557 910 {int
1582 877 1752 920 aequivocae
1777 880 1915 922 respectu
1942 880 2041 923 pluri·

1161 939 1216 961 um
1230 926 1429 967 hominum,
1456 927 1510 968 qui
1525 928 1619 961 simili
1640 929 1862 972 significantur
1883 932 2038 964 nomine.

1163 978 1241 1011 Hoc
1253 977 1341 1010 enim
1356 977 1528 1019 tyronibus
1551 977 1632 1013 solet
1655 980 1718 1013 ene
1737 979 1871 1013 difficile
1884 1003 1891 1011 .
1919 984 1958 1012 At
1973 989 2042 1022 pro-

1157 1027 1237 1069 fec‘l&
1262 1037 1322 1059 non
1342 1026 1417 1066 deest
1443 1027 1600 1060 dubitanda
1623 1034 1721 1062 ratio.-
1749 1029 1825 1073 quia
1837 1041 1902 1063 vox
1924 1032 2042 1064 univo-

1163 1076 1255 1111 caest
1269 1088 1334 1110 vox
1345 1076 1526 1120 fignificans
1540 1077 1630 1119 plura
1642 1078 1676 1111 in
1689 1079 1748 1113 suo
1764 1079 1933 1122 principali
1947 1081 2043 1125 figni-

1167 1128 1264 1160 ficato
1275 1126 1369 1171 plane
1382 1127 1612 1160 convenientia
1624 1151 1635 1167 ,
1661 1129 1694 1161 δε
1704 1127 1819 1173 fi-milia
1832 1141 1840 1161 t
1868 1131 1959 1172 atqui
1970 1141 2042 1164 vox

1165 1180 1271 1209 Petrus
1310 1177 1497 1220 significans
1532 1174 1666 1210 Petrum
1706 1178 1881 1213 Flandrum
1908 1180 1944 1212 &
1983 1180 2044 1214 Pe-

1165 1238 1251 1261 trum
1277 1226 1396 1260 Italum
1419 1249 1430 1266 ,
1466 1225 1624 1271 fignificat
1652 1227 1741 1270 plura
1767 1228 1799 1260 in
1827 1230 1885 1261 suo
1911 1228 2044 1264 formali

1167 1277 1350 1321 fignificato
1378 1275 1475 1320 plane
1499 1277 1755 1311 convenientia.-
1781 1276 1835 1311 dic
1847 1289 1925 1322 ergo
1948 1278 2045 1320 mihi,

1167 1326 1245 1369 quid
1275 1327 1309 1360 ni
1334 1325 1372 1360 fit
1398 1327 1565 1360 univoca?
1591 1327 1738 1360 Probatur
1749 1333 1865 1360 minor:
1893 1328 1969 1372 quia
1982 1331 2047 1364 fot-

1171 1376 1255 1410 male
1281 1375 1500 1421 significatum
1537 1377 1627 1411 vocis
1656 1380 1765 1411 Petrus
1792 1377 1838 1412 est
1865 1378 2021 1414 Petreitas
2037 1403 2048 1419 ,

1167 1427 1220 1460 seu
1246 1426 1391 1469 quaedam
1417 1436 1538 1460 naturai
1565 1426 1714 1461 humanae
1740 1428 1970 1472 singularitas:
1999 1440 2048 1465 at-

1167 1476 1223 1519 qui
1248 1475 1362 1511 Pettus
1387 1476 1527 1511 Flander
1549 1501 1560 1517 ‚
1588 1479 1622 1511 &
1649 1477 1760 1512 Petrus
1786 1477 1886 1512 Italus
1914 1480 1949 1514 in
1989 1478 2049 1513 Pe·-

1167 1526 1298 1560 treitare
1318 1550 1330 1567 ,
1365 1528 1419 1560 seu
1462 1538 1581 1560 naturae
1608 1529 1668 1560 suae
1694 1528 1915 1572 singularitate
1952 1529 2047 1572 plane

1169 1576 1370 1610 conveniunt
1398 1588 1406 1607 :
1433 1586 1512 1619 ergo
1537 1577 1743 1610 conveniunt
1770 1577 1865 1619 plane
1892 1578 1927 1610 in
1953 1579 2049 1623 figni-

1170 1627 1267 1659 ficato
1294 1625 1425 1659 formali
1454 1626 1543 1659 vocis
1571 1628 1679 1659 Petrus
1694 1651 1702 1658 .
1720 1629 1819 1660 ,Patet
1831 1633 1950 1661 minor:
1972 1629 2048 1672 quia

1171 1676 1205 1709 in
1231 1675 1346 1717 aliqua
1373 1676 1476 1709 forma
1503 1675 1600 1718 plane
1626 1677 1802 1711 convenire
1815 1678 1861 1711 est
1889 1679 1922 1711 in
1951 1679 1983 1712 se
1994 1677 2049 1713 ha-

1173 1725 1246 1759 bere
1272 1724 1393 1758 formas
1420 1725 1515 1768 plane
1541 1725 1679 1760 similes:
1706 1727 1799 1770 atqui
1825 1726 1940 1761 Petrus
1955 1729 2051 1762 Flan-

1171 1775 1228 1809 der
1256 1775 1290 1809 ὃ(
1317 1773 1431 1808 Petrus
1459 1775 1559 1809 Italus
1595 1775 1717 1811 habent
1744 1777 1936 1812 Petreitates
1958 1801 1969 1818 ‚
1995 1779 2050 1813 seu

1172 1825 1410 1868 singularitates
1436 1825 1533 1868 plane
1558 1825 1696 1860 ssmiles:
1721 1832 1765 1859 un·
1787 1827 1924 1869 pluribus
1950 1829 2050 1861 dicam

1173 1880 1204 1908 in
1228 1877 1334 1919 Logica
1366 1899 1373 1906 .
1395 1874 1484 1918 Ergo
1510 1875 1544 1908 in
1572 1875 1748 1909 Petreitate
1774 1876 1870 1917 plane
1895 1879 2053 1912 conveni-

1174 1935 1257 1958 unt.
1285 1928 1330 1956 Et
1364 1923 1556 1964 confirmatur
1581 1935 1588 1954 :
1620 1923 1696 1967 quia
1723 1922 1799 1958 ideo
1825 1927 1955 1970 praecise
1982 1939 2050 1962 vox

1177 1973 1258 2005 bomo
1284 1985 1348 2006 vox
1374 1974 1543 2015 aequivoca
1568 1972 1639 2013 est,
1666 1973 1742 2017 quia
1769 1974 1929 2019 fignificat
1957 1977 2049 2020 plura

1174 2022 1287 2056 similia
1314 2023 1347 2055 iu
1373 2020 1595 2057 humanitate:
1622 2023 1710 2068 atqui
1741 2035 1804 2058 vox
1824 2028 1929 2059 Petrus
1956 2027 2050 2071 figni-

1174 2072 1249 2105 ficat
1275 2071 1365 2113 plura
1391 2071 1508 2104 fimilia
1535 2074 1571 2104 in
1598 2073 1791 2108 Petreitate:
1818 2076 1896 2120 quid
1923 2076 2049 2121 ergdil-

1173 2120 1196 2151 li
1224 2120 1334 2158 deest,
1360 2131 1427 2162 quo
1455 2121 1563 2153 minus
1592 2121 1642 2163 fit*
1659 2123 1824 2157 univoca?

1225 2167 1280 2205 26.
1308 2167 1513 2202 Nihilominus
1537 2176 1637 2203 tamen
1647 2171 1727 2204 dico:
1756 2183 1851 2208 voces
1876 2186 1991 2212 omnes
2014 2179 2049 2212 is-

1173 2227 1221 2251 tas
1236 2220 1494 2258 nonunivocas,
1522 2220 1575 2253 sed
1597 2219 1667 2254 vere
1681 2222 1863 2266 aequivocas
1875 2227 1958 2260 elle.
1987 2231 2049 2260 Ra-

1173 2276 1213 2298 na
1236 2279 1274 2300 ex
1297 2268 1386 2299 dic‘lls
1410 2268 1448 2307 est
1469 2269 1570 2300 clara:
1591 2271 1668 2312 quia
1679 2273 1790 2305 omnis
1804 2285 1893 2315 vox,
1916 2288 1986 2321 quae
2006 2278 2048 2312 de

1172 2316 1302 2349 formali
1316 2328 1384 2351 non
1402 2317 1541 2359 aliquam
1557 2318 1696 2352 formam
1705 2331 1916 2359 communem
1939 2328 2049 2361 omni·

1172 2365 1231 2398 bus
1243 2366 1306 2398 suis
1316 2365 1502 2409 fignificatis
1516 2367 1629 2409 restis3
1656 2368 1708 2402 sed
1722 2368 1824 2411 plures
1847 2372 1967 2407 fortnas
1995 2376 2046 2410 di-

1172 2415 1273 2449 versas
1283 2427 1320 2449 ac
1331 2416 1502 2459 disparatas
1514 2441 1524 2456 ,
1552 2417 1694 2461 lingulas
1707 2419 1840 2463 singulis
1854 2422 2044 2466 significatis

1171 2465 1233 2498 suis
1243 2465 1407 2508 proprias,
1429 2477 1467 2500 ac
1489 2466 1665 2508 peculiares
1690 2469 1873 2513 fignificat,
1896 2483 1963 2507 non
1989 2486 2049 2517 po·

1170 2514 1228 2548 test
1242 2516 1304 2549 effe
1317 2516 1473 2557 univoca3
1488 2516 1540 2550 sed
1552 2516 1646 2551 debet
1657 2519 1719 2552 effe
1730 2520 1894 2563 aquivoca
1908 2536 1920 2556 .·
1944 2534 1977 2557 ut
1986 2533 2044 2566 ραν

1169 2572 1211 2596 tet
1231 2576 1269 2598 ex
1286 2567 1356 2606 jam
1379 2566 1468 2599 dic‘lis
1483 2591 1490 2597 .
1519 2567 1622 2609 Atqui
1645 2578 1709 2600 vox
1731 2572 1839 2603 Petrus
1862 2583 1930 2605 non
1952 2575 2046 2618 signi·

1169 2616 1244 2647 ficat
1254 2613 1294 2648 de
1309 2616 1438 2650 formali
1450 2616 1590 2658 aliquam
1603 2618 1743 2653 formam
1754 2621 1911 2655 omnibus
1938 2622 2045 2658 homi-

1170 2664 1287 2705 nibus,
1313 2665 1445 2709 quihoc
1466 2666 1603 2700 nomine
1625 2669 1736 2701 Petrus
1750 2681 1925 2712 vocantur,
1950 2685 2040 2708 com·

1169 2725 1318 2757 munem;
1349 2715 1402 2748 sed
1424 2716 1584 2759 significat
1607 2717 1712 2760 plures
1734 2720 1858 2753 formas
1881 2723 2042 2766 angulas,

1169 2764 1302 2808 singulis
1315 2765 1505 2798 hominibus
1527 2766 1569 2799 ita
1584 2768 1704 2801 vocatis
1727 2770 1871 2812 proprias
1893 2783 1901 2803 :
1924 2773 2044 2816 fignifi-

1167 2826 1220 2848 cat
1241 2815 1327 2848 enim
1339 2815 1379 2849 de
1391 2816 1520 2849 formali
1543 2827 1611 2850 non
1633 2827 1754 2852 natura:
1776 2818 1926 2854 humanae
1937 2822 2044 2867 fingu-

1168 2864 1327 2898 laritatem
1349 2865 1383 2898 in
1405 2866 1595 2909 communi·,
1624 2864 1677 2902 sed
1709 2867 1795 2903 hanc
1816 2870 2033 2914 individuam,

1168 2914 1218 2948 vel
1234 2915 1344 2958 potius
1364 2915 1469 2959 plures
1487 2915 1671 2951 individuas
1682 2928 1800 2954 naturae
1814 2919 1962 2955 humauae
1983 2922 2044 2956 fin-

1167 2965 1353 3008 gularitates
1373 2978 1385 2998 .-
1407 2965 1584 2999 individua:
1604 2967 1680 3000 vero
1702 2969 1937 3013 singularitates
1964 2973 2041 3007 sunt

1168 3016 1276 3047 formas
1296 3026 1362 3048 non
1387 3026 1578 3049 communes
1600 3016 1762 3060 pluribus;
1788 3021 1842 3054 sed
1864 3020 1960 3065 plane
1993 3022 2043 3056 in-

1167 3063 1480 3099 communicabiles.
1510 3067 1599 3110 Ergo
1621 3078 1684 3101 vox
1697 3070 1824 3110 Petrus,
1852 3071 1985 3115 aliaeque
2004 3073 2042 3106 fi-

1166 3115 1282 3155 miles,
1304 3124 1470 3159 nequeunt
1492 3117 1555 3149 esse
1577 3116 1746 3160 univocae;
1768 3120 1820 3154 sed
1839 3121 1958 3155 debent
1978 3123 2042 3157 effe

1166 3164 1418 3208 aequivocae:uti
1431 3166 1504 3198 sunt
1514 3177 1630 3199 omnes
1641 3167 1707 3200 aliae
1728 3180 1822 3203 voces
1849 3172 1890 3206 de
1910 3171 2039 3207 formali

1165 3214 1380 3259 significantes
1397 3213 1502 3256 plures
1524 3215 1642 3250 formas
1664 3216 1854 3261 disparatas.
1965 3245 1967 3249 -

1215 3275 1271 3310 27.
1299 3268 1406 3304 Neque
1421 3270 1497 3295 ratio
1509 3264 1671 3299 dubitandi
1683 3268 1800 3311 aliquid
1805 3270 1914 3311 prohat
1928 3285 1940 3305 .-
1952 3269 2039 3315 falsa

1164 3319 1242 3345 enim
1268 3312 1304 3352 est
1329 3315 1394 3353 ejus
1421 3319 1516 3346 minor
1540 3327 1547 3346 z
1585 3316 1808 3363 Qantumvis
1830 3320 1948 3364 quippe
1969 3322 2037 3355 duo

1165 3362 1252 3396 Petri
1267 3363 1479 3397 affimilentur
1488 3365 1522 3397 in
1534 3365 1722 3411 significatis
1733 3369 1925 3405 formalibus
1945 3372 2036 3405 vocis

1166 3415 1274 3446 Petrus
1299 3423 1308 3448 2
1334 3423 1401 3446 non
1426 3424 1534 3447 tamen
1559 3417 1772 3452 assimilantur
1791 3431 1902 3464 neque*
1917 3430 2037 3454 conve-

1165 3463 1260 3497 niunt
1273 3463 1307 3497 in
1319 3462 1386 3507 ejus
1410 3463 1589 3508 fignificato
1613 3467 1763 3511 formali,
1789 3481 1830 3506 eo
1843 3469 1946 3505 modo
1967 3481 2035 3511 quo

1587 3516 1631 3562 Q,
1673 3527 1692 3565 3
1891 3518 1996 3561 requi-
