2384 3770
129 449 211 497 cap·
231 460 287 500 24,

127 655 208 709 Cap·
229 668 285 695 21.

121 1470 206 1516 Cap.
219 1481 276 1521 43.

191 2082 196 2088 ”
218 2082 224 2089 ‘
252 2097 254 2101 v
276 2078 370 2116 'catis
394 2078 520 2118 liberum
548 2071 721 2114 nonfuiffe,
745 2070 805 2113 sed
813 2076 915 2104 carnIs
928 2072 1088 2111 neceffitarf
1099 2082 1176 2106 men-

125 2335 204 2385 15’3·
218 2346 280 2383 c·7·

272 2469 277 2476 '
299 2482 343 2515 Et
370 2479 456 2513 hanc
480 2476 572 2510 enim
594 2473 756 2508 insaniam
769 2472 930 2507 nobisini
946 2471 1096 2507 maedi-21
1120 2472 1176 2506 im-

130 2912 204 2959 βπ.
216 2923 285 2956 cap.

130 2971 282 3007 roo-101.

335 131 423 181 -68
789 130 875 185 DE
921 131 1197 177 Omen-ie

307 229 409 260 quarn
430 216 473 252 ad
507 212 623 258 Sedem
653 213 883 260 Apostolicam
908 217 992 252 misit
1015 217 1189 261 versipellis

306 266 463 313 Pelagius
476 290 488 306 ‚
513 276 677 311 quamque
693 268 817 302 sanctus
830 268 1036 312 Augustinus
1046 269 1140 303 refert
1154 269 1188 302 in

303 316 394 362 ¹libro
418 315 460 350 de
488 317 591 361 gratia
619 315 741 357 Christi
763 330 800 351 ac
814 318 854 352 de
866 328 998 361 peccato
1010 318 1164 363 originali
1181 344 1188 351 .

306 365 385 407 Est,
414 367 571 410 inquam,
597 367 749 411 profeffio
777 379 815 406 ea
843 369 933 412 ipsa,
961 378 997 402 ut
1023 368 1060 402 in
1088 379 1190 411 nuper

303 416 401 453 editis
427 416 608 463 Augustini
636 417 870 464 insignioribus
904 417 1068 461 opusculis
1092 418 1187 453 doste

300 467 510 508 ndverterunt
537 467 694 508 Moderni
723 469 968 510 Lovanienses.
994 467 1086 502 Audi
1098 469 1186 503 enim

302 517 341 559 in
367 515 519 564 symbolo
549 517 611 559 isto
638 519 745 560 varios
772 518 928 553 articulos
946 517 1118 563 insigniter
1130 519 1187 552 Pe-

302 563 466 614 lagianos.
499 567 630 606 Primus
649 569 694 603 est
718 569 791 602 hic.
820 567 982 611 Baptisma
1006 580 1097 605 unum
1108 578 1186 603 tene-

302 630 393 660 mus,
420 620 500 662 quod
523 617 629 662 iisdem
655 621 840 652 sacramenti
862 619 987 658 verbis,
1015 617 1187 659 ininfanri-

302 669 358 715 bus
370 693 382 710 ,
395 669 504 713 quibus
515 675 611 711 letiam
624 675 656 702 in
667 670 828 711 majoribus
841 671 966 703 dicimus
980 670 1033 712 effe
1041 668 1186 703 celebran-

301 720 396 763 dum.
423 721 504 754 Hoc
517 719 562 754 est
578 744 589 761 ,
616 719 691 754 licet
706 720 861 763 baptisma
875 719 1057 756 infantibus
1069 717 1109 752 ab
1121 719 1183 752 ori—

299 770 407 817 ginali
418 770 577 815 contagio
605 769 712 813 liberis
724 782 791 803 non
806 770 954 807 conferat
967 769 1185 807 remiffionem

298 830 509 865 peccatorum
525 846 535 865 ‚
562 830 659 865 quam
680 821 809 854 confert
834 820 976 858 adultis,
1002 819 1048 853 est
1072 829 1182 854 tamen

297 870 334 906 in
354 871 495 916 utrisque
521 869 578 911 sub
596 870 710 904 eadem
737 870 923 911 Ritualium
937 869 1108 904 verborum
1120 871 1183 904 for-

298 921 390 955 mula
416 919 667 961 celebrandum.
694 919 865 956 Secundus
888 920 934 954 est
947 918 1001 954 hic
1018 944 1030 963 ,
1058 924 1183 958 Animas

297 972 318 1010 ᾇ
339 975 401 1014 Deo
417 973 486 1010 dari
500 972 648 1010 credimus
659 994 670 1011 ‚
697 970 812 1015 utique
825 981 880 1013 per
889 981 1010 1005 novam
1021 970 1181 1013 quotidia-

297 1033 375 1062 nam
402 1023 602 1055 creationem
626 1046 633 1052 .
662 1021 743 1057 Hoc
770 1032 914 1062 namque
938 1031 1007 1055 erat
1036 1020 1181 1058 solemne

296 1071 555 1115 pelagianorum
575 1071 719 1115 dogma,
747 1070 850 1106 Visum
878 1070 943 1110 illis
967 1069 1067 1115 longe
1086 1071 1181 1113 aptis-

294 1121 413 1163 simum
441 1120 481 1159 ad
510 1121 731 1158 subruendum
756 1121 923 1161 traducem
947 1121 1178 1165 peccatiorigi-

295 1172 403 1209 nalis.
433 1171 517 1208 Non
546 1169 621 1205 dico
648 1171 825 1207 articulum
852 1171 1022 1206 istumeffe
1035 1170 1179 1214 Pelagia-

295 1232 373 1265 natn
401 1220 576 1265 Haeresirn3
605 1221 703 1259 absit:
732 1223 916 1256 Dumtaxat
943 1221 1020 1257 dico
1032 1232 1107 1254 eum
1121 1220 1178 1254 Pe-

293 1270 432 1316 lagianis
459 1272 553 1314 ¹fuisse
580 1273 721 1305 amicum
748 1284 787 1305 ac
798 1271 1014 1306 familiarem.
1042 1270 1178 1304 Tertius
1201 1268 1205 1277 ‘

292 1322 337 1358 est
368 1321 422 1356 hic
437 1346 444 1353 .
473 1326 662 1355 Execramur
686 1321 900 1365 blasp'bemiam
922 1333 1038 1363 eorum,
1066 1327 1118 1364 qui
1131 1323 1172 1354 di-

292 1381 363 1405 cunt
376 1373 541 1414 impcffibile
551 1373 669 1414 aliquid
679 1371 792 1405 homini
805 1375 825 1405 ἃ
839 1375 900 1407 Deo
911 1373 961 1416 effe
969 1380 1155 1414 praeceptum
1167 1397 1176 1411 ,

294 1423 328 1456 (ἵ
354 1425 504 1455 mandata
533 1426 590 1455 Dei
617 1434 675 1455 non
689 1422 842 1466 &finguIIs
856 1447 867 1463 ,
880 1421 987 1466 fidab
998 1421 1131 1455 omnibus
1145 1427 1177 1454 in

292 1483 441 1513 commune
463 1473 539 1515 poffe
559 1471 701 1516 servari.
726 1473 794 1511 Hic
821 1474 977 1507 articulus
988 1470 1033 1507 est
1049 1472 1174 1517 Pelagii

293 1523 328 1564 in
358 1523 505 1566 Epistola
532 1523 570 1568 ad
586 1523 853 1563 Demetriadem:
882 1525 925 1562 Et
942 1522 1100 1567 quoniam
1112 1534 1178 1556 am·

292 1570 400 1617 biguae
426 1571 678 1618 significationis
703 1571 771 1614 est,
799 1585 875 1609 eum
902 1574 1011 1617 potius
1036 1572 1175 1616 exponit

292 1622 520 1667 Augustinus,
548 1634 649 1668 quam
676 1624 873 1668 impugnet,
902 1625 935 1658 in
960 1623 1047 1657 libro
1070 1624 1111 1657 de
1123 1634 1176 1656 na-

292 1685 362 1717 tura
389 1674 423 1711 &
450 1674 576 1718 gratia.
602 1674 749 1720 Qartus
771 1674 818 1712 est
832 1673 908 1708 hic.
933 1672 1175 1710 Anatbematt'za·

292 1737 359 1764 mus
385 1734 432 1756 eos
449 1749 460 1765 ,
484 1730 535 1768 qui
558 1727 613 1758 Dei
633 1723 728 1769 filium
741 1726 898 1765 necessitate
909 1729 1012 1762 carnis
1021 1729 1176 1757 mentitum

291 1775 343 1818 effe
355 1774 455 1806 dicunt
465 1798 476 1813 ,
504 1776 538 1808 (ν
550 1784 620 1807 tunc
626 1782 752 1815 propter
765 1775 942 1817 affumptum
952 1774 1103 1808 bominem
1116 1785 1174 1806 non

291 1830 391 1866 omnia
412 1823 518 1865 facere
536 1825 662 1867 'pottuffe
688 1826 798 1858 voluit.
828 1825 950 1868 jacitur
968 1824 1032 1858 hoc
1043 1823 1176 1857 anathe-

292 1887 345 1918 ma
375 1871 665 1914 inOrthodoxos‚
693 1874 813 1916 quibus
840 1874 1031 1920 pelagiani,
1058 1873 1160 1917 utqu'

292 1927 368 1965 dem
399 1923 602 1968 Augustinus
629 1922 670 1963 ad
697 1924 843 1957 sanetum
870 1923 1066 1960 Pontificem
1078 1922 1177 1956 Boni-

293 1977 417 2012 facium
446 1974 579 2015 scribit,
607 1972 823 2015 imponebant
849 1970 938 2007 hunc
951 1969 1176 2015 blasphemum

293 2029 437 2065 furorem
465 2023 574 2069 potius
585 2034 684 2065 quam
695 2034 834 2057 errorem
848 2034 856 2054 ε
884 2021 1034 2061 christum
1044 2023 1078 2055 (at
1086 2023 1106 2057 ἃ
1112 2030 1177 2064 pec-

294 2134 406 2169 titum,
435 2129 469 2161 (9
494 2125 564 2159 aliis
578 2120 851 2164 maculatumfuiffe
861 2121 998 2153 delidiis.
1027 2119 1176 2167 Qintus

293 2167 359 2216 est.
381 2179 673 2222 Joviniqnt'quqque
683 2173 862 2206 damnamus
876 2182 1025 2212 errorem,
1053 2175 1103 2212 qui
1122 2171 1174 2202 di·-

295 2235 336 2264 cit
363 2233 395 2267 in
415 2225 523 2268 fusuro
544 2235 596 2256 nos
619 2220 772 2261 babituros
795 2222 846 2264 effi:
858 2226 987 2262 virtutes
999 2244 1010 2260 ,
1038 2233 1116 2262 quas
1128 2219 1176 2254 bic

297 2268 408 2319 babere
430 2277 615 2320 negleximus
628 2296 635 2303 .
662 2272 740 2305 Hoc
752 2271 795 2305 est
811 2295 821 2311 ,
847 2270 1041 2309 damnamus
1054 2270 1177 2307 Roma·

298 2340 360 2366 nos
385 2326 594 2371 ortbodmgtos
606 2347 616 2363 ,
641 2328 692 2366 qui
696 2322 758 2363 post
768 2321 1012 2364 resurrefflonem
1022 2322 1099 2354 tales
1110 2329 1177 2361 pro-

298 2380 384 2423 ceffus
405 2376 528 2420 futuros
556 2375 607 2419 effi
628 2373 735 2414 dicunt
763 2396 773 2412 ,
799 2382 833 2411 ut
854 2371 897 2410 ibi
921 2374 1070 2412 incipiant
1090 2371 1178 2403 homi-

298 2420 352 2464 nes
365 2454 375 2470 ,
402 2438 469 2471 quae
491 2424 539 2459 bic
557 2425 730 2463 noluerim,
759 2425 818 2460 Dei
841 2425 993 2459 mandata
1018 2423 1177 2463 complere.

299 2529 485 2575 ponebant.
515 2526 632 2560 Sextus
649 2523 693 2558 est
708 2522 762 2556 hic
773 2548 780 2555 .
810 2523 949 2556 Liberum
959 2522 997 2563 fic
1009 2521 1179 2564 confitemur

299 2581 459 2622 qrbitritcm
471 2601 482 2617 ,
509 2586 542 2610 ut
563 2577 698 2609 dicamus
722 2577 779 2606 Dei
794 2584 845 2606 nos
851 2572 970 2616 J‘emper
982 2576 1114 2616 indigere
1126 2585 1178 2605 au-

300 2632 394 2672 xilio,
421 2630 531 2670 (veum
556 2627 620 2667 illos
647 2635 747 2658 errare
759 2630 881 2666 quicum
895 2622 1062 2657 Manichaeo
1075 2625 1178 2656 dicunt

299 2681 445 2720 bominem
466 2685 619 2719 peccatum
641 2682 742 2716 vitare
754 2685 810 2707 non
817 2675 911 2718 posse,
942 2686 1034 2717 quam
1045 2673 1112 2707 illos
1128 2678 1179 2716 qui

299 2742 363 2769 cum
366 2735 399 2776 J
402 2733 543 2764 omniane
567 2727 692 2770 afferunt
721 2724 865 2768 bominem
893 2736 950 2757 non
956 2725 1031 2768 poffe
1039 2732 1178 2765 peccare.

301 2782 512 2816 Damnantur
537 2778 571 2821 ἀ
600 2776 654 2810 hic
680 2774 874 2813 orthodoxi
897 2800 904 2806 .
948 2776 1013 2809 Eos
1041 2784 1180 2817 namque

299 2823 376 2877 erga
405 2828 578 2870 hominem
606 2826 747 2867 necdum
768 2825 871 2870 gratia
882 2824 955 2862 fidei
982 2823 1177 2863 illustratum

300 2882 363 2918 esse
384 2877 589 2918 Manichaeos
604 2902 614 2917 ,
639 2887 717 2921 erga
740 2874 909 2915 hominem
925 2875 1002 2910 vero
1015 2885 1181 2918 regenera-

301 2942 372 2972 tum
398 2931 460 2970 effe
485 2926 737 2972 Jovinianistas,
765 2922 1074 2963 blaterabataffidue
1085 2924 1177 2967 Julia-

300 2994 382 3023 nus,
409 2990 445 3019 ut
467 2979 600 3015 testatur
628 2975 833 3025 Augustinus
860 2976 894 3009 in
920 2986 1018 3019 opere
1037 2974 1182 3018 imperfe-

301 3035 372 3068 ἂο.
399 3029 565 3074 Septimus
590 3027 635 3062 est
662 3026 736 3061 hic.
763 3030 951 3064 Execramur
964 3024 1182 3067 blasphemiam

302 3094 421 3124 eorum,
447 3084 499 3123 qui
524 3083 646 3121 nuptias
667 3083 789 3121 primas
814 3087 881 3110 cum
908 3075 1075 3109 Manichaeo
1101 3076 1182 3107 dam·

304 3142 397 3172 nant.
426 3131 560 3174 Nempe
582 3127 805 3167 orthodoxos
824 3151 835 3167 ,
862 3132 914 3170 qui
941 3128 1043 3161 dicunt
1068 3130 1182 3159 commi-

133 3162 231 3209 -Lib'L
246 3162 287 3197 ’ἃ
305 3189 433 3216 actionem
457 3182 610 3223 conjugum
623 3180 643 3212 ἃ
656 3179 781 3215 Diabolo
790 3178 841 3221 effe
851 3185 999 3219 repertam
1012 3201 1019 3208 .
1049 3175 1181 3210 Etenim

132 3213 245 3253 Bonis

133 3273 242 3310 ρης.

158 3387 246 3433 cap.
262 3399 279 3426 1

305 3232 341 3266 ἀ
367 3231 450 3267 istud
475 3231 596 3275 dogma
611 3228 707 3263 nobis
719 3227 918 3272 appingebat
928 3227 1076 3271 Julianus
1089 3249 1097 3256 .
1126 3225 1183 3259 Ec-

306 3292 365 3322 ce,
393 3292 489 3324 quam
515 3278 686 3315 monstrosi
701 3279 863 3312 sermones
877 3277 1103 3312 adscribuntur
1115 3275 1144 3308 sa
1152 3288 1182 3308 n·

308 3333 361 3366 ao
389 3330 577 3374 Augustino
589 3356 596 3363 .
624 3329 717 3367 Male
740 3330 819 3362 item
831 3328 860 3360 ei
874 3327 1068 3365 adscribitur
1081 3328 1185 3360 sermo

284 3413 291 3420 ,
308 3380 545 3418 ducentesimus
572 3390 698 3413 nonus.
730 3378 768 3412 ln
796 3378 863 3422 ejus
890 3377 1028 3411 exordio
1055 3376 1186 3420 siclegi-

308 3442 399 3473 mus.
424 3430 611 3463 omnimodis
636 3429 830 3468 detestandus
853 3428 891 3468 est
905 3438 984 3461 error
994 3426 1166 3465 Eutychen:
1177 3449 1188 3466 ‚

1234 125 1652 176 Emmunuu
1713 180 1719 186 ,

1251 214 1346 251 fuisse
1371 214 1554 250 detectum·
1577 209 1681 247 Obiit
1702 222 1843 258 namque
1855 210 2063 259 Augustinus
2074 213 2135 250 sub

1252 264 1455 302 Pontificatu
1483 261 1655 298 Coelestini
1670 284 1682 302 ,
1707 261 1788 297 dum
1809 263 1956 299 Ecclesiae
1966 265 2128 306 Constanq

1251 315 1478 359 tinopolitanae
1503 312 1679 358 praefideret
1706 312 1827 356 impius
1849 313 2039 360 Nestorius3
2065 316 2125 351 im-

1252 366 1371 409 peritus
1397 374 1506 399 autem
1519 363 1624 400 Senex
1637 362 1805 405 Eutyches
1816 361 1951 399 delirare
1961 367 2052 410 eaepit
2063 365 2124 401 sub

1252 415 1456 452 pontificatu
1477 413 1601 449 Leonis
1613 437 1626 454 ,
1650 413 1731 448 dum
1744 413 2037 458 Constantinopoli
2050 416 2124 460 post

1250 465 1341 508 ejecti
1369 464 1518 500 Nestorii
1543 465 1754 499 successorem
1781 466 1925 500 sanetum
1952 465 2126 501 Maximia-

1251 527 1330 549 num
1358 514 1477 553 sederet
1503 514 1663 560 gloriosus
1676 515 1849 551 Donorac
1861 514 2125 558 MartyrFlavia·

1251 577 1327 604 nus.
1355 564 1448 602 Male
1461 576 1594 609 quoque
1616 565 1647 599 ei
1661 565 1818 602 tribuitur
1828 569 1934 601 sermo
1948 566 2124 610 quadrage-

1250 616 1344 649 fimus
1373 617 1499 651 sextus.
1524 616 1562 650 In
1585 614 1654 659 ejus
1665 627 1809 661 namque
1834 616 2125 661 exordio'legimus

1251 667 1332 701 varia
1345 690 1356 708 ,
1383 678 1452 710 quae
1475 667 1600 701 clarum
1611 666 1656 700 est
1669 668 1731 701 esse
1742 666 1919 710 penitusab
1932 665 2125 712 Augustino

1249 717 1376 751 aliena.
1405 719 1520 751 Sermo
1535 727 1647 751 autem
1669 718 1863 753 centesimus
1874 717 2125 762 septuagesimus

1249 768 1357 804 sextus
1369 767 1453 802 male
1464 767 1608 803 reiicitur
1619 768 1654 805 in
1668 766 1886 812 appendicem
1896 792 1903 800 .
1931 768 2019 802 Eum
2033 777 2126 801 narn-

1248 828 1309 861 que
1327 828 1493 860 tamquam
1506 816 1580 851 vere
1594 817 1877 862 Augustinianum
1887 818 2034 862 agnoscit
2048 818 2123 851 Bre-

1249 868 1384 903 viarium
1398 868 1608 903 Romanum.
1637 868 1845 912 Atinquies,
1868 867 2123 913 agitserrnoiste

1245 918 1398 957 adversus
1424 930 1565 954 errorem
1591 918 1785 954 orientalem
1805 943 1816 959 ,
1842 930 1982 953 errorem
2009 918 2123 963 utique

1248 968 1464 1013 Eutychetis.
1491 968 1690 1011 Respondeo
1715 969 1761 1004 ibi
1788 968 1843 1013 agi
1869 968 2022 1010 adversus
2038 979 2124 1002 erro·

1245 1029 1312 1053 rem
1340 1020 1459 1065 Agrii,
1478 1019 1711 1064 Apollinarii,
1738 1030 1776 1054 ac
1800 1020 1996 1061 Valentini,
2023 1028 2059 1054 ut
2071 1030 2124 1063 pa·

1245 1069 1310 1105 lam
1339 1069 1385 1104 est
1411 1071 1528 1110 omni,
1555 1070 1614 1113 qui
1641 1071 1823 1104 sermonem
1837 1069 1932 1103 istum
1945 1067 2124 1115 legeritvel

1243 1119 1439 1154 oscitanter.
1471 1120 1613 1163 Estque,
1646 1129 1682 1153 ut
1695 1118 1775 1154 mihi
1788 1120 1922 1163 quidem
1937 1121 2038 1154 visum
2051 1119 2119 1159 est,

1242 1169 1289 1206 ita
1317 1179 1458 1204 erratum
1485 1169 1519 1203 in
1533 1167 1735 1204 sermonibus
1747 1169 1965 1204 aliismultis.
1995 1169 2127 1212 thui·

1243 1220 1319 1253 dem
1347 1229 1402 1262 per
1425 1229 1564 1253 omnem
1591 1219 1805 1263 appendicem
1835 1220 1955 1262 sparsus
1981 1218 2026 1253 est
2037 1227 2125 1254 error

1240 1271 1381 1304 omnino
1394 1269 1610 1314 corrigendus
1620 1293 1628 1300 .
1656 1269 1769 1304 Plures
1780 1279 1922 1311 namque
1934 1268 1980 1302 ibi
1993 1269 2125 1313 elegan-

1239 1319 1350 1354 tiffimi
1373 1321 1537 1354 sermones
1559 1318 1786 1355 adscribuntur
1800 1319 1943 1357 Eusebio
1957 1320 2124 1363 Episcopo

1243 1370 1422 1410 Emiseno,
1450 1368 1579 1404 homini
1600 1370 1734 1413 quidem
1749 1392 1760 1409 ,
1786 1379 1823 1404 ut
1845 1371 1878 1403 in
1893 1370 2037 1403 virorum
2047 1369 2124 1403 illu-

1240 1420 1353 1454 strium
1391 1420 1546 1464 catalogo
1585 1421 1696 1454 scribit
1723 1421 1848 1455 sanstus
1868 1419 2123 1462 Hieronymus,

1239 1474 1385 1515 elegantis
1414 1473 1447 1505 (τ
1470 1470 1618 1504 Rhetorici
1641 1476 1776 1514 ingenii,
1801 1476 1854 1513 qui
1870 1468 2123 1509 innumerabiles,

1241 1523 1274 1558 <rt
1287 1525 1340 1564 qui
1359 1521 1403 1553 ad
1408 1519 1547 1563 plausum
1555 1521 1657 1563 papuli
1661 1527 1817 1563 pertinent
1833 1546 1843 1562 ,
1868 1519 1995 1562 confecit
2006 1518 2117 1559 libros,

1240 1569 1390 1616 magisque
1412 1570 1563 1609 historiam
1580 1570 1717 1614 secutus,
1743 1572 1784 1604 ab
1805 1576 1844 1604 iis
1857 1595 1868 1612 ,
1893 1572 1945 1612 qui
1955 1570 2122 1604 declamare

1241 1623 1368 1662 volum,
1386 1620 1581 1663 studiofiffime'
1591 1623 1722 1667 legitur;
1749 1620 1865 1656 Graeco
1877 1632 2014 1662 tamen,
2039 1619 2123 1654 faeti-

1241 1672 1349 1715 doque
1376 1672 1526 1711 Ariano,
1553 1682 1651 1714 atque
1675 1671 1758 1706 adeo
1781 1671 2121 1706 sermonumistorum

1242 1733 1446 1765 nequaquam
1461 1722 1613 1758 Auliori.
1642 1723 1814 1757 Sermones
1826 1722 1877 1756 isti
1891 1745 1902 1761 ,
1926 1721 1950 1754 fi
1964 1719 2122 1765 Augusti·

1242 1772 1274 1805 ni
1289 1783 1355 1807 non
1369 1773 1455 1813 sint,
1483 1773 1558 1809 sunt
1580 1772 1681 1807 sanffl
1695 1771 1849 1807 Eucherii
1865 1771 2019 1815 Episcopi
2032 1771 2121 1815 Lug·

1241 1822 1418 1863 dunensis,
1445 1821 1617 1865 adeoque,
1644 1832 1681 1856 ut
1706 1822 1789 1856 serio
1801 1831 1915 1855 monet
1930 1820 2120 1855 Cardinalis

1242 1873 1405 1907 Batonius
1420 1896 1431 1913 ,
1457 1873 1531 1907 sunt
1543 1872 1592 1906 illi
1607 1873 1674 1908 fine
1686 1883 1777 1907 mora
1789 1871 1980 1907 restituendi
1990 1896 1998 1904 .

1293 1922 1422 1957 Eodem
1450 1923 1554 1956 modo
1578 1933 1721 1956 erratum
1749 1921 1827 1957 hinc
1851 1920 1986 1955 indeest
2000 1921 2034 1955 in
2046 1919 2121 1955 aliis

1240 1969 1356 2007 tomis.
1386 1971 1521 2006 Etenim
1551 1970 1680 2010 libellus
1706 1971 1747 2005 de
1772 1972 1839 2005 fide
1861 1969 2123 2004 reruminvisibi-

1240 2021 1322 2059 lium
1343 2019 1489 2064 rejicitur
1511 2021 1545 2054 in
1560 2021 1643 2054 tomi
1657 2021 1764 2064 quarti
1777 2017 2015 2064 appendicem,
2043 2029 2122 2061 cum¹

1239 2080 1348 2104 tamen
1376 2071 1413 2103 sit
1438 2069 1615 2103 veriffimus
1627 2068 2041 2112 faetussanstiAugustini.
2066 2068 2123 2103 De

1239 2130 1280 2153 eo
1306 2128 1449 2161 namque
1474 2117 1518 2151 fic
1545 2117 1657 2152 scribit
1680 2117 1892 2162 Augustinus
1904 2118 1945 2152 ad
1959 2117 2121 2152 Nobilem

1217 2162 1223 2213 Ῑ
1239 2179 1350 2202 verum
1373 2167 1514 2210 Darium
1527 2193 1535 2200 .
1566 2167 1635 2209 Misi
1652 2167 1769 2201 &alios
1781 2167 1894 2208 libros,
1919 2179 1992 2210 quos
2004 2176 2122 2210 nonpe-

2164 712 2246 758 C²1³·
2260 723 2292 754 ι,

2139 838 2268 875 Domin

2138 891 2213 926 infr.
2237 865 2293 928 ad,

2138 940 2237 980 scens:
2278 951 2281 954 ·

2161 2221 2268 2267 Epist.

1235 2269 1297 2311 fide
1321 2281 1440 2309 rerum,
1469 2280 1538 2311 quae
1563 2280 1621 2302 non
1641 2269 1811 2310 videntum
1837 2269 1875 2301 de
1880 2274 2055 2310 patientia,
2081 2269 2120 2303 de
2134 2272 2216 2319 264.

1238 2323 1421 2352 continentia
1439 2341 1450 2357 ,
1478 2319 1516 2351 de
1523 2319 1747 2360 providentia,
1776 2318 2120 2361 &unumgrandemde

1237 2369 1298 2411 fide
1310 2369 1344 2403 Θ
1351 2365 1404 2411 spe
1417 2368 1451 2402 (9
1462 2366 1612 2402 charitate
1623 2393 1630 2400 .
1662 2367 1706 2401 Et
1719 2366 1798 2401 hinc
1810 2367 1931 2407 libello
1940 2367 1981 2402 de
1994 2367 2122 2411 patien·

1239 2421 1285 2454 tia
1307 2419 1430 2462 apponi
1451 2429 1518 2452 non
1531 2417 1690 2452 debuisset
1710 2415 1779 2451 haec
1788 2418 1941 2451 censura:
1970 2418 2122 2462 Augustini

1238 2471 1290 2513 effe
1312 2473 1414 2513 arguit
1436 2469 1558 2501 erudita
1579 2467 1745 2507 indatio,
1771 2469 1807 2501 ό*
1827 2465 1947 2508 phrafis
1959 2477 2119 2510 congruens

1240 2532 1304 2554 cum
1333 2531 1368 2552 ea
1382 2543 1392 2559 ,
1419 2529 1510 2561 quam
1531 2517 1620 2551 babet
1632 2516 1750 2550 libellus
1761 2515 1910 2560 superior.
1939 2516 2059 2559 Neque
2070 2518 2120 2551 su·

1242 2570 1359 2615 periori
1375 2569 1417 2603 de
1439 2567 1647 2602 continentia
1660 2566 1776 2601 libello
1787 2565 1879 2601 haec:
1906 2566 2030 2600 Librum
2040 2567 2120 2601 bunc

1240 2622 1292 2664 effe
1314 2618 1414 2663 sanc‘li
1439 2617 1794 2662 Augustinicontestantur
1805 2622 1960 2651 citationes
1974 2619 2071 2651 Bedae
2083 2619 2119 2653 6

1242 2674 1388 2714 Eugyppii
1411 2669 1553 2701 Abbatis.
1581 2675 1645 2705 Huc
1669 2673 1762 2701 etiam
1772 2667 1961 2709 referendum
1971 2669 2117 2709 viderur,

1241 2722 1321 2764 quod
1340 2726 1373 2752 in
1389 2719 1452 2762 fine
1471 2720 1595 2752 indiculi
1603 2717 1711 2761 scribit
1725 2717 1885 2758 Poffldius:
1915 2720 1960 2750 De
1969 2723 2123 2752 continen-

1242 2778 1286 2805 tia
1294 2770 1387 2813 sermo
1397 2781 1475 2802 unus
1488 2793 1495 2801 .
1526 2769 1605 2803 Dici
1621 2767 1779 2802 debuisset
1793 2767 1834 2802 de
1846 2777 1987 2811 utroque
2001 2781 2008 2800 ε
2036 2772 2122 2807 Eum

1243 2819 1372 2865 agnoscit
1400 2818 1578 2863 Augustinus
1606 2824 1639 2852 in
1665 2817 1796 2860 Epistola
1823 2819 1869 2851 ad
1894 2820 2022 2851 Darium
2044 2844 2052 2851 .
2075 2819 2122 2854 Et

1244 2873 1376 2916 quidem
1402 2872 1502 2903 etiam
1531 2869 1752 2913 Epistolarum
1769 2868 1906 2902 censura
1935 2866 2033 2903 habet
2045 2870 2122 2905 suos

1244 2933 1352 2959 naevos
1380 2945 1387 2952 .
1426 2921 1563 2954 Etenim
1591 2918 1740 2962 Epistola
1766 2918 1941 2953 centesima
1969 2920 2123 2965 vigesima.

1243 2972 1359 3015 scripta
1381 2971 1501 3005 dicitur
1528 2970 1709 3003 Honorato
1734 2967 1945 3012 Coepiscopo
1971 2981 1979 3001 ;
2017 2967 2123 3016 Qod

1243 3023 1287 3056 est
1300 3021 1442 3056 omnino
1471 3020 1587 3056 falsum
1605 3044 1611 3051 .
1638 3018 1766 3063 Scripta
1788 3018 1982 3062 namqueest
1995 3019 2124 3053 Hono·-

1243 3084 1314 3107 rato
1324 3072 1411 3106 laico
1427 3072 1461 3105 ὅ(
1472 3069 1581 3105 adhuc
1594 3067 1847 3108 Cathecumeno
1858 3093 1869 3109 ,
1898 3068 1949 3101 isti
1962 3067 2018 3111 ipsi
2030 3093 2041 3109 ,
2068 3069 2123 3103 cui

1243 3123 1413 3165 inscriptus
1439 3121 1485 3155 est
1513 3119 1595 3154 libet
1620 3118 1813 3153 deutilitate
1829 3117 2002 3152 credendi.
2030 3117 2125 3154 Patet

1244 3173 1276 3207 id
1303 3185 1344 3206 ex
1357 3170 1443 3205 hisce
1455 3170 1610 3215 Epistolae
1631 3168 1754 3204 verbis.
1785 3171 1992 3212 Hinc-gratias
2003 3175 2126 3213 agimus

1217 2218 1297 2259 lusti
1309 2244 1320 2260 ,
1347 2229 1383 2254 ne
1404 2217 1457 2251 hoc
1474 2219 1678 2252 tantummodi
1696 2218 1827 2260 facerem
1838 2219 1918 2259 quod
1924 2218 2043 2260 petisti.
2072 2220 2119 2252 De

1245 3227 1371 3256 Domino
1386 3225 1445 3256 Deo
1466 3221 1558 3262 nostro
1572 3244 1583 3261 ,
1607 3221 1689 3263 quod
1698 3219 1737 3260 est
1750 3229 1890 3263 magnum
1899 3221 2125 3253 Sacramentum

1243 3280 1275 3306 in
1287 3271 1428 3316 sacrificio
1442 3277 1513 3305 novi
1522 3270 1685 3312 testamenti
1695 3283 1707 3302 .-
1734 3270 1830 3313 ,Quod
1843 3269 1897 3303 ubi
1909 3293 1921 3310 ,
1946 3269 2128 3311 diffundo,

1226 3324 1278 3362 ζῶ·
1302 3324 1442 3365 quomodo
1463 3321 1626 3363 offeratur,
1651 3331 1717 3354 cum
1733 3319 1837 3362 fueris
1856 3319 2031 3361 baptizatus
2044 3344 2054 3359 ,
2082 3325 2129 3354 in-

1225 3368 1370 3411 (vem‘es.
1397 3372 1568 3416 Perper-am
1594 3370 1724 3414 putavit
1750 3369 1883 3405 Indifex
1903 3366 1994 3404 hunc
2007 3369 2130 3405 Hono·

1225 3413 1355 3477 iratum
1382 3424 1445 3457 effe
1471 3432 1547 3457 eum
1576 3420 1683 3465 ipsum
1707 3446 1720 3462 ‚
1745 3420 1788 3454 ad
1815 3430 1913 3462 quem
1941 3421 2057 3464 scripta
2083 3421 2129 3455 est

2141 3132 2221 3178 Gar·
2241 3140 2294 3178 19*

310 3491 409 3531 quem
434 3478 562 3534 constat
588 3478 714 3518 dudum
739 3479 811 3527 post
839 3477 1021 3523 Augustini
1047 3487 1187 3522 mortem
1249 3473 1397 3518 Epistola
1423 3472 1599 3514 centesima¹
1623 3470 1860 3516 oftuagefima.
1884 3468 1955 3505 Hic
1986 3482 2133 3514 namque

2019 3520 2084 3556 fuit
