2384 3770
829 131 913 177 'De
965 134 1232 180 Oaioiun
1285 132 1703 180 Earum-ima

1281 229 1395 261 queant
1415 246 1428 262 ,
1448 220 1525 254 nibil
1543 221 1704 262 tamen-est
1717 227 1832 264 preter
1851 223 1928 257 illud
1949 233 2039 257 unum
2061 249 2070 265 ,
2091 235 2147 268 quo

1280 279 1390 304 caetera
1418 275 1560 313 pariliter
1589 274 1786 305 dimetiantur
1805 295 1816 313 ,
1847 275 1881 308 (¹5
1910 275 1991 316 quod
2011 276 2146 308 omnibus

1280 319 1368 361 quasi
1382 323 1510 363 quodam
1533 323 1719 364 aequalitatis
1742 324 1813 363 jure
1835 323 2001 359 dominetur
2021 336 2029 356 :
2067 329 2146 358 Hinc

1282 372 1353 402 vero
1386 378 1420 403 in
1450 372 1610 414 quamhbet
1627 381 1744 414 partem
1760 371 1789 414 fi
1805 373 1902 415 egredi
1921 375 2047 419 volueris
2067 399 2078 416 ‚
2114 386 2146 408 eo

1281 424 1463 455 amittuntur
1479 428 1600 462 omnia,
1621 434 1677 465 quo
1693 429 1726 456 in
1741 425 1833 464 plura
1842 426 1998 465 pergitur.
2025 426 2071 458 stc
2079 429 2146 457 ani-

1279 480 1344 503 mus
1367 473 1387 502 ἃ
1407 469 1593 514 seipsofusus
1611 472 1807 512 immenfitate
1826 475 1957 514 quadam
1978 473 2146 507 diverbera—

1278 528 1349 558 tur,
1375 521 1409 553 i&
1429 532 1502 554 vera
1521 524 1712 556 mendicitate
1722 529 1885 556 conteritur
1898 547 1908 562 ‚
1936 533 2001 556 cum
2012 533 2076 556 eum
2089 535 2145 557 na-

1276 579 1345 600 tura
1367 569 1424 612 sua
1449 576 1524 615 cogit
1547 572 1652 614 ubique
1678 585 1771 606 unum
1799 584 1927 616 quaerere
1948 597 1958 612 ‚
1987 574 2019 606 (a
2044 574 2144 606 multt-
2187 563 2323 608 0²9²ss

1276 620 1345 651 tudo
1379 624 1516 655 invenire
1553 633 1611 657 non
1640 623 1734 664 finit.
1764 624 1806 657 Et
1833 623 1866 656 in
1894 621 1979 655 libro
2004 622 2045 656 de
2071 633 2145 657 vera

1275 669 1456 712 Religione
1481 671 1522 704 ad
1550 671 1817 705 Romanianum.
1845 674 2060 714 Temporalium
2079 671 2145 715 spe-

374 146 437 195 34

339 230 410 255 non
435 217 539 252 solum
562 215 687 251 nobiles
708 216 742 254 &
763 216 945 263 ignobiles,
977 220 1031 255 sed
1058 221 1157 256 etIam
1173 231 1221 254 ve·

342 280 395 305 ros
420 270 453 302 <ic
477 270 588 307 fictos,
617 268 635 301 a
659 267 778 310 quibus
801 270 881 303 talia
905 269 1051 304 scandala
1074 282 1141 304 non
1164 282 1221 314 po·

341 328 474 351 ruerunt
498 328 566 350 non
592 317 727 353 exoriri.
761 319 809 352 Ea
834 330 975 363 namque
989 332 1135 364 tempora
1147 332 1221 355 nec·

342 369 421 403 dum
448 367 667 410 agnoscebant
688 380 742 401 eas
765 369 829 406 sine
851 381 930 414 ruga
952 382 989 405 ac
1010 372 1155 411 macula,
1187 371 1220 405 st·

343 428 386 449 ne
406 428 501 450 carne
522 418 555 454 ἀ
574 417 730 462 sauguine
754 418 970 463 Religioues‚
994 420 1014 454 ὲ
1038 421 1155 463 quibus
1165 432 1219 464 per

341 467 468 509 aliquot
491 468 595 510 priora
617 467 729 504 saecula
762 472 927 504 neminem
962 468 1137 514 periturum
1161 471 1221 515 spi,

340 518 422 551 ritus
447 517 615 555 revelabat,

392 566 549 602 Attamen
571 568 751 613 Augustini
779 570 983 604 monasteriis
996 569 1135 605 Nobiles
1147 582 1215 606 non

338 615 487 651 deerant.
519 617 651 652 Etenim
676 630 710 652 ut
732 621 883 653 omittam
907 620 1080 662 Alipium‚
1110 622 1214 665 Lepo-

338 668 422 701 rium
446 691 457 707 ,
490 667 700 713 Fulgentium
725 694 736 709 ‚
773 681 840 703 erat
864 671 909 703 ibi
933 671 1067 703 illustris
1092 670 1212 706 Rotna-

336 717 473 757 manus,
500 718 540 754 ad
564 730 662 760 quem
687 720 731 752 ita
755 720 835 762 ipse.
858 721 989 754 Audito
1014 731 1090 754 meo
1102 731 1208 755 mona·

1272 724 1377 752 citrum
1396 720 1620 764 multiformitas
1642 723 1681 754 ab
1700 729 1817 755 unitate
1841 722 2149 765 Deihominemiap-

149 742 280 829 ALd2'
336 766 464 803 chismo
485 791 496 807 ,
521 778 585 800 tam
610 780 715 812 magno
734 781 763 803 es
775 771 868 803 elatus
876 772 1009 813 gaudio,
1034 781 1098 803 tam
1107 768 1210 812 fitho
1268 769 1335 810 sum
1356 778 1414 811 per
1439 772 1575 804 carnales
1598 770 1702 814 sensus
1729 772 1961 812 diverberavit,
1987 775 2021 807 (Ὗ
2048 781 2144 806 muta-

166 804 219 859 *ea
246 803 308 832 em*
334 815 420 858 hujus
440 824 515 850 vitae
536 818 735 858 inflammatus
756 821 879 860 ardore,
903 828 936 853 ut
947 830 975 853 te
986 822 1115 858 diceres,
1138 820 1207 862 situ
1270 818 1322 852 hili
1350 825 1502 853 varietate
1526 822 1743 864 multiplicavit
1771 825 1837 860 eius
1851 822 2004 862 affeHum:
2032 822 2142 864 Itafa-

154 853 255 884 '⁶³9¹'
329 867 369 901 ab
381 869 500 901 illarum
522 874 757 910 importunarum
766 870 864 903 litium
875 872 1002 903 vinculis
1015 873 1111 912 aliquo
1123 874 1206 905 modo
1268 868 1315 902 Ha
1341 870 1379 907 est
1406 870 1595 904 abundantia
1633 871 1774 915 laboriosa
1798 897 1809 914 ,
1842 874 1875 906 (15
1895 871 1926 912 fi
1947 874 2006 905 dici
2029 873 2140 914 potest,

329 923 518 957 eximereris,
544 925 642 952 omnia
663 931 698 953 ea
725 922 846 952 vincula
871 925 960 953 etiam
976 921 1152 961 patrimonii
1160 929 1205 956 tui
1264 917 1380 960 copiosa
1403 919 1534 963 egestas,
1560 923 1630 954 dum
1656 925 1742 956 aliud
1767 924 1800 958 <tt
1825 922 1912 956 aliud
1918 920 2074 966 sequitur,
2103 925 2138 956 (ν

323 979 435 1000 mecum
453 974 686 1010 participatione
710 977 884 1010 rupturum.
913 970 991 1003 Erat
1017 969 1059 1003 ibi
1085 972 1202 1006 Africae
1265 969 1343 1001 nihil
1365 979 1431 1003 cum
1450 982 1481 1003 eo
1503 980 1659 1013 permanet
1678 997 1686 1004 .
1723 975 1769 1006 sic
1793 975 1814 1005 ἃ
1840 982 1968 1014 tempore
1986 972 2140 1014 frumenti

195 1044 223 1077 E
250 1045 257 1051 .
319 1017 441 1053 Comes
462 1029 499 1051 ac
521 1020 625 1053 torius
644 1018 794 1057 Romani
819 1019 935 1052 militis
961 1020 1041 1052 Dux
1067 1020 1200 1055 Bonifa-
1262 1020 1295 1051 <¹2⁶
1321 1020 1374 1051 olei
1399 1022 1433 1053 (9⁶
1460 1026 1527 1053 vini
1545 1020 1593 1065 sui
1619 1023 1836 1065 multiplicatus
1862 1022 1925 1063 est,
1952 1032 1985 1055 ut
2011 1034 2067 1054 non
2092 1029 2139 1054 in-

226 1045 384 1101 Pmutius
405 1075 416 1107 “,
441 1070 481 1100 ad
504 1078 601 1110 quem
624 1068 668 1101 ita
691 1067 799 1101 scribit
818 1093 825 1100 .
854 1073 921 1105 Nos
947 1076 1084 1103 novimus
1106 1096 1116 1112 ‚
1145 1083 1198 1104 mn
1261 1074 1362 1104 veniat
1388 1069 1517 1112 idipsum
1537 1096 1548 1112 ,
1587 1074 1624 1105 id
1645 1073 1682 1112 est
1708 1097 1718 1113 ,
1747 1083 1890 1106 naturam
1917 1073 2138 1107 incommutabi-

139 1101 194 1144 7'0'
309 1114 394 1155 testes
416 1113 515 1156 fumus
529 1141 539 1156 ‚
565 1119 642 1159 quid
661 1116 807 1160 nobiscum
830 1120 915 1160 apud
924 1120 1062 1153 Tubunas
1078 1123 1114 1153 de
1129 1127 1195 1153 ani·
1258 1119 1316 1152 lem
1344 1120 1378 1153 (θ’
1396 1119 1594 1163 singularem,
1621 1134 1712 1165 quam
1733 1122 1854 1166 secutus
1881 1135 1940 1156 non
1959 1131 2042 1160 ‚erret
2064 1146 2075 1162 ‚
2101 1124 2135 1157 (5
2183 1142 2313 1176 Homu.

307 1178 354 1200 mo
380 1168 414 1200 Θ
436 1167 592 1200 voluntate
614 1177 667 1200 tua
683 1167 785 1209 fueris
809 1170 961 1202 collocutus
985 1194 993 1201 .

304 1227 420 1252 eramus
436 1240 447 1256 ‚
473 1229 522 1261 ego
545 1217 690 1259 &frater
705 1220 836 1259 Alipius.
867 1223 982 1260 Nempe
994 1230 1093 1252 omnes
1107 1221 1191 1253 ac‘t'us

298 1266 455 1308 publicos,
482 1267 588 1309 quibus
613 1276 764 1309 occupatus
785 1280 875 1309 eras,
901 1270 1069 1313 relinquere
1095 1277 1191 1311 cupie-

301 1316 358 1348 bas
371 1341 381 1357 ,
404 1318 439 1350 (5
459 1325 489 1350 te
514 1323 548 1351 in
567 1323 659 1354 otium
677 1316 815 1360 sanc‘lum
831 1318 959 1360 conferre
974 1344 985 1360 ,
1008 1330 1098 1362 atque
1111 1326 1142 1353 in
1155 1332 1191 1353 ea

300 1371 370 1405 vita
388 1373 494 1401 vivere
507 1392 518 1407 ,
545 1373 577 1399 in
599 1379 660 1410 qua
673 1366 756 1410 servi
772 1370 827 1402 Dei
841 1369 975 1402 monachi
987 1375 1119 1404 vivunt.
1147 1374 1185 1403 Ut

298 1426 398 1449 autem
419 1428 476 1450 non
490 1417 611 1459 faceres
633 1443 644 1458 ,
669 1419 743 1459 quid
763 1427 794 1451 te
820 1426 980 1453 revocavit
1003 1445 1014 1461 ‚
1044 1419 1100 1461 nisi
1117 1426 1186 1462 quia

297 1465 478 1507 confiderasti
493 1492 502 1507 ‚
529 1467 745 1507 ostendentibus
769 1467 850 1504 nobis
862 1492 873 1508 ,
892 1479 1043 1511 quantum
1059 1469 1177 1512 prodes-

290 1514 340 1558 set
352 1515 460 1555 christi
482 1517 637 1558 Ecclefiis,
664 1518 743 1559 quod
762 1518 894 1561 agebas,
915 1518 946 1560 fi
965 1532 999 1552 ea
1009 1518 1073 1561 sola
1091 1525 1184 1553 Inten-

297 1572 376 1605 tione
388 1578 513 1609 ageres,
536 1578 569 1599 ut
590 1566 720 1609 definsae
743 1568 782 1600 ab
809 1568 1050 1609 infestationibus
1075 1569 1182 1603 barba·

299 1626 419 1656 rorum,
447 1622 580 1658 quietam
609 1619 643 1643 ln·
659 1618 857 1659 tranquillam
882 1625 982 1652 vitam
1010 1627 1130 1663 agerent
1154 1626 1186 1653 in

301 1671 380 1699 omni
399 1671 514 1707 pietate
536 1673 570 1701 w
592 1666 742 1706 castitate.
774 1668 852 1702 Erat
874 1668 921 1702 ibi
946 1670 1125 1706 consularis
1147 1682 1184 1703 ac

239 1754 244 1761 ·
303 1715 521 1751 nobilissimus
543 1717 698 1751 Melaniae
722 1717 830 1758 filius,
856 1717 898 1752 de
912 1730 979 1762 quo
991 1718 1074 1762 apud
1085 1720 1185 1753 Afros

182 1753 285 1797 Epffst.
302 1764 367 1798 vita
390 1766 506 1800 functo
528 1767 570 1801 fic
591 1765 699 1801 scribit
732 1769 859 1803 sanstus
881 1766 1039 1806 Paulinus
1054 1792 1062 1802 .
1100 1772 1131 1804 si
1151 1775 1183 1803 in

124 1814 201 1853 243)-
300 1813 386 1856 hujus
404 1814 508 1856 saeculi
530 1822 600 1849 vita
613 1841 623 1856 ,
646 1823 754 1851 matris
774 1819 928 1859 exemplo,
948 1817 1069 1862 saecum
1085 1828 1159 1863 togae
1173 1844 1183 1860 ,

299 1867 333 1900 (ς
363 1864 567 1906 monasterium
590 1869 711 1902 senatui
741 1869 919 1910 praetuliffet
939 1892 946 1900 .
980 1874 1185 1902 Verumtamen

302 1916 380 1947 idem
405 1919 457 1950 vir
478 1926 516 1947 ex
544 1923 613 1947 voto
629 1914 807 1957 funditoris
829 1926 891 1950 tuae
914 1917 960 1950 bis
983 1919 1120 1960 operibus
1145 1920 1184 1951 lo-

299 1965 468 2006 cupletatus
497 1962 621 2006 abscefflt
635 1988 646 2004 ,
671 1972 704 1998 ut
724 1975 869 1999 materna·
890 1964 1069 2005 humilitatis
1080 1967 1184 1999 nobili-

298 2023 391 2051 tatem
416 2038 427 2054 ‚
452 2013 478 2053 li
496 2014 571 2053 veste
598 2025 655 2047 non
668 2014 807 2057 gesserit,
834 2023 935 2046 tamen
957 2026 1054 2049 mente
1071 2024 1183 2057 praetu-

301 2067 370 2100 lerit
392 2088 399 2095 .
432 2064 566 2108 Utique
589 2075 630 2098 ex
653 2064 743 2097 suasu
766 2064 798 2098 <St
821 2062 952 2097 hortatu
979 2065 1181 2107 Augustini.

301 2115 504 2156 Certumque
525 2112 568 2145 est
583 2136 593 2152 ,
620 2112 699 2145 tales
720 2110 765 2143 ibi
788 2110 880 2143 fuisse
901 2112 1023 2153 plures.
1056 2112 1180 2146 Verum

298 2165 340 2203 ad
367 2165 449 2197 alia:
476 2162 595 2205 Neque
617 2161 710 2195 enim
723 2159 829 2193 carnis
842 2159 1019 2203 nobilitas,
1044 2161 1096 2196 sed
1108 2173 1180 2199 car-

299 2214 351 2254 nis
374 2212 588 2251 mortificatio
611 2212 656 2249 est
677 2210 782 2262 gloria
809 2209 1015 2255 Religionis,

527 2312 558 2347 C
584 2311 616 2347 A
642 2310 671 2345 Ρ
700 2310 740 2347 U
761 2310 799 2344 T
859 2310 954 2345 XII.

302 2420 349 2450 De
374 2418 541 2457 praecipuis
576 2411 677 2447 borum
699 2410 935 2471 monasteriorum
957 2410 1158 2461 observantiis
1171 2435 1178 2444 .

414 2515 468 2548 Na
486 2525 527 2547 ex
551 2513 745 2556 capitalibus
766 2512 861 2556 primi
885 2512 1006 2555 peccati
1029 2514 1134 2555 poenit
1146 2522 1181 2545 ac

429 2564 524 2607 hujus
538 2564 741 2597 infortunatae
753 2564 824 2596 vitae
837 2563 972 2596 miseriis
983 2586 994 2602 ,
1020 2562 1064 2596 est
1078 2563 1181 2605 lapsus

306 2616 423 2648 animae
445 2614 485 2648 ab
509 2625 576 2647 uno
602 2613 641 2647 ad
655 2613 780 2647 multa.-
807 2610 931 2646 Abillo
947 2623 1036 2651 uno,
1060 2612 1101 2646 de
1114 2623 1180 2655 quo

307 2665 476 2698 Dominus
496 2664 537 2697 ad
560 2663 732 2697 Martham
754 2663 837 2696 circa
860 2663 945 2696 varia
968 2661 1125 2696 turbatam
1149 2663 1181 2696 ὅ(

308 2723 501 2758 occupatam
513 2712 619 2753 dixit,
639 2715 731 2746 Porro
742 2724 832 2746 unum
843 2712 882 2753 est
896 2714 1076 2755 neceffarium
1091 2736 1098 2744 .
1111 2712 1179 2759 Qui

307 2764 396 2798 hunc
421 2765 546 2807 lapsum
569 2763 713 2797 assereret
731 2764 793 2796 effe
805 2773 939 2796 omnem
962 2762 1102 2797 nostram
1117 2762 1180 2805 pla-

307 2825 401 2859 gam,
431 2826 497 2847 non
520 2823 608 2848 totus
625 2814 732 2846 forsan
753 2821 869 2846 erraret
890 2838 897 2844 .
927 2813 980 2845 De
1003 2823 1043 2845 eo
1073 2811 1179 2845 scribit

310 2864 515 2908 Augustinus
538 2864 570 2897 in
593 2863 683 2897 libris
708 2862 749 2896 de
772 2863 887 2896 ordine
908 2862 946 2895 ad
970 2862 1157 2897 Zenobiam
1172 2886 1179 2893 .

134 2927 205 2967 LI·
223 2938 284 2964 c·2·
313 2919 435 2947 Animus
454 2913 509 2955 fibi
530 2914 690 2952 redditus,
712 2924 780 2955 quae
794 2912 832 2953 fit
847 2912 1034 2953 pulchritudo
1060 2917 1179 2944 univer-

155 2964 158 2966 ’
306 2963 407 3006 fitatis
419 2986 429 3001 ,
449 2964 588 3007 intelligit
600 2988 611 3003 ,
640 2974 704 3005 quae
724 2962 854 3005 profet‘lo
874 2963 912 2994 ab
933 2974 988 2995 uno
1000 2967 1179 3005 cognomina-

310 3022 343 3046 ta
361 3013 399 3053 est
429 3037 436 3045 .
465 3015 628 3055 Idcircoque
650 3015 733 3046 illam
757 3013 859 3045 videre
881 3023 938 3044 non
957 3012 1024 3046 licet
1046 3018 1157 3044 animae
1169 3035 1178 3050 ‚

309 3076 377 3106 quae
397 3068 429 3095 in
453 3064 548 3095 multa
567 3065 719 3104 procedit,
742 3060 923 3105 filiaturque
943 3063 1096 3097 aviditate
1103 3071 1179 3103 pau-

308 3120 442 3154 penem,
461 3124 550 3155 quam
575 3114 660 3153 nescit
667 3111 731 3155 sola
746 3110 951 3156 segregatione
975 3113 1178 3144 multitudinis

306 3164 377 3204 posse
404 3168 501 3196 vitari
524 3187 530 3194 .
578 3163 797 3195 Multitudinem
829 3172 928 3195 autem
950 3173 1008 3194 non
1031 3161 1179 3194 hominum

311 3213 388 3250 dico,
412 3210 467 3255 [ed
484 3217 610 3244 omnium
635 3223 700 3253 quae
719 3211 822 3254 sensus
846 3217 990 3255 attingit.
1017 3216 1083 3245 Nec
1094 3217 1179 3245 mire-

311 3273 343 3296 re
366 3284 376 3299 ,
397 3264 472 3302 quod
492 3274 524 3295 eo
545 3260 695 3306 egestatem
709 3267 829 3303 patitur
848 3269 943 3305 magis
969 3285 979 3301 ‚
1001 3273 1057 3303 quo
1080 3266 1178 3304 magis

311 3316 428 3350 appetit
451 3312 538 3350 plura
564 3311 727 3353 completVi.
757 3314 795 3343 Ut
804 3318 925 3344 enimin
938 3313 1056 3349 circulo,
1078 3322 1178 3353 quan-

314 3364 426 3395 tumvis
451 3363 561 3400 amplo,
590 3372 680 3394 unum
700 3359 735 3398 est
757 3362 908 3399 medium,
929 3373 982 3402 quo
997 3362 1102 3394 cunila
1114 3373 1176 3394 con-

309 3418 436 3452 vergunt
448 3433 457 3447 ,
472 3411 548 3450 quod
557 3420 687 3447 centrum
700 3414 862 3449 Geometras
877 3420 986 3448 vocant
998 3435 1007 3449 ,
1021 3414 1054 3450 (y
1067 3423 1178 3454 quarn—

311 3464 364 3496 νὴ
399 3462 487 3496 totius
509 3458 638 3495 ambitus
665 3469 771 3508 partes
806 3460 1065 3500 innumerabiliter
1080 3460 1191 3504 secari*

1022 1172 1081 1203 soli
1101 1181 1194 1205 tecum
1257 1169 1397 1211 afferatus
1425 1182 1482 1202 non
1510 1173 1629 1206 doleat.
1659 1172 1702 1206 Et
1730 1173 1764 1205 in
1792 1173 1942 1206 sermone
1968 1173 2009 1206 ad
2038 1183 2136 1215 popu-

2162 1204 2214 1240 34.
2226 1203 2287 1239 (7.3.

1257 1218 1323 1250 lum
1346 1242 1352 1249 .
1392 1223 1502 1252 Anima
1534 1220 1567 1262 se
1593 1219 1766 1263 respexerat
1785 1245 1795 1261 ,
1816 1219 1927 1262 fibique
1948 1223 2107 1262 placuerat
2125 1246 2136 1261 ,

1250 1266 1372 1309 suaeque
1388 1269 1545 1309 potestatis
1564 1279 1700 1303 amatrix
1720 1270 1813 1313 fat‘la
1831 1271 1956 1311 fuerat:
1986 1272 2136 1311 Receffltti

1258 1320 1335 1358 Deo,
1361 1320 1394 1351 (θ’
1421 1318 1558 1359 remanfit
1584 1326 1615 1352 in
1631 1319 1688 1361 se:
1720 1324 1766 1353 Et
1791 1321 1811 1352 ἃ
1836 1319 1867 1362 [e
1895 1321 2072 1362 repellitur,
2100 1323 2136 1354 0·

1254 1370 1274 1401 a
1295 1366 1329 1410 se
1358 1370 1530 1403 excluditur
1558 1393 1568 1408 ‚
1585 1375 1617 1402 in
1642 1377 1794 1404 exteriora
1815 1370 1985 1411 prolabitur
2005 1394 2013 1402 .
2044 1375 2135 1403 Amat

1254 1418 1421 1457 mundum,
1448 1427 1531 1451 amat
1557 1422 1754 1462 temporalia,
1780 1429 1863 1452 amat
1885 1428 2025 1453 terrena:
2052 1423 2135 1463 ‚Quae

1248 1466 1276 1507 fi
1294 1465 1422 1509 seipsam
1448 1472 1566 1501 amaret
1593 1470 1721 1514 neglet‘lo
1749 1473 1771 1503 ὰ
1796 1481 1849 1512 quo
1867 1469 1957 1511 fat‘la
1982 1470 2044 1509 est,
2069 1478 2134 1502 tam

1253 1518 1350 1552 minsis
1377 1517 1444 1559 effet
1467 1543 1477 1558 ‚
1500 1521 1571 1559 jam
1598 1520 1750 1561 defecerat
1776 1522 1905 1554 amando
1931 1521 2011 1561 quod
2035 1520 2134 1552 minus·

1252 1565 1289 1606 est
1308 1591 1315 1598 .
1353 1568 1455 1602 Minas
1482 1569 1519 1608 est
1547 1575 1626 1603 enim
1652 1569 1717 1613 ipsa
1741 1594 1751 1610 ,
1790 1582 1881 1612 quam
1906 1572 1986 1602 Deus
2009 1594 2016 1601 .
2050 1573 2133 1614 Ergo

1252 1619 1403 1651 amandus
1429 1628 1494 1651 erat
1523 1622 1628 1660 Deus,
1658 1623 1691 1655 (ιτ
1717 1621 1868 1654 amandus
1896 1619 1933 1660 est
1960 1623 2060 1659 Deus,
2086 1626 2133 1653 ita

1252 1676 1307 1706 ut,
1327 1666 1358 1707 fi
1377 1668 1443 1709 fieri
1467 1667 1578 1710 potest,
1607 1679 1659 1703 nos
1686 1668 1768 1712 ipsos.
1788 1669 2019 1712 obliviscamur.
2050 1671 2133 1713 Quis

1249 1726 1315 1760 ergo
1341 1716 1376 1754 est
1401 1717 1454 1756 iste
1479 1717 1643 1759 transitus?
1668 1720 1771 1757 Oblita
1796 1720 1835 1760 est
1859 1727 1961 1752 anima
1980 1717 2132 1763 seipsam,

1245 1765 1302 1808 sed
1325 1769 1457 1802 amando
1482 1770 1625 1803 mundum
1650 1771 1745 1803 oblita
1770 1771 1809 1810 est
1822 1782 1829 1802 :
1858 1771 1918 1803 sed
1943 1781 2000 1803 non
2025 1781 2133 1803 aman-

1250 1817 1286 1848 do
1311 1815 1452 1858 artificem
1478 1820 1602 1859 mundi,
1625 1819 1714 1862 pulsa
1742 1819 1780 1860 est
1805 1819 1926 1862 &astu
1959 1817 2050 1861 Pulsa
2062 1830 2130 1862 ergo

1247 1868 1280 1903 (9·
1305 1868 1325 1897 ἃ
1347 1866 1380 1908 se
1405 1869 1618 1909 quodammodo
1639 1871 1776 1911 perdidit
1796 1868 1831 1912 se
1848 1894 1859 1910 ,
1898 1880 1949 1903 nec
1961 1869 2055 1910 falla
2070 1867 2131 1911 sua

1249 1923 1332 1951 novit
1359 1919 1464 1952 videre
1481 1943 1491 1958 ,
1512 1918 1658 1963 justificat
1678 1925 1854 1962 iniquitates
1867 1918 1941 1963 suas
1955 1942 1966 1958 ‚
1989 1918 2130 1960 &fertur

1248 1967 1280 1999 (a
1302 1964 1437 2007 superbit
1464 1973 1497 2000 in
1517 1971 1690 2010 petulantia
1709 1994 1720 2010 ,
1745 1976 1779 2003 in
1805 1971 1953 2013 luxuria,
1983 1974 2015 2002 itt
2042 1967 2130 2002 bono-

1247 2013 1327 2045 ribus
1351 2038 1362 2054 ,
1389 2020 1421 2046 in
1444 2015 1638 2056 potestatibus
1663 2039 1673 2055 ‚
1702 2025 1734 2052 in
1761 2020 1887 2051 divitiis
1901 2041 1913 2057 ,
1938 2023 1971 2049 in
1996 2023 2131 2057 potentia

1247 2068 1418 2096 vanitatis.
1447 2064 1583 2107 Duplex
1610 2076 1691 2110 ergo
1719 2064 1764 2100 est
1778 2068 1895 2100 animae
1907 2067 2032 2109 lapsus..
2061 2065 2132 2101 Pri·

1246 2122 1302 2147 mo
1324 2112 1410 2151 lapsa
1435 2112 1480 2144 est
1508 2115 1527 2143 a
1556 2114 1631 2147 Deo
1659 2115 1699 2146 ad
1729 2116 1863 2156 seipsam
1885 2139 1897 2155 ,
1925 2116 2039 2148 volens
2063 2116 2130 2149 effe

1245 2159 1289 2193 sui
1319 2159 1402 2203 Juris
1423 2184 1433 2200 ,
1462 2160 1634 2204 quomodo
1662 2163 1755 2196 Deus
1772 2186 1783 2202 ‚
1810 2163 2008 2206 proprioque
2037 2163 2133 2198 bono

1245 2209 1395 2242 deletftari
1421 2220 1458 2242 ac
1485 2210 1662 2251 beatificari
1685 2224 1694 2254 3
1732 2212 1877 2249 secundo
1903 2213 1993 2256 lapsu
2018 2237 2030 2252 ‚
2070 2214 2130 2257 qui

1246 2260 1359 2302 utique
1382 2270 1476 2302 poena
1500 2261 1615 2304 prioris
1638 2261 1706 2301 est,
1733 2261 1822 2305 lapsa
1846 2261 1892 2296 est
1917 2262 1935 2296 ὲ
1956 2263 2130 2306 semetipsa

1245 2308 1284 2343 ad
1308 2320 1412 2343 totam
1438 2310 1686 2346 multitudinem
1712 2310 1876 2346 bonorum
1906 2313 2129 2352 exteriorum,

1245 2357 1481 2392 beatitudinem
1504 2361 1595 2394 suam
1611 2361 1645 2394 in
1659 2360 1798 2404 ungulis
1810 2372 1956 2405 quaerens
1967 2386 1979 2401 ‚
2004 2373 2041 2395 ac
2056 2362 2131 2396 nus.

1245 2419 1343 2452 quam
1364 2409 1534 2445 inveniens
1555 2435 1561 2442 .
1598 2409 1686 2445 Cum
1707 2410 1798 2445 enim
1827 2410 1932 2454 primo
1961 2411 2049 2454 lapsu
2072 2410 2132 2445 bo·

1246 2470 1324 2493 num
1349 2457 1535 2493 beatificum
1561 2461 1710 2493 amisisset
1736 2483 1747 2499 ,
1775 2470 1879 2504 neque
1901 2461 1935 2494 in
1959 2460 2058 2502 seipsa
2082 2472 2130 2494 re·

1245 2510 1383 2553 periret,
1410 2509 1520 2543 statuit
1548 2508 1628 2543 illud
1649 2520 1741 2543 extra
1763 2510 1796 2543 se
1819 2509 1854 2543 in
1868 2510 1965 2543 bonis
1979 2510 2130 2544 adiacen-

1244 2560 1331 2593 tibus
1351 2569 1507 2604 quaerese,
1536 2559 1623 2602 quod
1638 2560 1714 2601 quia
1731 2560 1889 2603 nusquam
1902 2559 2031 2593 invenit
2046 2583 2058 2599 ,
2083 2559 2128 2595 de

1244 2620 1313 2644 uno
1337 2611 1497 2654 progreffa
1516 2609 1555 2643 ad
1584 2609 1674 2644 aliud
1699 2632 1710 2648 ,
1737 2610 1853 2644 senfim
1879 2609 2067 2643 devolvitur
2091 2610 2128 2643 in

1245 2660 1413 2704 regionem
1435 2659 1638 2703 peregrinam
1653 2683 1664 2700 ‚
1690 2657 1803 2702 ibique
1815 2671 1891 2694 cum
1903 2657 2127 2694 meretricibus

1245 2711 1442 2753 consumpto
1466 2710 1618 2744 universo
1645 2709 1869 2753 patrimonio,
1893 2707 2005 2751 idest,
2031 2708 2130 2745 detri-

1244 2769 1279 2793 to
1299 2770 1353 2802 per
1374 2759 1567 2798 meretricias
1589 2760 1783 2802 cupiditates
1795 2770 1868 2794 toto
1891 2759 2018 2795 residuo
2030 2768 2126 2794 natu·

1245 2821 1284 2845 rae
1306 2810 1417 2849 bono,
1447 2808 1580 2847 tandem
1602 2820 1665 2853 prae
1686 2810 1799 2853 inopia
1810 2809 2020 2853 compellitur
2032 2807 2073 2842 ad
2087 2808 2123 2841 fi-

1245 2860 1348 2903 liquas
1369 2870 1543 2903 porcorum
1556 2884 1566 2900 ,
1595 2859 1629 2893 id
1647 2859 1692 2893 est
1706 2883 1718 2899 ‚
1744 2859 1779 2892 in
1791 2869 1952 2894 extremas
1963 2857 2123 2892 faeditates

1244 2910 1425 2944 facinorum
1448 2920 1731 2953 quorumcumque
1753 2920 1792 2943 ac
1803 2907 2027 2953 flagitiorum.
2054 2907 2126 2942 Hic

1242 2962 1352 3002 itaque
1375 2961 1480 3003 lapsus
1502 2971 1571 2994 non
1597 2959 1642 2996 est
1667 2959 1757 2993 aliud
1783 2983 1793 2999 ,
1819 2970 1918 3002 quarn
1943 2957 2125 2992 voluntatis

1241 3021 1279 3043 ac
1301 3012 1421 3044 amoris
1445 3010 1568 3049 nostri,
1594 3008 1696 3053 quiin
1710 3009 1781 3042 solo
1794 3009 1893 3049 Deo,
1920 3018 1995 3043 vero
2008 3008 2125 3050 utique

1241 3058 1394 3098 beatifico
1418 3060 1530 3100 bono,
1556 3069 1646 3093 totus
1668 3060 1755 3094 fixus
1767 3069 1805 3092 ac
1817 3059 1946 3100 quietus
1958 3066 2051 3096 erat,
2075 3056 2125 3090 di·

1239 3110 1366 3144 stractio
1388 3111 1420 3144 ὃς
1445 3109 1560 3144 divisio
1572 3110 1605 3142 in
1619 3109 1806 3143 voluntates
1820 3119 1857 3142 ac
1873 3118 2000 3142 amores
2012 3106 2126 3140 infini-

1239 3170 1311 3201 tos,
1339 3162 1461 3203 eosque
1483 3161 1571 3195 ruore
1597 3158 1671 3193 irati
1694 3158 1817 3196 maris,
1843 3156 2016 3192 adversum
2041 3155 2127 3190 invi-

1238 3221 1308 3244 cem
1324 3212 1555 3248 exaestuantes‚
1584 3208 1792 3251 invicemque
1803 3207 2020 3243 collidentes.
2049 3205 2124 3242 Ele·
2143 3196 2182 3254 [ιζ
2209 3210 2240 3234 1.
2259 3198 2307 3234 δὲ

1239 3268 1353 3304 ganter
1375 3258 1440 3294 hoc
1474 3258 1626 3294 describit
1648 3257 1855 3302 Augustinus
1875 3257 1918 3291 fic
1944 3256 2056 3290 dicens
2080 3254 2122 3291 ad
2142 3247 2252 3304 {Ab-es·

1241 3309 1427 3344 Evodium.
1455 3315 1541 3343 Num
1562 3308 1616 3349 ista
1626 3306 1692 3350 ipsa
1699 3316 1791 3349 poena
1801 3316 1908 3349 parva
1918 3306 2120 3346 existimanda
2143 3297 2237 3331 arbit.

1238 3359 1276 3400 est
1291 3384 1302 3400 ,
1329 3361 1405 3402 quod
1414 3365 1524 3394 animae
1537 3358 1629 3392 libido
1639 3359 1816 3392 dominatur
1829 3382 1839 3398 ,
1867 3354 2172 3399 exspoliatamque&
2185 3357 2242 3384 11.

1242 3415 1371 3446 virtutis
1391 3412 1561 3451 opulentia,
1582 3417 1641 3456 per
1663 3406 1787 3451 diversa
1809 3413 1924 3449 inopem
1949 3413 2036 3452 atque
2045 3406 2126 3442 indi·

1235 3469 1356 3508 gentem
1377 3459 1473 3497 trabit
1484 3485 1496 3503 ,
1520 3468 1598 3496 nunc
1612 3456 1700 3505 falsa
1721 3466 1779 3501 pro
1790 3462 1871 3493 veris
1883 3454 2097 3501 approbantem
2109 3478 2123 3497 ,

1997 3516 2074 3543 mmG
