2384 3770
524 212 550 218 ,
586 166 674 218 SA
711 179 806 212 wc
840 163 1091 218 τιῑ-ςΑ-,υ
1127 176 1156 207 G

1193 176 1275 215 us
1310 175 1336 205 τ
1371 174 1533 211 1-vN,-1.

1952 173 2022 223 77

255 253 404 295 ,arianum
415 272 427 291 ,
442 256 486 288 sui
506 247 563 292 ips
575 250 702 287 concilio
714 245 878 295 prefino
885 242 1134 290 prestaretsuam
1199 253 1294 289 porro
1317 241 1412 286 hujus
1429 242 1568 278 canonis
1578 242 1674 278 fuisse
1686 243 1826 289 primurn
1840 245 2063 291 praevaricato.

253 299 474 346 presentiam:
500 300 747 345 ,QuiEbagnius
771 300 901 335 veniens
920 292 1133 338 carthaginem
1197 305 1264 331 rem
1291 304 1470 338 numquam
1489 292 1656 329 credidero
1675 316 1682 329 ,
1708 295 1884 337 εεωῃᾱὸ,
1907 295 2058 340 quamvis

257 362 422 396 magnam,
448 352 571 385 audivit
590 352 611 386 a
635 348 777 389 campolo
798 346 880 381 urbis
892 344 980 388 ipfius
997 345 1135 385 Antistite

255 402 391 445 ⁴Beatum
415 400 602 445 Augustorum
624 408 664 441 eat
684 396 734 430 boc
757 397 868 436 mundo
877 395 1012 438 migrasse
1022 395 1069 427 ad
1079 397 1134 426 Do-

259 454 393 490 minum.
421 454 552 493 Acceptis
575 448 616 484 ab
635 458 668 481 eo
686 448 731 480 ad
752 450 971 488 &iaperatorem
990 446 1085 478 literis
1094 446 1134 477 lo-

224 544 226 549 y
260 501 419 543 quentibus
435 502 474 537 de
498 498 578 536 obitu
598 498 681 535 beati
693 497 866 541 Augusttni‚
893 494 1136 537 Constantinopo-

90 788 173 835 Cap.
189 796 244 835 42.

118 1442 246 1494 A-430.

90 1873 154 1919 Ep.
168 1871 244 1914 180.

111 3062 189 3110 Cap-
205 3062 238 3103 8.

112 3429 191 3474 Cap.
205 3439 237 3479 3.

260 552 338 592 Ilm,
363 551 441 588 unde
461 556 613 589 venerat,
637 549 728 581 rediit
742 571 749 578 .
775 547 843 584 Pro
869 547 1013 588 Campolo
1027 545 1135 589 legen-

262 599 344 638 dum
364 601 408 637 est
418 600 561 641 capreolo
574 622 582 629 -
604 597 701 633 Patet
712 595 745 631 id
758 606 830 636 tum
841 608 882 631 ex
894 595 1137 640 elegantissimis

261 648 475 694 synodalibus
496 647 619 688 literis,
644 658 724 692 quas
746 647 898 686 adversus
913 645 1059 680 Nestorii
1072 655 1136 688 per-

261 699 374 737 fidiam
399 698 440 734 ad
462 698 663 744 Ephesmum
685 697 880 736 Concilium
891 695 982 731 dedit
994 694 1135 739 Capreo·

263 751 334 794 lus,
360 757 432 787 tum
455 759 499 783 ex
519 747 700 784 Vincentio
722 748 883 783 Lirinensi
897 771 908 787 ,
934 744 1135 788 quificdicit

262 800 306 837 de
325 799 389 838 isto
410 798 587 835 Concilio.
614 802 691 833 Cum
716 798 791 832 ledia
801 798 864 841 efflet
882 795 1135 839 sanHiCapreoli

261 848 403 897 Episcopi
425 848 667 893 Carthaginensi}
692 847 824 890 Epistola
838 872 849 887 ·⁷
873 847 966 881 Huic
991 845 1136 889 Capreo-

254 901 300 935 Jo
331 899 477 937 succeffit
501 898 758 948 Qodvultdeus
779 921 790 938 ,
822 897 863 936 ad
895 905 993 938 quern
1030 894 1136 931 adbuc

250 949 404 994 „ejusdem
422 950 568 986 Ecclefiae
589 949 779 987 Diaconum
794 946 913 990 scripsit
923 945 1137 990 Augustinus

262 1000 384 1036 librum
406 999 448 1037 de
467 999 666 1039 Haerefibus.
695 998 789 1032 Patet
815 997 849 1031 id
876 1007 917 1030 ex
943 996 1053 1034 sansto
1076 994 1135 1029 Vi-

263 1052 351 1086 &ore
379 1049 542 1094 Episcopo
565 1048 719 1089 Uticensi
740 1071 751 1089 ‚
777 1048 834 1093 qui
861 1045 1136 1094 Qodvultdeum

263 1100 477 1146 Carthaginis
498 1099 697 1146 Episcopum
718 1098 801 1132 dicit
823 1098 842 1132 a
862 1097 1044 1131 Genserico
1070 1106 1135 1130 nu⁶

256 1151 347 1187 ,dum
368 1160 466 1192 atque
491 1149 709 1193 exspoliatum
730 1150 792 1182 effe
818 1148 981 1186 detrusum
1009 1148 1044 1180 in
1071 1146 1135 1179 exi-

263 1201 348 1235 lium
376 1213 384 1233 ε
423 1198 526 1243 idque
549 1200 653 1234 Anno
672 1197 794 1233 Christi
816 1207 895 1245 439.
919 1206 954 1231 ut
975 1207 1043 1231 tam
1071 1197 1136 1230 san·

263 1252 334 1285 &us
350 1250 491 1292 Prosper
512 1260 610 1292 quam
637 1247 853 1288 Marcellinus(
874 1246 1036 1287 affirmant
1058 1270 1069 1287 ,
1095 1257 1137 1280 eo

261 1310 408 1343 namque
425 1309 514 1335 anno
539 1298 629 1341 prius
657 1298 743 1331 venit
755 1296 924 1341 Carthago
949 1297 986 1331 iu
1000 1297 1137 1339 potesla-

264 1359 333 1389 tem
354 1348 592 1385 Barbarotum.
619 1347 763 1387 Proinde
789 1347 893 1391 lapsus
913 1346 960 1381 est
982 1346 1037 1379 hic
1052 1345 1136 1380 Car-

255 1399 387 1438 .dinalis
407 1399 568 1433 Batonius
589 1421 601 1438 ‚
639 1396 682 1432 fic
710 1395 848 1432 scribens
871 1396 915 1432 de
935 1397 1046 1431 sansto
1072 1396 1136 1430 Ca-

254 1450 380 1495 „preolo
402 1474 410 1482 .
450 1450 576 1489 Succeffit
598 1447 647 1483 hic
671 1448 884 1493 ,Quodvultdeo
907 1471 919 1487 ‚
946 1451 998 1489 qui
1023 1447 1138 1480 Aurelio

255 1499 365 1545 fuerat
375 1497 571 1542 subrogatus.
599 1499 680 1532 Hoc
701 1497 797 1541 plane
820 1497 938 1535 falsum
961 1497 1007 1531 est
1023 1520 1031 1529 .
1062 1497 1135 1530 Ete-

255 1552 337 1590 Jsim
355 1550 536 1592 Capreolus
557 1548 638 1587 sedit
651 1547 853 1593 Carthagine
864 1547 1045 1590 Episcopus
1057 1556 1136 1580 tem-

256 1598 515 1644 We⁴Concilii
538 1597 715 1642 Ephefini,
744 1609 777 1633 at
791 1596 868 1632 vero
879 1598 1137 1645 Qodvultdeus

256 1651 391 1685 -dudum
413 1650 483 1693 post
510 1649 620 1693 pulsus
639 1649 685 1683 est
707 1648 742 1681 in
763 1648 923 1685 exilium:
953 1646 1059 1681 Debet
1083 1648 1138 1681 ita·

265 1708 329 1743 que
351 1699 516 1745 Capreolo
542 1698 721 1736 successisse
735 1722 746 1739 ,
772 1710 840 1732 non
851 1708 925 1734 eum
938 1697 1135 1741 praeceffiffe.

264 1750 377 1786 Credo
405 1750 587 1786 Batonium
612 1750 784 1794 deceptum
805 1748 899 1783 fuisse
917 1759 958 1782 ex
969 1746 1056 1783 hisce
1070 1749 1137 1782 Au-

256 1800 391 1845 gustini
421 1800 527 1837 verbis
551 1799 592 1835 ad
620 1801 766 1834 sanctum
779 1800 992 1834 Honoratum
1006 1797 1136 1840 Episco-

264 1861 343 1897 pum
369 1849 615 1893 Thianensem.
643 1849 800 1882 charitati
825 1857 887 1883 tuae
905 1848 983 1892 miffo
1005 1848 1136 1891 exemplo

263 1901 424 1943 Epistolae,
452 1912 544 1947 quam
558 1899 661 1942 fratri
682 1901 899 1943 ,Quodvultdeo
920 1897 1011 1939 nostro
1035 1901 1135 1940 Coepi·

263 1949 344 1992 scopo
363 1948 461 1991 scripsi*
477 1974 488 1989 ,
509 1950 666 1991 ‘putabam
697 1961 742 1982 me
765 1961 849 1985 onere
869 1949 988 1991 caruisse
1011 1971 1022 1987 ‚
1059 1949 1138 1989 quod

267 1998 342 2031 mihi
363 1996 520 2039 imposuisti
536 2022 544 2030 .
582 1997 715 2033 Putavit
737 2021 748 2036 ,
784 1997 919 2040 inquam
940 2021 951 2036 ‚
978 1996 1135 2030 Batonius

266 2047 542 2095 Qodvultdeum
570 2046 680 2081 sedisse
703 2045 907 2090 Carthagine
934 2046 1136 2089 Episcopum

265 2097 373 2130 adhuc
401 2096 590 2140 Augustino
603 2095 680 2128 vivo
691 2119 702 2135 ,
730 2095 928 2137 Capreolum
945 2105 1055 2127 autern
1071 2097 1135 2127 Au-

263 2146 398 2191 gustino
423 2145 489 2188 jam
517 2153 671 2178 mortuo:
700 2142 862 2186 Adeoque
889 2142 979 2176 hunc
1007 2142 1133 2176 istisuc·

264 2195 400 2230 ceffifl'e.
426 2194 474 2231 At
499 2202 597 2228 errat.
631 2192 763 2227 Etenim
784 2193 842 2227 iste
856 2191 1134 2237 AugustiniCoe·

264 2246 415 2290 piscopus
443 2242 699 2291 Quodvultdeus
710 2254 777 2276 non
790 2243 851 2276 fuit
866 2243 1044 2286 Episcopus
1058 2242 1133 2276 Car-

264 2293 467 2339 thaginenfis
489 2316 501 2333 ,
526 2293 582 2327 sed
609 2292 787 2335 Episcopus
810 2292 1057 2331 Centuriensis,
1084 2304 1134 2326 cu·

264 2344 316 2388 jus
333 2343 439 2379 cauffa
464 2342 600 2378 discussa
625 2352 664 2375 ac
692 2344 815 2386 agitata
842 2340 904 2374 fuit
929 2341 962 2373 in
979 2341 1135 2376 Concilio

263 2392 485 2428 Milevitano.
511 2391 746 2426 Hallucinatur
773 2391 853 2425 item
879 2390 1063 2430 Baronius,
1088 2401 1132 2427 at-

265 2453 331 2487 que
350 2454 392 2477 ex
413 2441 482 2487 ipso
499 2441 671 2476 severinus
695 2438 809 2475 Bihius
830 2442 865 2475 in
891 2441 954 2474 suis
966 2440 1006 2475 ad
1019 2442 1132 2475 secun·-

264 2491 346 2527 dum
358 2490 619 2535 Carthaginense
644 2489 840 2525 Concilium
862 2490 969 2531 notis,
996 2489 1075 2526 dum
1098 2491 1131 2526 in

263 2541 373 2577 sedem
395 2540 688 2585 Carthaginensem
710 2540 884 2588 intrudunt
905 2541 1020 2585 'nescio
1031 2552 1130 2586 quem

262 2590 452 2628 Genedium
466 2615 476 2632 ‚
500 2591 682 2635 dicuntque
702 2601 776 2624 eum
802 2591 876 2639 jam„
892 2590 971 2626 Seni
996 2591 1133 2626 Aurelio

263 2642 358 2677 fuisse
378 2641 566 2677 ordinatum
578 2641 819 2684 Coepiscopum
829 2665 841 2683 ‚
860 2639 1038 2684 §uomodo
1050 2642 1131 2676 olim

264 2692 403 2727 Valerio
429 2691 532 2726 fuerat
549 2690 759 2726 coordinatus
784 2687 1011 2736 Augustinus.
1037 2690 1130 2729 Tota

264 2742 350 2777 ratio
372 2751 485 2777 eorum
507 2740 551 2775 est
567 2765 578 2782 ,
604 2739 725 2784 quiain
737 2740 827 2776 dicto
837 2740 998 2786 Concilio
1012 2741 1132 2787 legitur

264 2791 435 2826 Genedius
447 2790 620 2837 praesediffe
633 2814 644 2831 ‚
669 2789 759 2835 quod
772 2789 966 2835 utiquenon
979 2801 1107 2836 poterat
1120 2817 1130 2833 ,

263 2843 323 2876 nifi
347 2842 454 2876 fuisset
474 2837 654 2884 Episcopus
678 2837 966 2886 Carthaginensis.
992 2845 1042 2877 At
1053 2844 1131 2879 dico

263 2893 326 2926 effe
351 2901 471 2925 meram
489 2889 634 2926 fabulam
656 2915 663 2921 .
690 2890 826 2930 Primo,
853 2891 930 2931 quia
951 2891 1030 2926 tales
1052 2892 1130 2931 vivo

262 2940 371 2977 adhuc
394 2941 558 2987 Episcopo
579 2940 899 2984 superordinationes
910 2940 1130 2978 fuerunttunc
1155 2973 1157 2975 ,

262 2996 299 3028 in
320 2991 432 3025 Africa
460 2990 650 3036 rigidiffime
676 2989 849 3034 prohibitae
871 3015 878 3022 .
907 2990 1000 3024 Patet
1028 2992 1061 3026 id
1088 2986 1135 3030 eir
1168 3008 1171 3012 ·

261 3042 372 3079 fausto
392 3040 536 3077 Possidio
547 3065 558 3080 ,
586 3041 642 3085 qui
656 3040 696 3075 fic
707 3041 790 3075 dicit
803 3040 844 3075 de
856 3041 965 3073 sansto
978 3042 1128 3085 Augusti-

261 3104 308 3128 no
318 3117 326 3126 .
353 3093 448 3135 ,Quod
467 3096 499 3123 in
507 3089 603 3134 seipsi»
609 3089 708 3133 postea
716 3090 787 3133 fieri
797 3101 855 3123 non
867 3090 989 3132 debuisse
1002 3115 1012 3131 ‚
1036 3101 1071 3124 ut
1082 3098 1129 3126 vi-

261 3154 300 3177 vo
316 3139 369 3185 suo
388 3139 531 3184 Episcopo
550 3141 740 3174 ordinaretur
754 3165 765 3181 ‚
790 3143 825 3175 (a
845 3141 926 3172 dixit
946 3143 980 3174 (τ
988 3139 1101 3183 scripsit
1115 3167 1126 3183 ‚
1142 3160 1143 3167 κ

256 3200 380 3236 propter
405 3193 527 3225 concilii
550 3188 732 3233 universalis
746 3197 893 3229 veritum,
919 3191 997 3232 quod
998 3193 1069 3232 jam
1082 3197 1143 3236 or-‚'

260 3244 383 3276 dinatus
405 3242 531 3274 didicit.-
562 3245 629 3274 Nec
654 3241 735 3283 quod
748 3238 804 3282 fibi
818 3240 937 3282 sallum
948 3241 998 3283 effe
1010 3242 1122 3282 doluit,
1139 3241 1141 3249 '

260 3294 329 3325 aliis
347 3291 414 3335 fieri
435 3291 547 3325 voluit.
575 3291 659 3324 Unde
683 3295 775 3325 eriam
779 3288 913 3335 sategit,
939 3299 973 3322 ut
985 3293 1140 3331 conciliisi

259 3342 477 3383 constitueretur
487 3338 698 3383 Epiftoporum
708 3362 717 3378 ‚
747 3340 786 3373 ab
798 3340 1027 3374 ordinatoribus
1040 3342 1123 3375 debe·
1136 3333 1139 3346 ¹

259 3403 292 3426 re
314 3391 501 3425 ordinandis
520 3391 573 3425 vel
591 3392 750 3424 ordinatis
762 3395 891 3424 omnium
897 3390 1013 3429 statuta
1024 3394 1122 3425 Sacer-

259 3443 361 3476 dotum
378 3446 410 3475 in
421 3445 559 3475 notitiam
570 3440 620 3483 effe
629 3439 792 3481 deferenda
803 3466 809 3473 .
837 3441 1002 3475 statutum
1013 3441 1044 3475 id
1058 3443 1121 3475 fuit

258 3492 294 3528 in
324 3491 421 3527 tertio
450 3490 608 3526 Concilio
632 3490 881 3535 Carthaginensi
898 3513 906 3522 .
945 3490 1118 3527 Aurelium

1197 345 1366 385 Genedius
1379 344 1490 379 fuisset
1505 340 1878 388 AureliiCocpiscopus‚
1897 345 2059 382 debuisset

1196 403 1305 432 tamen
1318 394 1474 432 Aurelius
1491 391 1597 428 sedere
1607 404 1644 428 ac
1656 393 1853 430 sententiam
1864 395 1971 430 dicere
1981 405 2060 431 ante

1192 445 1318 488 ipsum:
1347 443 1394 479 At
1422 442 1500 483 vero
1512 443 1668 477 Aurelius
1689 442 1735 476 ibi
1751 442 1833 477 sedit
1845 455 1881 481 ac
1891 444 1976 479 dixit
1988 444 2060 489 post

1197 494 1401 531 Genedium:
1428 494 1565 531 Clarum
1584 503 1665 538 ergo
1687 492 1756 534 est,
1781 503 1860 530 eum
1887 505 1955 529 non
1966 495 2062 529 fuisse

1196 545 1328 583 Aurelii
1340 544 1599 588 Coepiscopum.
1625 542 1720 591 Qid
1732 542 1839 586 ergo?
1864 541 2065 587 Respondeo

1197 594 1303 638 primo
1314 620 1326 636 ,
1353 595 1505 640 pleraque
1516 594 1674 630 Africana
1686 591 1828 628 concilia
1841 615 1853 632 ,
1878 594 1926 630 uti
1938 593 1973 631 ὅς
1985 595 2065 628 mul·

1196 655 1228 681 ta
1255 646 1318 680 alia
1333 670 1345 686 ,
1369 645 1432 679 effe
1449 643 1671 690 miserabiliter
1692 641 1828 677 distorta
1840 652 1878 676 ac
1889 640 2066 687 permixta.

1199 695 1247 728 Ex
1274 695 1404 734 duobus
1429 704 1487 734 aut
1508 693 1865 739 tribusquandoquefit
1876 703 1999 735 unum;
2025 704 2067 727 ex

1197 756 1265 779 uno
1286 745 1371 779 fiunt
1394 745 1484 789 plura
1504 756 1514 787 ;
1542 745 1790 787 frequenterque
1817 742 1963 777 turbatur
1983 742 2069 777 ordo

1196 807 1362 830 canonum
1384 807 1422 829 ac
1442 794 1700 843 Episcoporum.
1727 794 1772 829 Et
1797 792 1841 828 ita
1865 792 1984 827 fastum
2005 793 2070 827 effe

1197 847 1304 888 potuit
1330 846 1365 879 in
1392 845 1454 880 hac
1480 845 1623 889 praesenti
1649 844 1787 891 Synodo
1798 840 2068 887 Carthaginensi.

1198 896 1286 930 Dico
1306 896 1414 939 itaque
1430 890 1619 932 Genedium
1640 894 1752 934 nescio
1775 893 1868 941 cujus
1878 892 1967 928 Sedis
1981 892 2071 936 Epis-

1195 957 1317 988 copum
1337 946 1396 980 ista
1414 945 1520 980 forsan
1544 944 1819 982 rationeinistius
1830 942 1977 978 Concilii
1990 943 2072 978 Pra-

1196 995 1293 1029 fidem
1318 996 1382 1030 effe
1402 1005 1613 1038 promotum.
1641 994 1787 1030 Utinam
1801 992 2076 1039 viridoeiiquan-

1196 1046 1306 1087 doque
1329 1046 1525 1079 unanimiter
1536 1045 1708 1079 intendant
1721 1042 2076 1091 pleniffimaeconcilio-

1196 1106 1267 1132 rum
1288 1095 1502 1133 correctioni.
1532 1093 1729 1138 Respondeo
1750 1093 1915 1135 secundo,
1939 1104 1999 1137 pro
2009 1092 2082 1128 Ge·-

1198 1146 1298 1183 nedio
1319 1145 1452 1181 forsitan
1478 1143 1654 1189 legendum
1667 1144 1729 1179 effe
1740 1142 1956 1179 Genethlium
1969 1167 1981 1185 ,
2007 1142 2079 1177 Au·

1198 1196 1269 1231 relii
1290 1196 1324 1231 in
1345 1194 1427 1229 Sede
1453 1193 1703 1240 Carthaginensi
1716 1194 1903 1238 proximum
1915 1192 2077 1237 praeceffo·

1204 1257 1288 1281 rem.
1310 1244 1483 1284 Mensurio
1505 1256 1646 1290 namque
1667 1245 1789 1285 ultimo
1801 1243 2012 1288 Carthaginis
2024 1253 2078 1286 pa-

1198 1296 1296 1331 cifico
1317 1296 1482 1340 Episcopo
1503 1295 1719 1335 successerunt
1748 1294 1988 1330 Caecilianus&
2006 1293 2078 1327 Ma-

1187 1344 1324 1393 'jocinus
1335 1359 1350 1388 ;
1365 1344 1427 1395 ‘his
1441 1346 1549 1385 Rufus
1561 1357 1598 1380 ac
1610 1346 1764 1381 Donatus
1778 1355 1918 1390 magnus
1930 1368 1940 1384 ,
1950 1343 2077 1379 etenim

1200 1397 1342 1431 assentiri
1368 1407 1437 1433 non
1461 1397 1591 1441 possum
1603 1396 1800 1431 Dostissimo
1814 1395 1963 1431 Ecclefiae
1975 1394 2079 1428 Aure-

1201 1447 1349 1481 iianenfis
1372 1446 1536 1491 Episcopo
1548 1446 1696 1481 Gabrieli
1718 1445 1937 1491 Albaspineo‚
1964 1443 2021 1479 ubi
2040 1443 2077 1491 iu

1200 1496 1264 1534 suis
1290 1497 1332 1530 ad
1353 1497 1497 1532 {austum
1520 1499 1683 1541 Optatum
1698 1496 1932 1534 Milevitanum
1945 1495 2079 1538 Episco-

1201 1558 1279 1591 pum
1291 1547 1535 1590 praeclariffirnis
1556 1545 1837 1587 observationibus
1847 1546 1893 1580 ait
1906 1544 2078 1591 Majorino

1200 1597 1349 1641 proxime
1375 1597 1552 1631 succeffisse
1578 1598 1752 1632 Donatum
1780 1597 1798 1630 a
1826 1596 1917 1630 Casis
1936 1593 2076 1639 Nigris;

1200 1647 1250 1686 his
1262 1648 1435 1682 successere
1447 1648 1568 1683 Gratus
1579 1648 1611 1681 ὅ(
1624 1646 1883 1688 Parmenianus;
1909 1644 1961 1679 his
1972 1645 2078 1679 Gene-

1200 1697 1301 1733 thlius
1312 1708 1348 1732 ac
1361 1697 1547 1734 Primianus
1559 1721 1570 1738 ,
1594 1695 1777 1737 Genethlio
1793 1694 1947 1730 Aurelius
1959 1696 2080 1730 succes-

1201 1747 1257 1788 fit,
1290 1747 1460 1783 Primiano
1471 1758 1584 1787 autem
1598 1747 1726 1784 nullus:
1755 1747 1807 1787 Eo
1819 1744 1907 1791 quod
1917 1746 1987 1789 post
2001 1744 2081 1779 Car·

1198 1797 1428 1843 thaginensem
1459 1799 1685 1833 collationem
1719 1796 1903 1833 Donatistae
1923 1795 2080 1838 Episcopi

1199 1851 1240 1883 de
1265 1847 1331 1883 suis
1347 1847 1468 1893 ubique
1494 1849 1640 1883 Bafilicis
1653 1848 1804 1892 perleges
1815 1845 1999 1892 Imperiales
2010 1846 2079 1880 fue·

1199 1900 1265 1938 rint
1286 1899 1403 1936 extrusi
1422 1922 1434 1938 ‚
1463 1899 1644 1946 privatique
1670 1899 1764 1932 omni
1790 1896 1946 1932 facultate
1971 1906 2078 1930 novos

1201 1947 1381 1990 Episcopos
1419 1948 1454 1981 in
1493 1958 1697 1981 mortuorum
1724 1945 1811 1980 sedes
1839 1945 2075 1981 substituendi.

1199 1997 1406 2042 Qapropter
1424 1997 1523 2033 etiam
1539 1996 1658 2031 labitur
1670 1996 1861 2035 Franciscus
1872 1995 2079 2036 Balduims,

1201 2048 1279 2080 dum
1292 2046 1460 2081 primiano
1475 2046 1651 2086 successisse
1664 2057 1755 2089 putat
1769 2047 1957 2089 Ianuarium
1969 2045 2078 2086 istum,

1199 2093 1240 2127 ad
1261 2104 1356 2137 quem
1373 2095 1502 2127 exstant
1527 2094 1671 2138 quaedarn
1686 2095 1836 2138 Epistolae
1851 2097 1950 2131 sanai
1963 2096 2078 2141 Augu-

1201 2143 1292 2176 stini.
1320 2142 1434 2177 Palam
1463 2154 1604 2188 namque
1625 2145 1670 2183 est
1700 2144 1796 2179 istum
1808 2145 1998 2187 Ianuarium
2010 2158 2078 2181 una

1199 2203 1274 2227 cum
1313 2193 1484 2228 Primiano
1522 2194 1620 2228 fuisse
1646 2193 1826 2233 primatem
1853 2195 2076 2239 Episcopum:

1200 2243 1375 2277 primatem
1414 2244 1582 2278 Numidiae
1608 2269 1619 2285 ,
1657 2255 1862 2287 nequaquam
1898 2244 2077 2281 Primatem

1201 2291 1512 2337 Carthaginensem.
1544 2294 1756 2337 Atinquies‚
1782 2295 1987 2342 Curergoin
1998 2296 2077 2331 ac‘tis

1199 2343 1402 2376 Collationis
1436 2342 1703 2387 Carthaginenfis
1729 2344 1850 2388 affidue
1873 2346 2075 2390 praeponitut

1199 2393 1395 2426 primiano?
1422 2393 1620 2437 Respondeo
1642 2405 1683 2428 ex
1699 2393 1819 2429 eisdem
1833 2395 1938 2438 palam
1952 2396 2077 2431 consta·

1199 2453 1230 2475 re
1257 2441 1479 2484 primianum,
1508 2455 1575 2477 non
1597 2445 1786 2487 Januarium
1811 2445 1991 2479 fuissetum
2005 2445 2078 2481 Do-

1201 2492 1389 2528 natistarum
1412 2491 1707 2538 Carthaginensem
1733 2493 2077 2539 Archi-Episcopum,

1197 2552 1296 2587 atque
1317 2543 1416 2579 etiarn
1442 2543 1581 2583 inomni
1595 2544 1707 2579 Africa
1720 2545 1972 2580 istiusfactionis
1983 2544 2077 2580 Prin-

2121 1576 2200 1623 Cap.
2216 1588 2244 1629 3.

1196 2593 1304 2637 cipem
1330 2587 1544 2633 universalem
1558 2619 1565 2628 .
1597 2593 1692 2629 Patet
1715 2606 1757 2629 ex
1779 2594 1866 2630 hisce
1891 2595 1995 2630 verbis
2016 2594 2076 2630 Vi·
2093 2614 2140 2651 N.
2166 2624 2246 2656 20¹·

1190 2643 1293 2687 {ioris
1310 2643 1466 2688 Episcopi
1488 2643 1726 2682 Tabborenfls.,
1753 2644 1942 2688 Susceperam
1953 2646 2074 2688 quidem

1198 2694 1373 2727 mandatum
1390 2718 1400 2734 ,
1420 2693 1477 2737 sed
1496 2700 1566 2742 quia
1580 2695 1766 2735 Beatiffimus
1779 2698 1873 2729 Pater
1883 2697 1916 2729 (5
1930 2698 2075 2738 Princeps

1196 2742 1288 2784 noster-
1312 2740 1490 2786 Primianui,
1511 2755 1589 2782 nunc
1599 2743 1723 2790 suscepit
1736 2769 1747 2785 ,
1773 2756 1819 2779 me
1829 2747 1931 2788 necesse
1941 2746 1981 2787 est
1990 2757 2073 2778 man-

1194 2792 1345 2827 daresbis
1359 2794 1440 2828 *811
1451 2800 1469 2828 .”·
1486 2795 1657 2838 Ianuarius
1685 2795 1742 2829 iste
1767 2796 1829 2829 fuit
1843 2795 2023 2838 Episcopus
2034 2796 2072 2830 in

1195 2842 1287 2879 Casu
1307 2844 1517 2890 Nigrisy'uti
1547 2845 1653 2889 palam
1666 2855 1755 2889 patet
1765 2857 1805 2882 ex
1819 2845 2071 2881 Donatistarum

1193 2894 1234 2929 ad
1262 2890 1355 2928 suum
1383 2891 1573 2933 mandatum
1600 2895 1912 2938 subscriptionibus,
1931 2906 2011 2939 quas
2034 2895 2071 2929 in

1183 2940 1386 2987 conatione
1424 2945 1575 2979 recitavit
1601 2945 1711 2983 Scriba
1731 2945 1931 2983 Rufinianus
1953 2969 1962 2978 .
2001 2944 2070 2979 Ve-

1193 2993 1264 3029 rum
1290 3006 1347 3029 cut
1374 2994 1496 3039 ubique
1524 2995 1715 3034 subscribit,
1742 3004 1933 3039 comparet,
1958 3006 1996 3029 ac
2022 2995 2069 3029 se-

1191 3045 1246 3078 det
1269 3055 1346 3079 ante
1359 3045 1451 3079 suurn
1465 3043 1649 3088 Principem
1663 3044 1891 3084 primianum?
1917 3045 2068 3088 Respon-

1189 3092 1252 3128 deo
1273 3095 1387 3129 eadem
1413 3095 1454 3129 de
1480 3096 1610 3134 caussa,
1637 3095 1683 3133 ob
1699 3106 1802 3141 fluam
1814 3095 1935 3139 ubique
1948 3105 2068 3140 praepo·

1190 3146 1280 3178 nitur
1307 3145 1412 3178 Felici
1435 3144 1685 3179 Donatistarum
1710 3145 1876 3189 Epispopo
1888 3144 2064 3182 Romano.

1190 3194 1371 3229 Donatistae
1395 3194 1505 3233 enirn,
1535 3195 1694 3236 quoniam
1720 3195 1788 3229 fine
1813 3196 1975 3230 Romanae
2000 3194 2067 3230 Ca-

1187 3243 1308 3279 thedrae
1330 3244 1569 3279 communione
1591 3244 1737 3280 sciebant
1759 3245 1884 3279 nullam
1895 3246 2064 3289 posseesse

1186 3304 1294 3328 veram
1317 3292 1494 3330 Ecclesiam
1509 3317 1521 3334 ‚
1545 3294 1644 3330 etiam
1668 3294 1739 3329 illic
1760 3293 2068 3339 fibiPseudo·Epis·

1185 3354 1306 3386 copum
1324 3342 1534 3381 ordinarunt.
1561 3343 1706 3381 Proinde
1733 3343 1923 3390 Ianuarium
1941 3356 2063 3390 praepo-

1186 3394 1273 3427 suere
1297 3393 1355 3427 suo
1379 3392 1527 3437 Principi
1541 3393 1735 3435 Primiau0‚
1757 3404 1825 3429 non
1843 3395 1972 3430 ratione
1983 3394 2064 3429 emi-

1187 3443 1346 3477 nentioris
1360 3441 1532 3477 Cathedrae
1548 3467 1560 3483 ,
1586 3443 1641 3479 sed
1654 3444 1783 3479 ratione
1793 3444 1924 3488 majoris
1936 3445 1971 3479 in
1986 3443 2062 3487 Epi-

1184 3493 1320 3539 scopatu
1339 3493 1459 3528 aetatis.
1488 3492 1581 3529 Male
1605 3493 1739 3539 quidem
1765 3495 1923 3532 &contra
1935 3494 2063 3530 Africa-

1953 3552 2014 3578 nos

2084 3120 2128 3157 N·
2158 3131 2235 3173 149·
