2384 3770
81 265 202 312 Pir-¹49

75 537 140 570 cap.
178 537 192 560 1

290 124 352 154 22

250 342 388 385 positione
409 348 535 383 corporis
556 346 621 383 ejus
634 364 647 384 ‚
673 356 737 378 cum
758 345 822 379 haec
839 345 996 389 scriberem
1020 373 1031 389 ,

243 649 306 693 ipse
329 649 384 681 tibi·
401 656 458 689 per·
484 657 548 679 eum
567 645 645 687 fiam
668 648 897 679 commendatior
912 672 923 688 ,
950 659 1047 690 quam>
1067 647 1126 690 ipse

74 710 223 752 Epist.10.
240 709 353 743 perme
376 722 383 731 .
413 698 456 730 Et
478 696 612 730 iterum.
644 698 896 737 Primasetiaan,
924 709 999 739 quas
1030 700 1076 730 ad
1096 708 1125 732 te

70 772 138 804 cap.
156 773 183 797 1.

244 750 343 785 adbuc
358 747 512 790 presbyter
534 747 656 778 litteras
674 754 928 787 praeparaveram
957 749 1123 782 mittendas

239 810 296 844 per
323 800 484 842 quemdam
495 797 631 838 fratrem
654 795 778 835 nostrum
812 794 1006 837 Profuturum
1021 821 1032 837 ‚
1070 804 1124 841 qui

239 850 340 894 postea
359 850 480 892 Collega
499 846 585 881 nobis
599 845 705 888 fadus
728 845 768 886 est
788 870 800 885 ,
826 848 898 887 jam
913 859 951 881 ex
973 847 1030 880 bac
1053 855 1123 883 vita

243 905 404 945 migravit.
432 897 562 940 Scripsit
572 894 640 930 haec
653 895 863 940 Augustinus
887 897 922 929 in
944 898 1121 942 ,Episcopv

242 962 278 985 tu
291 950 399 985 adhuc
410 959 499 984 totus
509 947 635 990 juvenis
646 970 656 987 ‚
681 949 721 979 ad
733 945 829 980 hasce
841 956 982 990 namque
994 946 1120 982 litteras

241 1001 438 1045 respondens
468 999 698 1038 Hieronymus
716 996 747 1028 ei
769 995 976 1037 iuventutem
996 1008 1118 1041 expro-

241 1052 366 1087 bravit.
394 1051 470 1083 Erat
493 1044 593 1090 porro
611 1043 808 1079 Profuturus
831 1055 912 1080 tunc
934 1056 1084 1081 mortuus
1107 1073 1118 1089 ‚

239 1103 389 1145 adeoque
412 1098 492 1133 dum
514 1096 546 1129 ei
567 1094 674 1130 adhuc
689 1096 767 1128 vivo
779 1094 988 1138 Augustinus
999 1098 1116 1142 fignifi-

238 1152 327 1186 cavit
349 1159 490 1183 mortem
515 1145 656 1189 Megalii
670 1168 679 1183 ‚
703 1144 817 1178 debuit
839 1146 933 1180 fuisse
952 1145 1114 1191 adhucju·

238 1203 339 1242 nior,
364 1198 519 1242 atqueita
531 1196 645 1229 debuit
664 1194 833 1238 Megalius
855 1207 955 1238 parvo
969 1207 1115 1241 tempore

237 1252 308 1296 post
322 1250 508 1284 ordinatum
533 1244 758 1289 Augustinum
780 1246 1009 1288 supervixisse.
1038 1247 1114 1282 Por-

237 1303 277 1337 τὸ
301 1303 335 1336 in
358 1297 497 1343 Megalii
521 1296 634 1331 locum
655 1295 825 1329 ordinatus
842 1294 888 1330 est
901 1307 942 1330 ex
954 1298 1113 1343 monaste-

237 1353 288 1386 rio
302 1348 506 1394 Hipponenfi
521 1348 643 1379 sants‘tus
655 1344 836 1386 Posfidius,
864 1346 965 1392 idque
980 1372 991 1388 ‚
1019 1358 1054 1383 ut
1070 1346 1110 1383 vi-

237 1403 332 1436 detur
353 1426 362 1441 ‚
399 1409 496 1442 opera
519 1395 702 1439 Augustini
723 1419 734 1439 ,
771 1406 874 1442 atque
898 1398 986 1433 haud
1013 1398 1113 1434 dubie

236 1452 338 1487 eti-am
355 1460 451 1494 opera
474 1445 658 1482 sanc'iiffirni
682 1448 795 1482 Amici
819 1448 920 1483 nostri
944 1449 1078 1486 Aurelii
1101 1477 1112 1493 ,

236 1503 328 1545 cujus
350 1501 549 1547 propositum
571 1510 637 1534 erat
661 1510 776 1533 omnes
799 1498 974 1535 Africanas
993 1501 1112 1537 Cathe-

233 1554 306 1589 dras
329 1555 462 1596 implere
485 1550 779 1595 Augustinenfibus
806 1550 978 1585 Eremitis.
1007 1551 1112 1587 Colli-

233 1617 279 1650 go
308 1606 340 1639 id
369 1617 410 1638 ex
437 1600 620 1646 Augustini
648 1599 750 1634 verbis
789 1600 829 1634 ad
857 1600 1073 1636 Profuturum
1101 1628 1109 1636 .

233 1660 340 1689 Utrum
363 1659 519 1688 inveneris
541 1677 551 1692 ,
588 1649 764 1693 disponebas
786 1655 865 1684 enim
890 1676 901 1692 ‚
929 1650 1111 1696 succefforem

54 1676 120 1722 Ei‘·
139 1683 217 1723 149‘
232 1710 393 1740 Primatus
406 1707 469 1746 ejus
482 1728 492 1744 ‚
513 1700 716 1744 fifierapotest
726 1726 736 1741 ,
764 1702 836 1743 nosse
847 1704 987 1735 volumus
1000 1727 1007 1735 .
1022 1704 1109 1738 Con-

63 2686 123 2731 Ep.
136 2691 187 2731 92.

229 1758 292 1790 flat
306 1781 315 1795 ,
329 1767 405 1788 ecce
418 1779 427 1793 ,
444 1765 510 1787 tarn
524 1753 750 1796 Augustinum
759 1762 857 1794 quam
871 1751 1085 1788 Profuturum
1101 1779 1112 1795 ,

228 1808 347 1849 utique
368 1815 407 1836 ex
429 1803 609 1847 Augustini
635 1801 755 1836 Eremo
768 1804 965 1845 aflumptum
981 1803 1111 1846 Episco-

230 1867 332 1900 pum,
359 1852 399 1887 de
421 1862 511 1885 novo
531 1850 734 1884 Calamensis
760 1851 909 1885 Ecclesiae
936 1852 1110 1897 Episcopo

231 1905 327 1940 fuisse
339 1902 496 1938 sollicitos
509 1925 519 1940 ,
546 1909 689 1940 cumque
701 1900 728 1933 is
739 1901 835 1934 fuerit
850 1901 1014 1934 Poffidius
1025 1927 1036 1942 ,
1050 1904 1108 1937 du-

229 1956 336 1990 bitare
357 1965 426 1988 non
447 1951 573 1996 possum
587 1973 597 1988 ‚
626 1947 707 1990 quin
732 1946 916 1991 Augustini
941 1960 981 1981 ac
993 1950 1112 1983 Profu-

230 2008 318 2046 turi,
349 2014 446 2048 atque
467 1998 637 2045 praesertim
658 1994 788 2030 Aurelii
809 2006 908 2040 opera
928 1996 1026 2030 fuerit
1038 2007 1110 2040 pro-

230 2067 346 2090 motus
358 2081 365 2088 .

281 2108 328 2140 At
351 2102 471 2138 veroin
487 2098 657 2134 Numidiae
666 2095 850 2130 Primatum
863 2104 943 2130 tunc
955 2096 1109 2130 succeffit

228 2158 340 2191 Senex
363 2154 547 2197 Sylvanus‚
572 2158 669 2192 quem
696 2157 777 2190 puto
795 2147 887 2180 fuisse
908 2147 1106 2189 Episcopum

228 2205 378 2240 Ecclefiae
402 2195 621 2235 Perdicenfis.
649 2197 790 2232 Constat
812 2195 932 2240 quippe
952 2206 993 2229 ex
1004 2198 1108 2240 Syno.

229 2257 300 2291 dali
322 2250 504 2288 Cirthenfis
528 2248 654 2292 Synodi
677 2249 716 2282 ad
730 2246 921 2281 Donatistas
938 2247 1084 2290 Epistola
1097 2271 1108 2288 ,

228 2307 414 2349 Sylvanum
438 2300 525 2335 hunc
537 2298 719 2333 interfuisse
740 2297 922 2331 Collationi
937 2295 1108 2340 Carthagi-

232 2356 326 2391 :nensi
344 2379 351 2386 .
379 2352 483 2387 Porro
503 2350 578 2393 quia
599 2360 671 2382 tum
693 2346 861 2381 Numidiae
872 2347 980 2380 Senex
993 2357 1030 2380 ac
1042 2347 1108 2382 Pri·

234 2417 304 2441 mas
327 2414 416 2444 erat,
442 2399 656 2444 comparuisse
678 2398 724 2432 ibi
745 2397 842 2431 debet
865 2397 949 2431 inter
961 2397 1107 2440 primos:

234 2457 283 2490 At
295 2454 370 2489 vero
384 2453 504 2498 primus
515 2450 560 2483 ibi
572 2458 766 2492 comparens
777 2448 941 2489 Sylvanus
958 2471 969 2487 ,
994 2457 1108 2480 coram

234 2506 410 2551 cognitor-e
429 2512 536 2535 autem
549 2499 683 2533 Comite
695 2497 894 2531 Marcellino
908 2496 1107 2531 nominatim

235 2568 273 2589 ac
295 2552 493 2599 personatim
515 2558 724 2592 comparuere
745 2546 929 2581 Donatistae
939 2556 1038 2590 atque
1048 2549 1107 2582 Or-

236 2604 379 2640 thodoxi
405 2601 558 2644 Episcopi
577 2609 693 2633 omnes
707 2619 719 2640 ,
746 2597 809 2631 fuit
835 2596 1017 2640 Episcopus
1033 2595 1107 2630 Per-

238 2655 392 2690 dicenfis.
423 2652 491 2684 Hic
514 2650 559 2684 est
581 2649 638 2683 ille
658 2649 842 2691 Sylvanus,
869 2646 927 2689 qui
938 2645 1107 2680 adversum

237 2705 435 2750 Pelagianos
455 2699 564 2744 coegit
587 2698 761 2742 synodum
785 2696 1006 2731 Numidarum
1030 2696 1106 2740 Epi-

238 2759 411 2799 scoporurn
423 2750 651 2784 Milevitanam
663 2749 713 2789 ,δε
725 2748 894 2782 adversum
908 2746 1100 2781 Donatistas

238 2802 528 2848 Carthaginensem
543 2799 769 2833 Collationetn
781 2822 791 2837 ,
810 2797 844 2830 in
859 2807 922 2839 qua
935 2795 1017 2830 faede
1026 2808 1105 2830 con·

238 2857 313 2889 viffi
328 2857 453 2888 fuerant
464 2876 474 2892 ,
487 2849 724 2884 calumniantes
736 2873 745 2887 ,
758 2846 931 2888 synodum
946 2845 1105 2880 Cirthen-

239 2908 306 2940 sem
324 2930 331 2937 .
361 2904 540 2936 Primatum
563 2900 670 2943 itaque
692 2900 785 2932 suum
808 2896 965 2940 ingressus
983 2897 1026 2929 est
1049 2907 1105 2931 aut

239 2955 299 2990 sub
311 2954 408 2987 finem
421 2951 636 2984 pontificatus
648 2949 745 2983 sansti
770 2946 951 2986 Anastafii‚
978 2957 1034 2980 aut
1049 2947 1105 2980 sub

238 3003 411 3041 exordium
427 3001 638 3034 Pontificatus
656 2999 754 3033 sansti
783 2995 992 3034 innocentii,
1016 3007 1105 3043 eum-

240 3068 303 3099 que
318 3053 407 3099 geffit
421 3052 519 3095 usque
531 3049 627 3092 prope
639 3048 874 3082 Pontificatum
896 3046 994 3079 sanai
1006 3044 1102 3080 Boni>

242 3106 316 3139 faci*
332 3130 341 3145 ,
368 3113 463 3145 atque
487 3111 564 3133 tunc
582 3100 610 3132 ei
624 3099 766 3132 successit
780 3097 890 3131 nescio
912 3095 1003 3138 cujus
1017 3097 1106 3131 Sedis

243 3156 290 3198 13,
300 3156 422 3196 isco-pus
434 3149 628 3186 Valentinus
639 3174 647 3181 .
672 3149 764 3183 Patet
777 3148 808 3181 id
820 3158 860 3181 ex
875 3145 1017 3189 Epistola
1030 3158 1106 3181 con·
1130 3183 1138 3188 χ

243 3205 311 3239 ciiii
325 3201 510 3235 Milevitani
525 3198 564 3233 ad
576 3199 807 3232 Innocentium
822 3197 942 3240 Papam
956 3221 966 3237 ‚
992 3197 1105 3240 scripta

244 3253 411 3288 adversum
436 3250 653 3294 paagium,
681 3259 717 3282 ac
736 3259 776 3281 ex
801 3245 948 3289 Epistola
968 3247 1104 3281 concilii

244 3301 424 3338 Cirthensis
437 3301 473 3332 ad
488 3299 674 3333 Donatissas
689 3323 696 3330 .
726 3296 797 3330 lllic
808 3296 895 3329 enim
908 3297 976 3338 post
989 3298 1104 3332 Senem

245 3353 427 3397 Sylvanum
452 3349 569 3391 primus
594 3348 769 3391 subscripsit
792 3345 988 3380 Valentinus
1008 3373 1019 3388 ‚
1060 3358 1104 3382 ut.

245 3413 324 3448 pote
339 3402 471 3434 eiaetate
495 3399 657 3439 proximus
680 3424 690 3439 ,
716 3398 862 3438 adeoque
881 3394 911 3428 ei
930 3396 965 3429 in
987 3396 1106 3432 Prima·

245 3463 315 3487 tum
343 3450 551 3485 successurus.
580 3447 731 3485 Successit
753 3446 810 3484 sub
821 3446 921 3480 finem
933 3444 1107 3483 Pontifica-

771 109 854 156 De
890 113 1163 160 ORIGINE
1198 115 1390 161 linem
1412 129 1605 161 TARUM

215 208 218 212 ·
262 190 357 226 Patet
378 191 412 227 id
433 204 474 228 ex
494 191 579 227 hisce
603 191 782 237 Augustini
806 196 910 231 verbis
934 198 975 232 ad
990 199 1133 234 sanctum
1194 207 1246 231 tus
1265 199 1407 243 Zozymi
1431 209 1486 233 aut
1508 198 1567 233 sub
1580 197 1714 232 initium
1731 198 1952 240 pontificatus
1966 204 2071 242 Boni·

256 241 487 277 Profuturum.
515 244 608 285 ,Quod
626 246 722 276 Senex
741 246 888 289 Megalius
909 247 1134 290 defunfflusfit,

248 294 321 333 jam
342 304 395 325 vos
418 293 526 333 audzffe
554 299 622 335 quis
642 294 779 329 dubitet?
806 298 909 330 Erant
938 307 1039 332 autem
1056 301 1136 332 ade-

1068 351 1133 383 dies

245 394 348 435 ferme*
368 397 481 436 viginti
501 402 625 435 quatuor
642 420 649 427 .
675 395 808 439 Scripsit
835 396 904 431 haec
925 398 1133 442 Augustinus

133 477 139 483 .
203 474 210 486 ,
250 450 292 483 ad
309 445 518 480 Profuturum
535 444 653 485 istum,
682 445 723 478 de
747 457 814 487 quo
840 446 883 480 fic
913 448 1029 482 scribit
1048 450 1130 484 alibi

79 475 176 517 ΕΡἨ·
203 474 232 512 3¹
249 500 289 534 ad
316 498 458 531 sanstum
480 495 727 538 Hieronymum
743 520 750 527 .
782 499 1033 531 commendamus
1057 503 1132 532 Ger-

200 552 206 558 '
249 553 393 582 manitati
412 556 473 580 ruae
489 544 622 588 fratrem
640 545 836 587 Profuturum
848 570 859 585 ‚
885 559 971 589 quem
982 551 1128 592 verbpro-

242 600 381 641 futurum
406 595 563 640 speramus
583 618 593 634 ,
629 594 686 637 nisi
697 595 780 635 forte
802 598 881 637 quod
903 599 974 631 talis
995 599 1032 638 est
1056 624 1066 638 ‚
1093 610 1127 633 ut

1192 248 1290 282 facii:
1319 249 1451 284 Etenim
1465 259 1633 293 tamquam
1656 249 1823 284 Numidiae
1845 255 1961 296 primas
1974 257 2071 292 inter«

1190 297 1254 332 fuit
1275 300 1368 334 sexto
1388 301 1535 334 concilio
1556 298 1813 344 Carthaginensi
1833 307 1961 346 squod
1983 309 2069 343 circa

1189 348 1252 391 jam
1278 349 1398 384 diuum
1422 361 1550 392 tempus
1572 350 1701 384 constat
1725 351 1818 384 fuiffe
1834 353 2034 392 celebratum
2055 383 2064 391 .

1188 399 1271 432 Item
1284 409 1452 443 tamquam
1465 400 1638 434 Numidiae
1647 401 1766 443 primas
1788 403 1851 435 una
1864 413 1938 436 cum
1958 408 2068 442 Aure.

1189 449 1234 481 lio
1249 450 1370 493 scripsit
1393 451 1434 484 ad
1457 451 1655 484 Pontificem
1679 450 1911 494 Bonifatium,
1938 453 2068 500 istaeque

1188 500 1261 531 sunt
1286 501 1396 541 primae
1418 500 1515 543 ipsius
1537 498 1719 542 synodales
1739 501 1855 535 littetae
1871 527 1882 543 ‚
1925 504 2069 549 ideoque

1187 549 1320 591 planum
1341 551 1410 588 est,
1435 549 1620 584 Primatum
1645 551 1713 593 ejus
1735 552 1821 585 circa
1842 551 1909 586 haec
1921 560 2070 599 tempora

1187 599 1278 631 fuisse
1291 598 1484 634 inchoatum
1497 625 1504 635 .
1534 601 1681 634 Proinde
1694 602 1835 646 graviter
1848 613 1957 638 errant
1971 628 1982 644 ,
1994 631 1997 633 >
2009 606 2067 650 qui

1188 647 1356 682 Valentini
1382 649 1563 683 Primatum
1584 652 1711 684 faciunt
1735 650 1880 684 primatu
1902 652 2067 699 Xantippi

1187 700 1396 741 posteriorem
1412 713 1419 732 τ
1446 700 1633 743 Xantippus
1645 700 1733 734 enim
1748 702 1925 744 primatum
1939 705 2066 750 ingres-

1187 749 1316 783 susnon
1328 748 1395 787 est,
1423 751 1480 783 nisi
1495 750 1565 793 post
1591 752 1729 783 mortem
1757 751 1889 796 Alipii,
1915 754 2066 799 adeoque

1160 807 1163 811 ’
1184 810 1251 832 non
1274 800 1428 842 potuisset
1453 799 1654 834 Valentinus
1678 801 1736 834 iste
1760 812 1823 834 una
1848 813 1923 837 cum
1946 804 2067 849 Alipio

1183 859 1348 892 tamquam
1362 850 1529 884 Numidiae
1539 850 1663 884 Primas
1674 850 1854 886 interfuisse
1867 855 1959 888 sexto
1973 855 2068 890 Con-

1183 899 1262 932 cilio
1287 897 1536 944 Carthaginensi
1552 925 1559 932 .
1586 900 1753 935 Protraxit
1778 901 1875 944 porro
1900 903 1999 939 vitam
2012 907 2066 940 us-

1181 959 1245 992 que
1265 948 1305 983 ad
1329 950 1460 984 initium
1483 950 1660 985 Pontificis
1685 951 1852 986 Caelestini
1874 966 1881 985 :
1920 953 2063 991 Exstant

1180 1000 1269 1032 enim
1285 1000 1354 1042 ejus
1378 1001 1420 1035 ad
1442 1000 1675 1041 Caelestinum,
1701 1013 1739 1036 ac
1764 1002 2062 1040 Caelestinilitterae

1179 1050 1219 1082 ad
1244 1050 1352 1092 ipsum
1374 1075 1382 1083 .
1417 1052 1629 1097 Qapropter
1651 1052 1718 1094 ipse
1743 1052 1788 1085 est
1813 1053 1869 1088 ille
1892 1054 2063 1090 Numidiae

1180 1098 1307 1132 Primas
1322 1124 1332 1140 ,
1359 1101 1415 1144 qui
1428 1101 1467 1134 ad
1481 1102 1578 1136 sancti
1594 1102 1776 1146 Augustini
1792 1103 1982 1139 instantiam
1995 1116 2059 1140 ere-

1177 1150 1227 1181 xit
1241 1148 1475 1193 Episcopatum
1501 1151 1742 1190 Fuffalensem‚
1770 1153 1867 1195 eique
1892 1154 2060 1189 ordinavit

1178 1197 1318 1241 primum
1349 1199 1549 1244 Episcopum
1573 1200 1784 1233 Antonium.
1811 1201 1976 1244 lpseest,
2002 1205 2061 1247 qui

1176 1249 1364 1282 Antonium
1395 1249 1491 1282 istum
1517 1250 1604 1293 prius
1625 1248 1643 1283 a
1666 1250 1698 1283 se
1718 1249 1886 1291 justiffime
1922 1252 2059 1288 damna-

1174 1308 1243 1333 tum
1261 1324 1271 1339 ,
1298 1298 1428 1341 Versata
1454 1301 1535 1332 illius
1556 1298 1685 1342 suasione
1697 1300 1863 1341 induc‘lus,
1891 1302 1975 1346 apud
1988 1302 2056 1337 Pa-

1174 1360 1247 1392 pam
1262 1349 1474 1383 Bonifacium
1487 1350 1655 1383 excusavit
1667 1361 1704 1383 ac
1716 1353 1963 1387 commendavit
1975 1362 2069 1387 tam··

1172 1410 1268 1445 quarn
1287 1407 1367 1434 omne·
1391 1402 1475 1434 modo
1498 1401 1687 1443 inculpatum
1700 1411 1737 1434 ac
1751 1402 1838 1435 male
1848 1405 2057 1444 accusatum,

1172 1453 1323 1496 maleque
1347 1452 1550 1495 judicatum,
1578 1462 1679 1485 omne
1697 1451 1818 1485 malum
1848 1452 1931 1488 istud
1951 1455 2065 1488 refun·

1171 1502 1299 1536 dens-in
1325 1502 1550 1548 Augustinum
1566 1525 1576 1543 ,
1601 1500 1686 1535 adeo
1701 1511 1737 1535 ut
1758 1501 1975 1543 tribulatione
1994 1503 2069 1542 ista„

1173 1552 1383 1597 Augustinus
1401 1554 1558 1598 fatigatus
1582 1551 1622 1586 de
1636 1552 1834 1596 deponendo
1856 1552 2057 1598 Episcopatu

1173 1603 1324 1647 cogitarit
1345 1601 1433 1638 haud
1457 1615 1512 1646 per
1536 1604 1742 1637 transennam
1765 1628 1772 1635 .
1808 1603 1879 1646 lpse
1901 1604 1972 1644 est,
1998 1603 2060 1649 qui*

1174 1654 1258 1687 falsis
1270 1654 1337 1686 istis
1351 1654 1413 1686 suis
1424 1653 1646 1687 delationibus
1658 1655 1691 1687 in
1707 1663 1821 1698 agrum
1834 1654 2055 1688 Fussalensem

1173 1703 1304 1737 induxit
1330 1704 1477 1737 Publicus
1497 1703 1658 1746 potestator
1684 1704 1718 1737 Θ
1738 1706 1887 1738 militares
1901 1710 2054 1746 impetus,

1172 1762 1330 1795 tamquam
1355 1763 1527 1788 executuros
1552 1756 1639 1788 Sedis
1664 1754 1832 1796 Apostolicae
1845 1752 2054 1797 sentennam,

1171 1803 1255 1837 adeo
1268 1813 1301 1836 ut
1314 1803 1411 1846 miseri
1437 1804 1639 1838 Fussalenses
1649 1804 1714 1847 jam
1738 1803 2058 1844 christiantcatbolict

1167 1858 1316 1897 graviora
1331 1854 1539 1895 formidarent
1562 1856 1582 1887 ἃ
1603 1853 1747 1888 catholico
1767 1853 1934 1897 Episcopo,
1959 1865 2055 1897 quam

1170 1914 1236 1935 cum
1247 1905 1334 1946 effent
1358 1909 1501 1939 Haereticr'
1518 1928 1530 1945 ‚
1557 1907 1577 1937 ἃ
1598 1903 1818 1937 Catholicorum
1832 1909 2053 1947 Imperatorum

1172 1953 1303 1993 Legibus
1319 1952 1535 1993 formidabant
1548 1978 1556 1986 .
1580 1954 1651 1996 Ipse
1666 1954 1711 1987 est
1723 1978 1734 1994 ,
1760 1954 1817 1997 qui
1838 1954 2054 1997 postmodum

1173 1998 1247 2031 fasti
1259 2000 1425 2040 poenitens
1437 2011 1554 2033 omnes
1565 2002 1640 2032 istas
1650 2003 1744 2034 falsas
1757 2003 1944 2036 delationes
1957 2013 2055 2036 revo-

1172 2046 1258 2081 cavit
1276 2047 1362 2089 apud
1388 2047 1588 2082 Pontificem
1607 2048 1814 2083 Caelestinum
1827 2075 1835 2081 .
1863 2050 2054 2086 Revocavit

1169 2106 1223 2130 eas
1236 2098 1343 2130 statim
1358 2097 1416 2130 sub
1427 2098 1602 2130 exordium
1627 2097 1851 2132 pontificatus
1865 2100 2031 2134 Caelestini
2043 2113 2054 2133 :-

1172 2146 1306 2180 Etenim
1329 2146 1388 2181 ista
1410 2145 1523 2180 omnia
1548 2146 1755 2190 Augustinus
1775 2148 1919 2182 refertin
1933 2149 2052 2191 eaipsa

1171 2195 1309 2240 epist-ola
1332 2220 1344 2235 ,
1383 2208 1447 2240 qua
1470 2196 1628 2229 Pontifici
1654 2195 1831 2230 Caelestino
1852 2197 1893 2231 ‘'de
1913 2199 2052 2241 pacifice

1172 2245 1292 2289 adepto
1308 2245 1510 2280 Pontificatu
1519 2245 1580 2287 fine
1590 2246 1653 2279 ulla
1662 2246 1759 2287 plebis
1771 2245 1925 2289 disciffione
1935 2274 1946 2290 ,
1973 2259 2053 2293 qua-

1172 2296 1213 2330 lis
1223 2307 1325 2340 nuper
1347 2295 1503 2330 Pontifici
1526 2295 1703 2330 Bonifacio
1717 2308 1771 2339 per
1791 2296 1930 2333 schisma
1945 2298 2051 2333 Eula-

1173 2347 1295 2380 lianum
1319 2346 1526 2391 contigerat,
1551 2345 1734 2390 gratulatus
1755 2346 1799 2379 est
1817 2369 1829 2386 ‚
1856 2357 1956 2390 quam
1979 2349 2053 2391 qui-

1171 2396 1247 2431 dem
1261 2395 1442 2440 Epistolam
1456 2395 1562 2430 statim
1578 2396 1612 2429 in
1634 2396 1735 2429 initio
1748 2394 1968 2431 pontificatus
1979 2397 2054 2432 Cae·

1172 2447 1282 2480 lestini
1296 2447 1445 2489 scriptam
1471 2446 1556 2485 effe,
1581 2444 1627 2478 est
1649 2445 1877 2478 manifestum.
1902 2445 2051 2481 Proinde

1173 2495 1299 2531 Primas
1311 2495 1510 2531 Valentinus
1523 2518 1534 2534 ,
1561 2505 1598 2528 ut
1610 2494 1743 2538 quidem
1755 2492 1876 2529 ibidem
1890 2493 2049 2540 Augusti-

1174 2558 1234 2581 nus
1246 2547 1318 2581 satis
1330 2544 1414 2580 clare
1427 2546 1584 2585 insinuat,
1609 2545 1697 2579 circa
1722 2555 1867 2579 extrema
1880 2543 2048 2581 Bonifacii

1172 2609 1209 2630 ac
1221 2597 1389 2631 Caelestini
1400 2605 1544 2638 tempora
1556 2594 1734 2638 incipiebat
1758 2606 1820 2637 prae
1831 2595 1921 2629 senio
1934 2606 2050 2640 repue-

1173 2648 1314 2686 rascere,
1337 2656 1440 2690 eaque
1460 2647 1500 2679 de
1522 2645 1626 2679 caussa
1649 2645 1681 2678 in
1695 2644 1789 2678 rebus
1803 2645 1890 2679 seriis
1901 2645 1982 2681 adeo
1996 2648 2048 2681 fae·

1172 2697 1211 2730 de
1233 2698 1266 2731 in
1288 2707 1462 2739 utrumque
1483 2696 1566 2729 latus
1590 2694 1817 2736 claudicabat,
1842 2705 1941 2738 atque
1961 2696 2050 2731 adeo

1172 2747 1302 2791 penitus
1325 2745 1492 2790 probabile
1513 2744 1581 2785 est,
1608 2745 1714 2788 ipsum
1738 2744 1894 2779 Pontifici
1908 2746 2048 2781 Caelesti·

1173 2809 1217 2831 no
1231 2809 1298 2832 non
1312 2795 1436 2830 dudum
1450 2795 1634 2830 convixisse
1644 2818 1652 2827 .
1680 2794 1782 2828 Tunc
1793 2805 1871 2839 ergo
1882 2797 1910 2829 ei
1926 2797 1961 2830 in
1977 2796 2053 2831 Pri-t

1172 2858 1297 2882 matum
1321 2846 1467 2880 succeffit
1490 2845 1677 2890 Xantippus
1697 2844 1882 2888 Episcopus
1894 2845 2049 2881 Ecclesiae

1170 2896 1386 2943 Tagastensis.
1401 2897 1609 2943 Qapropter
1619 2894 1759 2929 omnino
1775 2895 1881 2939 lapsus
1895 2896 1942 2930 est
1958 2896 2046 2931 Emi·
2061 2886 2193 2938 Ληρι-

1171 2947 1374 2982 nentiffimus
1386 2945 1571 2981 Cardinalis
1593 2945 1776 2984 Batonius,
1803 2945 1883 2979 dum
1907 2947 2047 2991 Xantip-

1170 3010 1247 3042 pum
1270 2997 1349 3031 facit
1371 2998 1517 3039 sylvano
1537 2996 1759 3038 antiquiorem
1772 3020 1779 3028 .
1806 2995 1940 3030 Etenim
1955 2996 2046 3033 Xan·

1170 3050 1280 3092 tippus
1300 3048 1365 3081 fuit
1390 3046 1569 3091 Episcopus
1592 3044 1804 3089 Tagastensis
1828 3068 1839 3085 ,
1875 3057 1911 3079 ut
1936 3047 2043 3090 palam

1170 3098 1283 3133 scribit
1307 3097 1513 3142 Augustinus
1543 3095 1584 3131 ad
1609 3094 1767 3138 Xantippi
1792 3106 1852 3138 pro
1874 3095 2045 3131 Numidiz
2060 3088 2214 3135 E1’·217·

1170 3149 1316 3182 Primatu
1354 3147 1543 3182 corrivalem
1566 3145 1768 3189 Episcopum
1796 3145 2008 3181 Victorinum
2029 3173 2038 3181 .
2208 3156 2210 3159 '

1171 3199 1251 3232 Non
1265 3198 1328 3231 fuit
1344 3207 1452 3231 autem
1465 3197 1562 3231 sanai
1576 3196 1681 3239 Alipii
1695 3194 1865 3229 praecessor
1877 3209 1888 3228 .-
1909 3194 2043 3232 Etenim

1170 3248 1358 3291 Xantippus
1381 3258 1479 3291 atque
1499 3247 1631 3289 Alipius
1646 3247 1736 3280 fuere
1757 3245 1896 3280 fimulin
1913 3247 2046 3290 quibus-

1170 3302 1243 3333 dam
1266 3296 1419 3331 conciliis
1443 3297 1626 3332 Africanis.
1656 3294 1808 3335 Deinde,
1836 3295 1967 3340 Alipius
1979 3297 2044 3331 fuit

1170 3349 1209 3383 ad
1226 3349 1456 3391 Episcopatum
1469 3349 1595 3381 eveaus
1608 3356 1685 3380 ante
1699 3344 1938 3390 Auguffinum,
1948 3346 2046 3382 adeo·

1170 3410 1232 3444 que
1245 3400 1267 3432 fi
1285 3397 1471 3441 Xantippus
1483 3397 1590 3432 fuisset
1605 3395 1711 3438 Alipii
1723 3396 1756 3428 in
1769 3395 1852 3430 Sede
1862 3396 2046 3441 Tagasten-

1172 3452 1192 3484 fi
1208 3448 1368 3495 praeceffor
1387 3472 1399 3491 ‚
1424 3447 1605 3493 praeceffirse
1625 3445 1784 3485 debuisset
1801 3445 1899 3486 etiam
1916 3446 2038 3481 Prima-

1915 3506 1986 3532 tum

2143 3188 2182 3202 ἃ»
