2384 3770
188 396 308 432 psalm,
363 394 398 427 in
411 401 754 438 concioneinvehitur
778 404 910 440 aedicit
929 406 989 439 suo
1012 409 1154 449 populo.
1184 407 1240 439 Ali·

192 456 268 495 147.

160 2761 263 2805 Epist.

158 2909 262 2953 Epist.

162 2958 240 3007 248.

292 1196 294 1198 r
337 1149 565 1195 gustinierant
576 1157 916 1200 totumcaputtonfi,
942 1158 1160 1202 erantpallidi
1185 1171 1224 1194 ac

413 184 483 225 52*
856 171 1237 218 [3201erth
1279 173 1702 221 EREMITARUM

368 245 472 290 ipsum
504 248 607 285 etiam
635 250 859 299 Augustinum
889 264 1057 300 tamquam
1083 265 1242 291 novorum

366 297 586 335 monstrorum
610 304 853 349 progenitorem
871 328 878 335 .
921 304 970 340 Hi
995 316 1135 351 namque
1168 307 1241 340 sunt

366 344 643 394 Carthaginenses
657 353 707 387 issi
721 377 731 392 ,
754 354 924 390 adversum
935 365 1021 399 quos
1033 356 1241 401 Augustinus

1305 256 1368 290 nici
1384 281 1395 297 ,
1415 257 1621 302 Augustinus
1632 268 1698 293 erat
1708 255 1867 299 clericus,
1889 259 2055 307 vestesque
2079 259 2176 296 cieri-

1286 297 1385 361 ?cales
1406 309 1563 354 gerebat,
1589 309 1687 343 frater
1708 310 1827 354 quippe
1853 308 1942 344 istius
1959 311 2085 355 Sapidae
2101 322 2175 345 erat

1286 357 1470 402 {Diaconus
1491 357 1778 404 carthaginensis,
1804 358 1894 402 cujus
1912 362 2050 403 proinde
2058 364 2177 397 tunica

1287 406 1288 409 ’
1301 405 1423 450 pallido
1439 419 1480 443 ac
1502 409 1638 451 palliato
1664 406 1831 443 monacho
1854 421 1922 443 non
1950 420 2075 452 poterat
2098 423 2178 446 con-

1285 459 1428 492 'venitm
1454 458 1596 494 Gerebat
1615 468 1731 504 togam
1758 460 1909 500 laneam,
1933 461 2080 496 tunicam
2093 462 2177 496 line'·

1299 517 1373 548 am,
1394 518 1432 541 ac
1456 507 1613 551 byrrhum
1627 533 1638 549 ‚
1657 521 1726 554 quae
1748 510 1822 544 sunt
1843 510 1972 556 propria
1993 510 2174 547 indumen-

1298 566 1331 589 ta
1359 555 1575 602 Regularium
1598 558 1868 594 canonicorum.

1347 605 1541 650 Respondeo
1563 607 1630 642 haec
1654 620 1725 643 vera
1747 610 1830 644 effez
1858 611 1907 644 lta
1929 621 2038 645 tamen
2053 621 2090 645 ut
2102 622 2177 647 vera

1294 656 1396 689 etiam
1417 657 1480 693 fint
1500 669 1537 692 ea
1559 657 1673 692 omnia
1694 683 1706 700 ‚
1744 670 1813 702 quae
1834 658 1899 694 huc
1919 662 2022 704 usque
2041 661 2111 695 dixi
2135 659 2179 697 de

1296 706 1413 741 habitu
1429 707 1646 743 Eremitarum
1659 732 1666 740 .
1695 708 1785 743 Dico
1797 733 1808 749 ‚
1833 711 2006 755 quomodo
2019 723 2084 757 ego
2104 722 2185 745 mo->v

1293 756 1338 789 do
1349 756 1484 792 amians
1494 758 1693 793 monachum
1703 782 1715 800 ‚
1725 759 1904 803 aliquando
1913 762 2049 796 amictus
2060 760 2107 795 fui
2118 761 2177 795 lai·

1292 818 1369 840 cum
1388 830 1399 848 ,
1425 807 1471 841 ita
1489 819 1623 854 quoque
1636 809 1863 854 Augustinum
1874 811 2076 854 quandoque
2085 811 2174 845 cleri-

1291 868 1386 898 cum,
1414 860 1615 905 quandoque
1626 859 1808 894 Eremitam
1821 872 1858 894 ac
1871 861 2073 897 monachum
2095 860 2175 896 fuis:-

1293 908 1340 941 se:
1364 908 1517 943 videlicet
1529 908 1829 954 diversorempore.
1855 910 2173 946 Monasticumami-

1289 958 1376 992 stum
1389 958 1480 994 exuit
1494 961 1699 995 consecratus
1722 959 1899 1004 Episcopus
1911 985 1923 1002 ‚
1950 962 2080 997 secutus
2101 971 2170 996 mo-

1289 1018 1359 1042 rem
1380 1019 1437 1053 per
1457 1021 1594 1045 omnem
1617 1021 1696 1045 tunc
1709 1011 1863 1046 Latinam
1877 1011 2053 1046 Ecclefiam
2074 1012 2170 1046 ufita·

1289 1067 1359 1093 tum
1372 1084 1382 1099 ,
1408 1059 1451 1094 de
1461 1071 1529 1104 quo
1541 1061 1584 1099 ad
1607 1060 1786 1096 Nicolaum
1799 1061 1922 1105 Papam
1936 1062 2080 1105 primum
2092 1061 2167 1096 scri-

1289 1107 1335 1141 bit
1348 1109 1837 1154 Photius.Pseudo·Episcopus
1856 1112 2165 1156 Constantinopoli-

1287 1169 1399 1192 tanus.
1428 1161 1518 1203 Apud
1528 1171 1580 1194 nos
1591 1159 1725 1193 monachi
1732 1159 1870 1193 habitum
1879 1171 1962 1194 nemo
1975 1172 2110 1204 unquam
2125 1165 2160 1194 in

1284 1208 1378 1241 clerici
1389 1215 1577 1242 commutarit
1585 1221 1600 1251 ,·
1627 1209 1762 1243 nonnulli
1782 1219 1898 1249 autem,
1925 1220 1992 1243 cum
2006 1212 2163 1244 voluerint

1284 1258 1456 1291 monachum
1468 1261 1511 1292 ad
1524 1257 1830 1303 Epiftopifastigium
1846 1261 1980 1293 attollere
1994 1284 2005 1299 ‚
2023 1271 2090 1293 eum
2112 1271 2163 1294 or-

1283 1307 1462 1342 biculariter
1483 1311 1663 1350 tondentes,
1685 1316 1817 1352 priorem
1828 1308 1966 1342 habitum
1978 1316 2159 1354 immutant.

1283 1357 1450 1394 Nonnulli
1466 1359 1515 1393 isti
1530 1370 1618 1392 erant
1635 1359 1747 1393 Latini
1761 1383 1767 1391 .
1787 1361 1829 1393 Et
1843 1359 1914 1394 vere
1924 1360 2007 1393 dicit
2020 1362 2163 1394 Nonnul-

1282 1408 1304 1442 li
1316 1420 1327 1441 .·
1357 1408 1438 1443 Eam
1451 1410 1570 1454 quippe
1583 1409 1856 1445 consuetudinem
1868 1420 1936 1443 non
1949 1410 2043 1444 fuiss'e
2064 1411 2161 1453 peni-

1282 1467 1333 1491 tus
1353 1458 1474 1504 ubique
1482 1459 1677 1494 Latinarum
1693 1459 1905 1494 Ecclefiarum
1919 1460 2134 1493 universalem
2145 1483 2159 1500 ,

1281 1517 1366 1551 patet
1376 1520 1416 1543 ex
1429 1510 1538 1544 fausto
1550 1510 1752 1554 Fulgentio‚
1776 1510 1885 1545 saneto
1898 1508 2063 1554 Gregorio
2090 1520 2159 1544 ma-

1278 1568 1370 1602 gno,
1396 1559 1505 1594 sanilo
1528 1559 1723 1595 Heliodoro
1746 1559 1909 1603 Episcopo
1931 1559 2157 1603 Aquileiensi,

1280 1609 1407 1654 fausto*
1427 1609 1571 1644 Eusebio
1598 1610 1763 1654 Episcopo
1786 1609 1982 1644 Vercellenli
1999 1634 2010 1651 ‚
2046 1611 2157 1645 fausto

1280 1655 1451 1701 Martino‚
1477 1659 1614 1705 aliisque
1627 1672 1695 1694 non
1710 1660 1841 1704 paucis:
1870 1659 2053 1703 Gregorius
2064 1661 2158 1704 quip-

1278 1719 1318 1752 pe
1338 1718 1478 1755 magnus
1498 1710 1700 1745 monachum
1712 1710 1847 1745 indutus
1871 1711 2025 1744 inventus
2050 1709 2095 1743 est
2121 1710 2156 1743 in

1279 1759 1448 1803 sepulchro
1459 1760 1477 1794 ὲ
1490 1760 1655 1805 Gregorio
1667 1771 1805 1805 quarto;
1826 1760 1867 1794 de
1881 1760 2031 1803 Episcopi
2043 1769 2157 1795 autem

1277 1809 1641 1854 Fulgentiimonastico
1654 1810 1767 1847 habitu
1788 1811 1900 1844 auctor
1921 1809 1980 1843 isse
2002 1809 2156 1853 incogni-

1278 1869 1329 1892 tus
1341 1884 1352 1900 ‚
1373 1861 1406 1895 ἀ
1418 1859 1458 1895 de
1470 1862 1579 1897 saneto
1593 1861 1780 1895 Heliodoro
1792 1861 1926 1895 testatur
1936 1860 2062 1893 sanstus
2075 1858 2156 1892 Hie·

1277 1919 1457 1951 romanus,
1476 1911 1517 1944 de
1528 1912 1637 1947 fausto
1653 1910 1793 1946 Eusebio
1807 1912 1930 1945 sanstus
1947 1909 2151 1948 Ambrosius,

1276 1956 1316 1989 de
1329 1960 1437 1992 fando
1451 1960 1600 1994 Martino
1610 1962 1734 1995 sanstus
1742 1961 1902 2003 Sulpitius
1915 1961 2050 1993 Severus
2061 1983 2069 1990 .
2091 1960 2155 1993 La-

1278 2005 1355 2038 tinis
1370 2017 1451 2052 ergo
1462 2007 1632 2043 monachis
1653 2010 1688 2041 in
1704 2009 1881 2050 Episcopo:
1902 2008 2096 2041 consecratis
2117 2006 2154 2039 li·

1279 2054 1391 2089 berum
1404 2065 1472 2090 erat
1482 2057 1701 2092 monasticum
1712 2056 1861 2092 habitum
1881 2056 2014 2091 reiicere
2037 2055 2088 2090 niel
2109 2066 2153 2089 re·

1277 2106 1400 2147 tinere;
1427 2108 1638 2141 communius
1660 2117 1769 2140 tamen
1793 2106 1984 2139 reiiciebant
2002 2128 2014 2145 ,
2049 2106 2152 2147 idque

1278 2165 1331 2196 per
1353 2155 1443 2198 plura
1466 2154 1578 2188 saecula
1600 2179 1610 2195 ,
1635 2156 1807 2198 quousque
1827 2153 1958 2188 tandem
1979 2156 2015 2188 in
2033 2157 2150 2188 octava

1277 2204 1415 2246 Synodo
1425 2203 1568 2247 generali
1581 2204 1735 2240 statutum
1747 2203 1837 2238 estin
1852 2203 1919 2237 haec
1933 2203 2030 2237 verba
2043 2229 2051 2237 .
2080 2207 2149 2236 Mo·
2164 2206 2245 2253 Cap,
2261 2219 2314 2257 27.

1275 2253 1382 2296 nacbi,
1407 2258 1459 2296 qui
1484 2259 1553 2289 vita
1579 2256 1614 2290 o
1638 2255 1796 2294 doc‘i'rina,
1821 2263 1856 2288 ut
1876 2252 2029 2296 Episcopi
2052 2264 2152 2287 creen-

1274 2313 1323 2335 tur
1343 2329 1354 2344 ‚
1389 2310 1554 2338 meruerint
1576 2327 1588 2345 ‚
1621 2316 1679 2338 non
1704 2312 1821 2337 mutent
1846 2303 1968 2338 babitus
2007 2301 2150 2345 vestisque

1274 2358 1415 2387 rationem
1439 2354 1475 2387 ob
1500 2365 1611 2389 novam
1637 2357 1832 2398 dignitatem:
1861 2358 1934 2385 Non
1960 2358 2061 2386 minus
2071 2359 2151 2385 enim

1274 2403 1325 2437 boc
1335 2414 1478 2448 arrogant
1491 2405 1578 2448 effer,
1602 2416 1694 2447 quam
1716 2404 1810 2447 pallio
1835 2404 1936 2444 inepte
1962 2409 2033 2436 ute.
2057 2401 2150 2446 ,Ques-

1274 2459 1340 2496 quis
1367 2466 1434 2498 ergo
1461 2453 1625 2499 Episcopus
1658 2463 1772 2496 praeter·
1796 2452 1922 2494 definita
1959 2461 2094 2493 tempora
2115 2451 2150 2495 se

1270 2504 1360 2545 pallio
1385 2503 1518 2537 induerit
1537 2527 1550 2545 ‚
1585 2511 1638 2538 aut
1662 2502 1984 2544 mnaflicamrmestem
2009 2500 2148 2545 deposue-
2194 2534 2198 2539 ,,

1272 2558 1330 2593 rit,
1367 2563 1423 2587 aut
1447 2559 1614 2598 corrigatur
1638 2578 1649 2594 ,
1686 2562 1742 2586 aur
1767 2554 1789 2586 ἰ
1811 2551 2002 2587 Ῥατήανεόσ
2019 2557 2144 2594 proprio

1273 2605 1438 2646 deponatur
1461 2626 1470 2638 .
1508 2604 1577 2638 Hic
1595 2614 1705 2638 canon
1726 2601 1873 2636 necdum
1901 2613 1969 2637 erat
1997 2612 2146 2646 tempore

1273 2653 1471 2699 Augustini,
1500 2654 1684 2700 Hincergo
1706 2651 1932 2697 Augustinus,
1953 2653 2064 2686 omnis
2079 2664 2146 2696 par-

1272 2703 1481 2750 ticularitatis
1499 2703 1650 2749 pellimus
1669 2705 1744 2737 osor
1766 2728 1776 2743 ‚
1805 2703 1932 2737 secutus
1948 2703 1995 2737 ost
2017 2713 2144 2737 morem

1273 2753 1420 2790 Ecclefiae
1432 2754 1555 2790 Latinae
1564 2753 1828 2789 communiorem
1843 2777 1851 2785 .
1878 2752 2079 2788 Constanter
2097 2751 2146 2786 di·

1270 2816 1311 2837 co
1330 2815 1406 2840 eum
1430 2805 1529 2847 usque
1549 2804 1590 2839 ad
1611 2804 1839 2849 Epi-scopatum
1863 2803 2047 2837 monastico
2058 2804 2146 2845 supe-

1270 2853 1333 2887 rius
1355 2854 1518 2898 descripto
1538 2853 1652 2890 habitu
1676 2853 1769 2887 fuiffe
1792 2854 1904 2886 usum.
1930 2852 1979 2887 lta
1989 2860 2079 2896 patet
2100 2864 2143 2886 ex

1270 2903 1357 2938 hisce
1370 2904 1437 2950 ejus
1457 2904 1524 2951 jam
1548 2905 1699 2949 Episcopi
1720 2902 1762 2936 ad
1784 2902 1941 2946 populum
1975 2903 2081 2937 verbis
2100 2902 2143 2938 de

1269 2955 1327 2988 suo
1348 2954 1389 2987 ad
1411 2955 1578 2990 civitatem
1599 2953 1851 2997 Hipponensem
1871 2952 2014 2987 adventu
2031 2977 2039 2985 .
2067 2957 2141 2986 Non
2155 2951 2256 2986 Serm-

1265 3005 1357 3039 attuli
1376 3006 1515 3048 aliquid,
1541 3015 1599 3038 non
1626 3009 1699 3038 veni
1719 3003 1764 3035 ad
1781 3002 1862 3036 banc
1881 3002 2062 3043 Ecclefiam,
2089 3001 2145 3044 m'fi
2155 3011 2210 3047 49.
2224 3018 2251 3035 ι.
2269 3012 2295 3039 t.

1264 3066 1329 3090 cum
1354 3060 1395 3092 iis
1415 3057 1625 3094 indumentis,
1646 3053 1754 3096 qulbus
1776 3053 1826 3085 illo
1849 3061 1999 3092 tempore,
2023 3061 2141 3093 ωροτε

1262 3105 1372 3140 adhuc
1393 3104 1575 3143 monachus
1598 3129 1609 3146 ,
1642 3101 1785 3143 vestiebar
1804 3126 1812 3134 .
1853 3100 1999 3135 Proinde
2015 3102 2078 3135 five
2105 3102 2141 3136 in

1268 3156 1446 3190 Eremitico
1472 3155 1534 3189 five
1559 3154 1594 3190 in
1620 3152 1763 3187 clericali
1790 3150 1904 3187 habitu
1930 3151 2142 3195 depingatur,

1264 3205 1348 3242 bene
1374 3206 1584 3251 depingitur,
1612 3212 1788 3248 utrumque
1812 3204 1902 3236 enim
1913 3200 2065 3236 habitum
2091 3203 2140 3236 fu·

1263 3256 1290 3293 it
1318 3255 1468 3293 indutus.

362 449 484 488 quando
507 451 621 495 dtmffl
646 453 774 488 Theatra
799 464 854 488 aut
863 454 1086 496 amphiteatro,
1111 468 1175 491 cum
1184 468 1239 490 cae-

355 502 438 537 perit
461 509 500 530 ex
523 501 577 533 illa
600 513 696 538 eavea
722 511 821 538 evomi
843 505 935 540 turba
955 508 1164 549 perditorum,
1191 513 1239 540 w·-

358 545 434 578 dent
454 550 648 595 plerumque,
681 565 717 587 ut
735 554 797 599 fit,
819 554 943 598 tranfire
969 559 1028 590 Dei
1048 554 1153 600 servos
1166 581 1176 597 ,
1196 568 1238 590 co-

351 594 496 642 gnofiunt
520 600 585 644 ipfh
609 602 717 639 habitu
744 606 797 638 vel
818 605 929 645 vestis,
957 607 1133 649 velcapm‘s
1147 629 1158 646 ,
1186 608 1239 642 vel

346 643 456 688 fiante
481 660 566 686 notos
593 652 707 689 babent
728 679 741 696 ,
768 656 804 690 Gt
825 658 934 694 dicunt
958 657 1044 697 apud
1059 654 1235 701 semetipsos

354 697 390 729 (δ’
408 696 529 744 s'ecum,
554 704 572 736 o
596 702 719 748 miseros
738 704 808 745 istos
822 729 835 747 ‚
857 706 936 749 quid
954 708 1091 748 perdunt
1113 707 1131 738 ‚2
1155 709 1234 741 Fra-

350 752 416 781 tres
442 760 576 795 rogemus
603 756 762 790 Dominum
781 763 841 800 pro
863 756 1074 791 benevolentia
1099 755 1235 801 ipsorum,

350 802 426 839 quia
441 798 776 849 bonumuiudputant:
800 807 887 840 Bene
901 806 986 842 nobit
1012 807 1135 841 volunt,
1163 807 1234 842 No-

350 857 404 890 ta,
437 851 522 887 Bene
547 854 634 887 nobis
660 856 764 891 volunt
791 880 804 898 ,
828 867 964 902 rogemus
996 859 1152 890 Dominum
1174 866 1231 901 pro

346 896 556 937 benevolentia
581 902 736 949 ipsorum,
751 905 862 951 fronte
873 915 956 939 notos
980 904 1116 941 habent,
1145 907 1230 944 Haec

344 949 526 987 convicunt
540 954 723 990 monachos
760 956 839 990 istos
850 955 946 991 fuisse
967 956 1090 998 Afros,
1113 968 1151 994 ac
1163 960 1230 993 Au-

342 999 468 1043 gustini
478 1006 670 1047 progeniem
681 1026 691 1045 ‚
716 1004 806 1040 haud
819 1005 923 1043 dubie
934 1005 1022 1051 ipsos
1033 1018 1090 1043 eos
1103 1008 1227 1043 Eremi-

341 1049 452 1104 colas,
476 1061 535 1096 pro
549 1053 666 1099 quibus
682 1056 751 1102 agit
764 1056 889 1091 sanlius
900 1056 1091 1093 Salvianus.
1123 1057 1226 1094 Nunc

342 1107 453 1143 itaque
474 1104 642 1140 concludo
660 1115 700 1140 ac
720 1106 816 1141 dico:
845 1104 1010 1143 Monachi
1037 1109 1135 1143 saneti
1150 1110 1227 1144 Au·
1251 1140 1255 1145 ,

339 1200 488 1246 palliati,
510 1203 683 1249 gestabant
703 1205 976 1243 bardocucullum
990 1219 1029 1242 ac
1043 1208 1223 1252 pelliceum

335 1250 509 1297 cingulum
522 1279 535 1296 ,
559 1256 798 1292 amiciebantur
811 1258 907 1303 nigro
922 1258 1082 1303 epipallio
1095 1283 1106 1300 ‚
1132 1257 1222 1294 habi-

336 1301 455 1337 tabant
467 1305 501 1339 in
514 1303 636 1345 hortis,
655 1308 760 1352 agris,
779 1319 817 1342 ac
828 1307 984 1343 desertis:
1011 1308 1096 1357 Qua:
1107 1310 1221 1344 omnia

335 1352 442 1394 palam
455 1357 632 1390 suntnotae
657 1358 874 1395 Eremitarum
895 1370 934 1393 ac
957 1358 1217 1401 monachorum,

335 1412 542 1449 nequaquam
560 1406 759 1444 clericorum
782 1418 840 1444 aut
861 1407 1062 1455 regularium
1085 1411 1220 1447 canoni-

332 1462 467 1489 corum.

508 1507 790 1547 CAPUT
851 1507 1042 1546 XXVII.

382 1610 568 1651 ,Explicatur
590 1609 671 1645 locus
687 1610 790 1643 sanelt
804 1609 958 1654 Augustini
981 1616 1019 1645 ln
1037 1607 1169 1655 speciem

680 1666 851 1697 contrarius
865 1684 873 1695 ,

431 1761 524 1796 Ocus
534 1760 579 1795 est
594 1759 649 1798 bic
660 1772 701 1798 ex
713 1763 860 1798 sermone
879 1760 1153 1806 quinquagesimo
1174 1760 1215 1797 de

439 1810 585 1846 divertis.
612 1816 711 1847 Nemo
733 1813 789 1847 det
814 1810 954 1854 byrrhum
966 1814 1020 1845 vel
1041 1813 1154 1846 lineam
1168 1819 1214 1847 tu-

329 1865 455 1898 nicam,
479 1858 535 1904 seu
559 1862 679 1901 aliquid
687 1885 698 1902 ,
724 1860 782 1904 n'tfi
801 1867 836 1895 in
860 1872 1012 1895 commune
1031 1875 1043 1895 .·
1070 1865 1118 1896 De
1141 1874 1215 1897 com·

331 1913 417 1942 muni
442 1914 589 1954 accipiam
616 1908 692 1941 mih}
715 1911 790 1952 ipfi,
813 1922 881 1944 cum
900 1910 1157 1954 J'ciamcommune
1170 1922 1216 1944 me

331 1959 440 1994 habere
466 1960 545 1995 velle
559 1984 569 1998 ,
597 1959 751 2003 quidquid
775 1957 869 1991 babeo
884 1982 891 1988 .
920 1959 999 1991 Nolo
1022 1960 1102 1990 talla
1111 1959 1217 1999 offerat

332 2009 487 2045 sanc‘litas
515 2009 614 2044 vestra
628 2033 639 2049 ,
665 2008 774 2051 quibus
798 2005 882 2049 quast
903 2017 953 2052 ego
970 2003 1051 2050 solur
1064 2007 1215 2041 decentius

330 2070 417 2093 utar.
449 2058 600 2104 offeratur
610 2058 709 2098 mihi,
734 2056 822 2091 verbi
840 2065 970 2101 gratia,
995 2055 1131 2097 byrrhum
1146 2064 1217 2099 pre-

332 2108 459 2152 tiosum,
478 2109 567 2154 forte*
593 2110 677 2143 decet
703 2106 903 2153 Episcopum,
929 2112 1071 2150 quamvis
1098 2118 1157 2140 non
1166 2108 1215 2141 de-

329 2169 397 2196 ceat
427 2159 622 2207 Augustinum
636 2181 646 2196 ‚
672 2159 709 2191 id
730 2158 771 2198 est
783 2180 795 2197 ‚
818 2156 967 2190 hominem
987 2164 1153 2199 pauperem
1177 2157 1216 2191 de

329 2209 516 2255 pauperibus
540 2217 648 2244 natum
672 2232 679 2240 .
714 2209 802 2240 Modo
830 2207 941 2242 difflari
960 2204 1033 2250 sunt
1058 2206 1192 2240 homines
1205 2231 1215 2246 ,

334 2264 407 2301 quia
432 2263 539 2295 inveni
558 2257 706 2304 pretiosas
731 2258 827 2298 vestes
848 2281 859 2298 ,
884 2267 961 2301 quas
986 2267 1044 2290 non
1064 2256 1215 2302 poturffem

332 2310 440 2345 habere
455 2334 465 2350 ‚
493 2311 545 2344 vel
569 2315 603 2342 in
630 2311 714 2342 domo
734 2312 835 2350 patris
846 2314 928 2346 mei,
957 2308 1008 2341 vel
1024 2313 1057 2339 in
1083 2308 1136 2340 illa
1156 2304 1212 2350 sae·

332 2361 425 2395 eulari
444 2359 613 2401 profeffione
637 2370 707 2394 mea
721 2381 729 2391 .
754 2362 829 2395 Non
854 2360 937 2392 decet
957 2370 969 2390 .-
997 2356 1101 2390 Talem
1126 2356 1215 2391 debeo

333 2409 462 2448 habere,
491 2411 610 2452 qualem
631 2410 762 2454 poffum,
783 2407 812 2449 fi
834 2419 893 2442 non
919 2407 1059 2443 babuerit
1083 2430 1094 2447 ,
1113 2406 1214 2451 fratri

334 2471 398 2494 meo
409 2459 499 2494 dare:
526 2458 759 2503 ‚Qualemporest
769 2456 879 2492 babere
899 2456 1069 2501 presbyter,
1097 2457 1214 2498 qualem

330 2508 423 2553 potest
448 2508 559 2546 habere
583 2510 716 2544 decenter
760 2510 909 2542 Diaconos
936 2507 970 2542 l&
994 2506 1214 2547 subdiaconus,

334 2561 425 2593 talem
439 2559 505 2596 volo
515 2564 665 2605 accipere,
685 2562 759 2602 quia
769 2562 961 2594 incommune
970 2560 1078 2597 accipio
1087 2580 1095 2589 ,
1109 2556 1212 2591 Hunc

334 2610 447 2645 locum
470 2610 574 2655 usque
594 2608 636 2646 ad
660 2609 813 2644 nauseam
835 2618 874 2641 ac
894 2605 1027 2641 taedium
1042 2606 1210 2640 Canonici

335 2658 518 2705 Regulares
529 2658 625 2693 nobis
638 2658 798 2701 objectant
816 2656 943 2693 -Obiici
956 2656 1087 2702 possunt
1101 2655 1133 2691 oc
1145 2655 1212 2691 duo

333 2708 390 2746 alii
402 2734 411 2745 ,
438 2708 533 2746 Alter
543 2719 582 2744 ex
605 2707 752 2753 Epistola
764 2706 806 2743 ad
818 2708 963 2746 sancium
975 2705 1148 2743 Aurelium
1172 2707 1214 2743 E-

334 2759 504 2807 piscopum
517 2758 811 2807 Carthaginensem
825 2781 836 2799 ,
856 2758 913 2794 ubi
923 2757 966 2791 fic
975 2754 1074 2790 dicit.
1104 2760 1210 2791 NImis

333 2809 493 2846 dolendum
505 2809 555 2852 est,
559 2809 591 2856 fi
595 2819 661 2844 tam
669 2814 783 2855 gravia
793 2808 969 2842 contumelia
978 2806 1094 2842 clericos
1105 2808 1210 2853 dignos

328 2867 492 2902 putemus.
517 2864 684 2903 inquorum
697 2869 816 2894 numero
820 2857 946 2904 sumus,
975 2856 1071 2893 Alter
1081 2867 1120 2890 ex
1136 2856 1209 2899 Epi-

333 2911 417 2948 stola
428 2910 468 2947 ad
480 2910 631 2955 sapidam
644 2935 655 2951 ,
671 2907 945 2947 Sanetimonalem
957 2931 969 2950 ‚
995 2906 1052 2944 ubi
1064 2907 1104 2943 fic
1116 2905 1206 2942 dicit.

336 2965 440 3005 Accepi
452 2963 532 3006 >quod
542 2962 582 2996 de
587 2959 679 3005 justis
690 2960 724 2995 β
731 2963 794 3004 piis
805 2957 953 2995 laboribus
972 2968 1119 2991 manuum
1139 2963 1207 2990 tua-

332 3022 402 3047 rum
414 3022 459 3044 me
470 3017 598 3055 accipere
613 3009 744 3051 voluisti,
763 3019 800 3044 ne
811 3018 842 3044 te
847 3014 981 3052 gravius
993 3005 1206 3048 contristarem,

334 3073 426 3105 quam
434 3066 533 3103 potius
546 3059 751 3103 consolandam
762 3060 896 3096 viderem
907 3083 918 3102 ,
942 3056 1115 3103 praesertim
1135 3063 1207 3100 quia

334 3110 389 3146 hoc
399 3121 483 3150 tuum
495 3123 553 3146 non
561 3119 696 3155 parvum
703 3108 848 3148 deputasti
858 3107 907 3154 effe
913 3106 1054 3151 solatium
1065 3131 1076 3149 ,
1084 3105 1114 3150 fi
1119 3118 1186 3141 eam
1195 3132 1205 3148 ,

333 3173 424 3204 quam
440 3172 585 3210 germano
597 3170 646 3195 tuo
660 3159 764 3208 sanllo
776 3162 831 3194 Dei
841 3158 973 3198 ministro
986 3157 1106 3202 fecerat
1128 3163 1205 3190 tuni-

334 3222 400 3244 cam
412 3237 422 3252 ‚
439 3207 492 3256 ego
502 3214 640 3248 induerer
659 3234 669 3252 ‚
700 3222 765 3244 cum
786 3211 852 3252 jam
870 3211 891 3243 ᾶ
911 3218 993 3244 terra
1013 3213 1204 3243 morientium

335 3263 470 3298 recedens
483 3263 573 3299 nullis
585 3260 670 3297 rebus
681 3258 919 3302 corruptibilibus
931 3260 1078 3303 indigeret
1097 3282 1104 3291 .
1133 3262 1204 3294 Feci
2003 3300 2011 3309 ⁶

334 3322 404 3354 ergo
418 3336 427 3351 ,
451 3315 526 3353 quod
536 3309 699 3358 defiderasti
710 3334 721 3350 ,
732 3311 765 3346 (π
774 3310 985 3353 qualecumque
995 3309 1047 3347 boc
1058 3308 1204 3347 existima·
1313 3306 1402 3341 Dico
1414 3307 1543 3350 insuper
1556 3328 1567 3346 ,
1578 3304 1677 3349 idque
1689 3303 1877 3339 constanter
1887 3327 1898 3343 ,
1917 3301 2085 3336 Tunicam
2099 3302 2145 3335 la·

335 3370 416 3400 veris
429 3364 479 3400 <vel
487 3370 751 3407 quantumcumque
760 3358 901 3407 selatium
914 3383 923 3399 ,
934 3369 984 3392 tuo
993 3371 1063 3403 erga
1065 3358 1202 3405 fratrem
1263 3366 1359 3390 neam
1370 3381 1379 3396 ‚
1406 3357 1553 3394 tunicam
1566 3355 1687 3389 lineam
1700 3380 1710 3395 ,
1739 3355 1773 3388 ἀ
1785 3352 1941 3397 byrrhum
1956 3362 2024 3385 non
2047 3352 2142 3388 fuiffe

328 3414 440 3460 pstor!
451 3424 507 3448 non
517 3419 646 3457 negavi.
672 3410 791 3455 Miffam
812 3410 868 3443 abs
887 3417 917 3446 te
939 3416 1070 3445 tunicam
1092 3407 1220 3453 arcep1,l
1263 3406 1454 3443 indumenta
1481 3404 1609 3453 propria
1634 3405 1873 3438 canonicorum
1903 3402 2139 3445 Regularium:

331 3470 367 3502 er
393 3464 513 3507 quando
533 3461 595 3499 baec
615 3462 658 3493 ad
678 3469 706 3493 te
727 3458 833 3503 scripfi
849 3484 859 3499 ‚
886 3471 922 3493 ea
945 3470 990 3493 me
1011 3459 1117 3497 vestire
1132 3443 1220 3501 jam‘
1264 3454 1364 3491 Erant
1392 3468 1434 3491 eo
1465 3466 1614 3498 tempore
1639 3455 1831 3488 vestimenta
1854 3462 2140 3494 quorumcumque

329 3524 494 3564 cqperam.
513 3511 585 3558 En,
611 3511 766 3560 inquiunt
787 3509 890 3548 nostri
902 3509 1080 3558 Regulares
1092 3509 1202 3548 Cano·
1242 3505 1470 3557 ,clericorum
1495 3505 1597 3554 QJOd
1612 3514 1750 3549 namque
1763 3503 1946 3549 Regumes
1959 3501 2138 3586 Augzfflni
