2384 3770
643 176 808 237 Quin
856 172 954 217 S1·r
1006 169 1116 215 INr.

247 260 298 297 sus
317 258 445 303 obliqui
466 259 598 302 possunt
626 255 806 292 infinitati.
833 254 1012 293 Similiter,
1039 253 1121 287 mul-

247 318 279 344 ta
317 307 649 353 syncathegoremata
686 317 756 341 non
782 304 913 347 possunt
940 303 1121 337 infinitati.-

246 360 354 404 qualia
378 361 452 394 funt
473 361 592 399 nullus,
611 358 732 399 aliquis,
750 354 889 396 quidam,
910 356 1007 385 omnis
1020 377 1031 394 ,
1052 364 1122 387 neu·

246 420 313 455 ur,
330 412 387 444 60.
412 413 504 443 Ratio
522 409 561 452 est
581 413 672 443 etlam
692 404 814 438 eadem:
844 403 934 450 Qiia
959 402 1010 436 his
1033 405 1121 438 voci-

246 459 307 495 bus
329 461 442 505 nequit
462 459 530 494 dari
543 453 850 493 contradictorium:
874 453 953 497 ergo
966 465 1033 487 non
1047 455 1123 497 pos-

245 512 321 545 sunt
342 509 517 544 infinitati.
545 504 692 541 Probatur
714 504 912 537 antecedens:
941 503 1031 550 Qia
1046 515 1128 545 vox,

245 559 299 594 cui
323 556 613 595 contradistorium
635 555 704 589 dari
727 554 850 597 potest,
874 552 968 587 debet
982 555 1044 588 esse
1056 566 1123 588 vox

245 611 288 644 de
308 608 435 644 formali
459 606 641 650 significans
651 614 774 639 certam
791 604 937 646 aliquam
961 615 998 637 ac
1021 603 1121 638 deter-

245 659 404 693 minatam
425 657 566 691 formam
588 668 597 688 :
626 652 879 689 contradictoria
902 653 1025 697 quippe
1048 655 1120 688 sunt

245 709 395 743 forma&
417 717 495 750 pura
519 706 650 751 negatio
674 704 760 748 ejus.
792 704 894 748 Atqui
917 705 1046 747 praefata
1055 704 1121 738 haic

246 759 546 802 syncategoremata
564 757 606 791 de
630 755 761 789 formali
773 765 843 788 non
862 753 1047 798 significant
1056 764 1122 789 cer-

247 818 314 842 tam
335 808 477 851 aliquam
497 806 637 840 formam
662 818 671 837 :
701 815 737 839 ut
767 802 839 837 dixi
862 806 956 846 snpra
977 804 1018 838 de
1051 804 1122 838 istis

246 857 383 892 vocibus
406 867 517 901 agens.
547 857 637 900 Ergo
658 854 727 888 istis
742 853 876 888 vocibus
898 851 969 888 dari
980 865 1047 888 non
1065 865 1120 898 po·

245 907 309 943 cest
320 906 609 942 contradictorium
622 928 630 937 .

293 954 349 994 28.
377 956 490 992 Restat
520 955 659 989 dubium
687 953 730 988 de
759 952 895 988 vocibus
914 953 1118 997 complexis,

245 1008 358 1053 quales
379 1007 453 1041 sunt
475 1005 559 1038 bomo
580 1004 669 1039 albus
684 1029 695 1045 ,
716 1014 808 1046 equus
824 1014 965 1045 currens,
991 1006 1048 1039 &a
1076 1004 1119 1037 Et

244 1057 287 1093 de
300 1055 437 1092 vocibus
455 1055 614 1096 infinitis,
634 1053 745 1099 quales
762 1054 836 1087 sunt
855 1053 1029 1095 non-bomo,
1050 1065 1122 1087 non-

245 1110 338 1150 lapi's,
347 1105 565 1148 non-chymera,
578 1107 635 1141 &ca
666 1104 723 1137 An
736 1103 862 1138 scilicet
876 1103 925 1138 hae
941 1115 1038 1139 voces
1053 1105 1122 1148 pos·

244 1159 306 1193 sint
317 1156 450 1192 ulterius
461 1156 618 1191 infinitati
630 1157 643 1189 ?
654 1153 770 1198 Aliqui
781 1154 955 1195 affirmant,
972 1164 1122 1197 putantes

244 1207 318 1242 illas
338 1205 578 1241 infinitationes
600 1206 688 1249 posse
712 1203 862 1248 progredi
888 1205 1121 1244 ininfinitum,

244 1256 400 1301 posseque
420 1257 543 1299 semper
571 1255 738 1289 infinitam
756 1265 873 1289 vocem
896 1255 1036 1299 priorem
1069 1253 1122 1287 ad·

243 1307 310 1341 huc
331 1304 488 1339 infinitati
512 1316 567 1349 per
589 1303 828 1349 superadditam
852 1304 950 1339 aliam
975 1306 1121 1349 negatio·

242 1367 340 1391 nem:
365 1354 510 1390 dicendo
521 1380 533 1396 ‚
556 1367 585 1389 v·
607 1366 640 1400 g.
660 1353 815 1388 non-homo
837 1378 848 1394 ‚
875 1366 933 1388 non
946 1354 1097 1387 non-homo
1109 1379 1120 1395 ,

243 1404 559 1446 ”mmmmm-homo,
584 1404 618 1439 &
645 1406 688 1439 sic
711 1405 846 1439 ulterius
861 1431 868 1438 .
896 1404 1044 1438 Primum
1056 1415 1122 1447 ego

244 1457 372 1503 prob0;
399 1456 577 1490 secundum
588 1466 647 1497 pro
671 1466 757 1489 mera
769 1454 880 1489 fabula
903 1465 1038 1497 reputo.
1060 1457 1119 1492 Ra,-

243 1512 287 1540 tio
303 1505 542 1549 primibreviter
561 1505 620 1545 est:
643 1505 734 1551 Qia
749 1514 846 1538 voces
857 1504 1121 1547 complexaepos·

244 1558 321 1591 sunt
341 1557 488 1600 accipere
507 1552 821 1593 contradictorium,
847 1554 881 1588 ἀ
903 1553 920 1586 a
943 1554 997 1588 sua
1021 1554 1115 1598 figni-

243 1606 401 1641 ficatione
418 1605 585 1640 ordinaria
608 1604 818 1647 transportari
842 1605 883 1638 ad
903 1602 972 1645 ejus
994 1615 1119 1639 contra.

242 1656 438 1697 elmodam,
461 1667 531 1690 non
559 1657 671 1688 minus
691 1665 790 1698 quam
809 1665 906 1688 voces
921 1653 1121 1696 complexae:

241 1706 393 1750 adeoque
423 1706 554 1750 possunt
576 1705 734 1739 infinitati
757 1729 768 1737 .
801 1707 893 1738 Ratio
912 1701 1033 1745 secundi
1055 1703 1092 1743 est
1107 1717 1118 1737 .-

243 1755 334 1804 Qia
356 1755 540 1790 infinitatio
560 1754 659 1789 debet
681 1755 725 1787 sic
747 1754 836 1794 fieri,
854 1765 891 1789 ut
913 1754 948 1788 in
986 1752 1122 1788 vocibus

241 1805 384 1840 infinitis
404 1814 535 1840 maneat
554 1804 661 1847 aliqua
682 1803 878 1848 significatio
906 1815 914 1835 :
946 1804 1039 1847 atqui
1073 1802 1122 1837 hae

242 1867 340 1891 voces
362 1855 586 1890 nomon-homa
598 1879 610 1896 ,
629 1865 687 1888 non
699 1853 937 1887 non-non-homo
957 1878 969 1894 ,
992 1854 1120 1888 nullam

240 1905 366 1941 habent
387 1902 659 1951 significationem
684 1918 695 1938 .-
716 1904 788 1947 quis
810 1905 899 1939 enirn
917 1904 1041 1947 sapiens
1067 1916 1124 1939 un-

242 1965 342 1998 quam
363 1956 406 1989 sic
430 1956 559 1989 locutus
582 1955 627 1988 est
648 1955 665 1986 ,ἲ
699 1955 788 1996 Ergo
818 1955 878 1987 ista
904 1964 1121 1995 negationum

242 2003 477 2048 multiplicatio
492 2013 561 2036 non
583 2002 631 2038 est
653 2000 837 2036 infinitatin
855 2011 865 2043 ;
900 2000 952 2037 sed
973 2012 1061 2036 mera
1077 2003 1121 2037 fa-

243 2053 320 2089 bula
332 2076 344 2094 ‚
365 2054 400 2087 &
420 2053 560 2098 nugario
572 2078 580 2086 .

346 2138 840 2191 DISPUTATIO
887 2142 991 2188 XII.

242 2269 302 2310 De
335 2281 426 2309 voce
451 2259 685 2325 uniwrfhli,
701 2263 884 2306 communi
897 2294 910 2317 ‚
914 2258 1117 2325 singulari,

305 2335 437 2399 primae
465 2335 524 2376 <9¹
538 2328 711 2394 ficundae
741 2330 958 2386 intentionis,
990 2332 1055 2373 ἐφ’

491 2398 577 2447 aliis
610 2393 832 2465 quibusdam
846 2432 860 2443 .

455 2510 492 2544 D
515 2507 558 2542 U
585 2507 613 2540 B
638 2507 655 2540 Ι
682 2505 724 2542 U
750 2504 792 2538 M
866 2505 893 2538 I.

237 2585 373 2631 ,Quidfit
399 2595 462 2619 vox
483 2580 692 2625 universalis,
708 2585 866 2615 communis
890 2580 1113 2624 &fingularis?

243 2673 273 2699 1.
444 2660 516 2694 ΟΝ
551 2669 660 2701 quaero
691 2668 762 2699 quae
786 2656 824 2691 fit
849 2667 915 2690 vox
940 2657 1112 2701 singularis

460 2708 511 2743 vel
543 2706 732 2741 universalis
766 2706 799 2738 in
822 2706 954 2741 essendo
968 2707 1111 2750 ,quippe

460 2757 552 2794 nulla
570 2768 636 2791 vox
655 2755 699 2789 est
723 2755 910 2790 universalis
930 2768 938 2787 :
963 2757 1015 2790 sed
1040 2768 1110 2790 om.

460 2809 512 2842 nis
533 2807 579 2842 est
603 2804 792 2850 singularis:
821 2804 901 2839 Vox
914 2806 1033 2849 quippe
1053 2817 1110 2841 ens

237 2858 405 2906 quoddam
421 2858 467 2893 est
480 2883 491 2899 ,
514 2856 653 2903 qualitas
665 2854 812 2899 quaedam
824 2855 869 2888 est
889 2854 928 2888 de
939 2856 1033 2889 tertia
1048 2857 1108 2900 spe-

234 2913 303 2946 cie.-
331 2909 419 2944 unde
439 2908 519 2943 sicut
540 2917 642 2942 omne
660 2917 719 2940 ens
740 2930 752 2946 ,
780 2905 952 2946 omnisque
972 2905 1109 2948 qualitas

234 2962 271 2995 in
293 2960 426 2995 essendo
447 2959 494 2994 est
505 2957 693 3002 singulari53
713 2956 756 2989 sic
781 2956 881 2988 etiam
900 2956 1010 2989 omnis
1032 2967 1109 2990 vox.

234 3011 458 3046 Controverto
479 3006 536 3042 hic
557 3019 636 3052 ergo
660 3006 701 3039 de
723 3016 844 3039 vocum
869 3005 1109 3041 universalitate

235 3062 270 3096 ὃς
292 3059 514 3105 singularitate
534 3058 569 3092 in
590 3055 811 3102 significando
836 3067 848 3088 .·
871 3066 968 3089 voces
989 3055 1108 3100 quippe

235 3110 411 3156 singulares
433 3109 468 3143 in
489 3107 621 3143 essendo
634 3106 764 3150 possunt
783 3106 845 3140 effe
866 3106 1105 3141 universalesin

1168 173 1336 237 Qun·
1384 171 1513 216 Vox
1563 174 1677 219 INr.
1921 174 2017 222 *201

1185 250 1370 297 aequivoce,
1394 253 1565 297 negative,
1595 266 1632 289 ac
1644 259 1820 299 copulatim
1833 260 1994 303 praedicari
2019 259 2063 295 de

1186 304 1298 336 multis
1310 326 1321 342 ,
1337 305 1467 346 possunt
1479 304 1579 338 etiarn
1593 316 1688 339 voces
1699 309 1870 352 singulares
1882 324 1893 344 :
1907 323 1942 345 ut
1957 311 2061 346 consi-

1184 353 1309 388 deranti
1323 376 1334 392 ,
1356 354 1554 397 &exemplo
1574 355 1849 392 inducentifacile
1861 361 1982 403 patebit
1997 385 2004 392 .

1235 414 1265 439 2·
1291 403 1363 436 Has
1378 414 1484 437 tamen
1498 405 1709 438 definitiones
1733 417 1898 449 nunquam
1923 411 2058 453 probare

1184 453 1301 496 potui·
1331 455 1376 486 Sic
1398 466 1466 497 crgo
1487 455 1555 487 illas
1578 458 1736 499 aggredior
1760 469 1767 487 :
1807 457 1935 492 Dantur
1960 471 2057 494 voces

1184 502 1358 547 singulares
1371 528 1381 543 ‚
1396 515 1463 547 quae
1473 506 1666 539 affirmative
1680 530 1691 546 ,
1706 506 1864 544 univoce,
1882 509 1915 540 &
1930 511 2056 544 divisim

1185 554 1257 586 sunt
1272 553 1483 595 praedicabiles
1494 557 1535 589 de
1549 556 1660 589 multis
1671 568 1680 594 ·,
1693 555 1772 600 ergo
1788 556 1844 589 ista
1857 556 1930 590 data
1943 557 2058 592 defi-ni·

1183 603 1232 636 tio
1257 614 1318 646 pro
1338 615 1417 637 voce
1431 606 1626 646 universali,
1653 605 1787 649 quadrat
1800 605 1897 640 etiam
1924 607 2060 650 quibus-

1183 653 1258 686 dam
1272 653 1406 688 vocibus
1420 655 1634 700 singularibus
1647 668 1655 688 :
1682 657 1831 699 adeoque
1843 668 1911 691 non
1923 657 1968 690 est
1981 669 2059 691 cum

1184 705 1240 736 suo
1249 701 1387 738 definito
1398 705 1622 740 convertibilis
1636 720 1647 740 .·
1667 706 1747 740 item
1759 706 1840 751 ergo
1866 718 1934 740 non
1956 708 2000 740 est
2018 707 2060 740 de

1183 755 1308 787 ratione
1330 757 1421 788 vocis
1443 755 1612 800 singularis
1634 758 1795 800 praedicari
1817 757 1857 790 de
1873 768 1941 790 uno
1966 757 2059 791 solo:

1183 802 1329 847 adeoque
1352 815 1463 839 neutra
1482 807 1615 840 istarum
1636 807 1870 841 definitionum
1899 807 2037 841 subsistit
2052 832 2060 839 ,

1184 853 1332 887 Probatur
1354 857 1551 889 antecedens:
1581 857 1670 903 Qia
1698 870 1763 891 vox
1790 861 1874 890 Deus
1909 858 1955 890 est
1995 868 2060 891 vox

1182 904 1248 936 sine
1269 903 1373 940 dubio
1401 906 1572 949 singularis
1601 920 1608 939 ε
1638 909 1729 951 atqui
1755 920 1823 942 vox
1849 911 1930 940 Deus
1951 906 2061 950 praedi-

1182 963 1276 987 catur
1302 955 1343 987 de
1370 956 1486 989 multis
1510 957 1701 992 affirmative
1723 970 1732 999 3
1770 957 1897 991 divisim
1933 957 2060 1045 deja-

1183 1014 1230 1037 tre
1247 1027 1259 1043 ,
1285 1003 1373 1037 Filio
1394 1029 1404 1043 ‚
1446 1016 1483 1039 ac
1518 1007 1640 1050 Spiritu
1676 1009 1796 1043 Sansto
1833 1031 1844 1048 ,
1876 1008 1908 1041 ἀ
1943 1019 1962 1040 u
1993 1018 2062 1041 ivo-

1183 1053 1240 1094 ce,
1269 1063 1304 1087 ut
1314 1052 1384 1087 dixi
1400 1055 1489 1098 supra
1513 1055 1596 1099 ἀν’-[ρ.
1618 1068 1670 1094 10.
1690 1059 1760 1091 dub.
1782 1067 1815 1102 3.
1840 1056 1930 1101 Ergo
1942 1057 2061 1101 aliqua:

1185 1114 1280 1137 voces
1290 1104 1466 1148 singulares
1477 1107 1687 1148 praedicantur
1697 1108 1739 1142 de
1760 1108 1874 1141 multis
1896 1108 2065 1141 affirmati·

1186 1152 1244 1194 ve,
1272 1154 1416 1189 univoce
1429 1156 1463 1189 &
1477 1157 1604 1191 divisim
1617 1183 1625 1191 .
1653 1159 1735 1192 Item
1749 1169 1835 1201 pone
1847 1159 1979 1192 unicam
2003 1156 2062 1191 hu·

1185 1203 1375 1240 manitatem
1400 1206 1588 1250 suppositari
1611 1207 1645 1241 in
1668 1208 1768 1241 tribus
1787 1207 1979 1249 suppositis,
2005 1217 2062 1240 aut

1184 1254 1321 1289 eandem
1348 1254 1533 1290 albedinem
1548 1257 1713 1300 subjestari
1728 1258 1760 1291 in
1775 1257 1878 1290 tribus
1891 1255 2060 1299 suffiessis,

1185 1315 1265 1338 tunc
1288 1316 1355 1339 vox
1375 1306 1476 1339 album
1491 1331 1501 1346 ,
1523 1307 1557 1341 dc
1572 1320 1638 1342 vox
1650 1308 1732 1340 bomo
1743 1318 1838 1341 erunt
1851 1317 1945 1340 voces
1958 1307 2062 1349 singu-

1185 1355 1277 1389 lares.-
1303 1355 1534 1400 fignificabunt
1545 1357 1634 1392 enim
1648 1358 1689 1392 de
1701 1357 1829 1393 formali
1844 1367 1911 1390 rem
1923 1369 1990 1390 non
2004 1356 2063 1389 sin-

1183 1406 1385 1450 gularem.Et
1397 1416 1506 1441 tamen
1518 1407 1776 1450 praedicabuntur
1787 1406 2065 1446 affirmativemni-

1185 1455 1265 1491 voce
1275 1460 1292 1495 ,¹
1313 1456 1490 1491 &divisim
1514 1458 1556 1492 de
1566 1460 1703 1494 multis.-
1729 1458 1793 1492 isto
1804 1457 1977 1492 enimcasu
1999 1468 2062 1500 po*

1184 1509 1243 1541 sito
1266 1516 1364 1540 erunt
1382 1517 1439 1549 per
1460 1508 1600 1543 eandem
1626 1509 1866 1543 humanitatem
1880 1518 1942 1541 tres
1953 1506 2063 1541 homi-

1185 1567 1241 1590 nes
1253 1581 1264 1596 ‚
1288 1557 1322 1590 ὃ(
1335 1566 1389 1599 per
1399 1557 1536 1590 eandem
1548 1558 1733 1593 albedinem
1747 1558 1806 1591 tria
1817 1557 1890 1591 alba
1903 1569 1915 1588 :
1938 1565 1974 1589 ut
1996 1568 2063 1590 tra-

1183 1606 1233 1642 dit
1254 1605 1388 1639 Gabriel
1410 1613 1443 1639 in
1464 1615 1496 1652 3.
1520 1604 1588 1649 dist.
1615 1617 1643 1643 1.
1668 1607 1769 1650 quaest.
1794 1616 1826 1640 2..
1851 1615 1911 1639 art.
1938 1615 1967 1652 3.
1991 1605 2064 1638 dub.

1182 1671 1213 1699 4.
1237 1658 1283 1689 aa'
1303 1666 1333 1689 2.
1353 1657 1396 1689 Et
1407 1667 1471 1701 ego
1483 1657 1607 1692 tradam
1628 1659 1727 1692 latius
1749 1657 1851 1691 infra.
1885 1655 2065 1699 Ergdquae·

1183 1708 1259 1740 dam
1274 1716 1368 1741 voces
1380 1707 1554 1750 singulares
1568 1709 1728 1750 praedicari
1742 1708 1871 1751 possunt
1884 1706 1924 1740 de
1938 1707 2065 1747 multis,

1182 1755 1310 1792 divisim
1322 1781 1334 1798 ,
1354 1757 1499 1792 univoce
1512 1783 1523 1798 ,
1542 1758 1739 1794 affirmative
1755 1785 1762 1792 .

1232 1817 1262 1852 3.
1289 1805 1377 1849 Resp.
1400 1820 1468 1853 ergo
1487 1813 1524 1843 Φ*
1543 1811 1741 1853 dae'coprimb:
1770 1808 1853 1842 Duae
1871 1808 1944 1841 sunt
1969 1807 2065 1841 bonae

1184 1857 1397 1892 definitiones
1409 1860 1499 1893 vocis
1512 1859 1699 1895 universalis
1721 1861 1754 1893 δε
1767 1858 1944 1901 fingulariS·
1960 1860 2064 1890 Prima

1184 1908 1221 1948 est
1247 1908 1334 1942 baec:
1364 1908 1443 1942 Vox
1456 1910 1626 1954 singularis
1638 1910 1683 1943 est
1699 1908 1815 1942 voxde
1825 1909 1954 1942 formali
1969 1909 2069 1952 signi·

1184 1959 1286 1990 ficans
1298 1967 1365 1990 rem
1379 1958 1571 2000 singularem
1587 1971 1596 2001 3
1611 1970 1677 1993 vox
1689 1958 1877 1993 universalis
1887 1959 1933 1991 est
1946 1969 2011 1991 vox
2024 1958 2065 1992 de

1184 2006 1314 2040 formali
1330 2006 1515 2050 fignificans
1528 2019 1595 2042 rem
1617 2009 1832 2044 universalem
1845 2032 1856 2048 ‚
1878 2020 1907 2041 v.
1919 2019 1951 2051 g.
1967 2019 2066 2042 voces

1183 2056 1287 2095 homa,
1314 2057 1449 2095 animal,
1472 2059 1598 2098 album,
1624 2059 1747 2100 risibile,
1773 2059 1806 2092 ὅ(
1821 2058 1939 2092 ssmiles
1959 2081 1969 2096 ,
1990 2059 2065 2092 sunt

1185 2115 1281 2138 voces
1314 2105 1506 2138 universales
1533 2118 1540 2137 ε
1565 2109 1641 2148 quia
1662 2119 1772 2141 earum
1799 2109 1977 2151 fignificata
2001 2110 2063 2142 for-

1183 2153 1281 2187 malia
1304 2154 1378 2186 sunt
1404 2152 1837 2195 humanitas‚auimalitas,
1860 2156 2000 2196 albedo,
2022 2158 2064 2191 ri-

1181 2202 1339 2244 fibilitas;
1361 2214 1432 2247 quae
1454 2206 1531 2239 sunt
1560 2207 1673 2240 formae
1697 2208 1751 2240 seu
1771 2217 1891 2240 naturae
1914 2208 2061 2248 quaedam

1181 2252 1394 2286 universales.
1426 2252 1473 2287 At
1489 2255 1565 2288 verd
1588 2266 1686 2290 voces
1699 2261 1781 2289 Deus
1795 2280 1807 2295 ,
1827 2256 1978 2296 michael,
2004 2260 2063 2290 Pe-

1180 2311 1247 2334 trus
1262 2326 1273 2341 ,
1291 2301 1338 2334 bic
1351 2300 1434 2334 homo
1450 2326 1461 2342 ‚
1487 2304 1536 2344 iste
1549 2303 1651 2345 bomo,
1674 2304 1723 2344 iste
1745 2315 1835 2346 equus
1849 2329 1860 2344 ,
1883 2308 1982 2338 Filius
1994 2311 2062 2339 Vir-

1175 2357 1284 2394 ginis,
1307 2352 1340 2385 &
1361 2351 1502 2392 similes,
1524 2356 1601 2388 sunt
1631 2365 1727 2388 voces
1748 2354 1924 2396 singulares
1948 2366 1955 2385 :
1980 2357 2059 2396 quia

1178 2402 1333 2436 nimirum
1345 2412 1453 2437 earum
1476 2404 1612 2438 formale
1633 2403 1846 2448 significatum
1863 2403 1908 2436 est
1934 2405 2057 2448 forma,

1178 2452 1231 2485 seu
1256 2462 1371 2486 natura
1393 2454 1538 2494 quaedam
1562 2455 1732 2499 singularis
1756 2479 1762 2487 .
1793 2452 1973 2499 Contingit
1998 2453 2058 2492 ita-

1176 2513 1240 2544 que
1262 2502 1295 2535 in
1319 2514 1400 2537 voce
1421 2502 1574 2548 singulari
1593 2505 1629 2539 &
1650 2504 1827 2540 universali
1850 2530 1861 2546 ,
1894 2506 1983 2547 quod
2017 2508 2054 2542 in

1174 2551 1330 2596 plerisque
1351 2553 1425 2587 aliis
1448 2556 1647 2599 contingere
1668 2554 1822 2589 haetenus
1848 2556 1954 2590 visum
1976 2556 2020 2590 est
2043 2570 2052 2590 τ

1174 2613 1284 2636 earum
1305 2603 1395 2637 enim
1419 2605 1667 2639 nomenclatura
1691 2606 1725 2640 &
1750 2605 1956 2645 intitulatio,
1979 2608 2054 2640 uni-

1173 2652 1335 2687 versalitas
1353 2653 1506 2687 nimirum
1531 2656 1563 2689 ὅ(
1583 2656 1814 2701 singularitas,
1839 2658 1990 2700 neglet‘io
2014 2657 2051 2691 fi-

1172 2703 1331 2745 gnificato
1354 2704 1547 2738 fecundatio
1584 2707 1618 2739 &
1642 2705 1802 2741 materiali
1827 2729 1839 2745 ,
1868 2707 2050 2742 desumitur

1171 2764 1212 2786 ex
1237 2754 1307 2786 solo
1330 2754 1484 2796 primario
1505 2755 1538 2789 δε
1561 2755 1708 2790 formali.

1220 2813 1253 2849 4.
1279 2805 1382 2836 Dices:
1409 2805 1469 2839 Hae
1490 2816 1585 2840 voces
1606 2806 1794 2846 christianus
1821 2829 1833 2846 ,
1863 2805 2048 2849 augustinia-

1170 2865 1250 2893 nus,
1274 2858 1485 2887 Ciceronianus
1501 2859 1676 2896 ‚Romanus
1692 2881 1703 2897 ,
1725 2854 1871 2899 Iprensis,
1894 2858 1949 2890 &a
1970 2857 2045 2890 sunt

1170 2914 1265 2937 voces
1287 2905 1497 2939 universales:
1522 2906 1570 2939 uti
1596 2908 1706 2941 nullus
1735 2906 1871 2952 negabit
1892 2930 1899 2938 .
1935 2906 2045 2950 Atqui·

1169 2953 1230 2987 illae
1253 2965 1350 2988 voces
1380 2955 1424 2988 de
1456 2956 1587 2990 formali
1608 2957 1794 3001 significant
1813 2968 1880 2991 rem
1905 2955 2043 3001 singula·

1167 3015 1234 3038 rem
1258 3016 1266 3036 ι
1299 3004 1487 3049 significant
1515 3009 1606 3041 enim
1639 3008 1679 3042 de
1704 3007 1834 3042 formali
1871 3005 2043 3041 Christum

1148 3054 1375 3096 Dominum,
1402 3055 1630 3100 Augustinum
1651 3082 1661 3098 ,
1701 3057 1898 3092 Ciceronem
1920 3079 1931 3097 ‚
1968 3056 2040 3091 Ro·

1165 3115 1273 3144 mam,
1304 3105 1390 3148 lpras
1414 3130 1426 3145 ,
1465 3107 1526 3140 ἀς.
1560 3106 1647 3152 Ergo
1671 3108 1755 3142 male
1781 3109 1903 3143 dicitur
1929 3105 2041 3141 omnis

234 3159 478 3205 significando;
496 3159 576 3194 sicut
598 3158 712 3196 Deus,
733 3155 806 3194 sol,
827 3153 949 3197 homo,
972 3155 1104 3201 &c.qui
1166 3165 1233 3187 vox
1260 3155 1452 3189 universalis
1478 3156 1519 3189 de
1546 3157 1678 3191 formali
1705 3158 1885 3202 fignificare
1912 3167 1979 3191 tem
2005 3167 2039 3190 u-

234 3213 311 3245 sunt
331 3210 505 3255 singulares
528 3209 563 3243 in
583 3207 739 3248 essendo,
761 3207 834 3240 sunt
856 3206 1049 3241 universales
1069 3208 1103 3241 in
1144 3204 1375 3239 *niversalem.
1402 3203 1489 3247 Resp.
1511 3209 1646 3250 negando
1656 3213 1796 3242 mitiorem
1810 3223 1820 3242 :
1845 3209 1888 3242 Et
1910 3208 1987 3242 dico
1997 3206 2034 3240 is-

233 3259 413 3296 caussando
430 3281 441 3298 ‚
463 3258 499 3292 in
519 3256 752 3303 cognoscendo
773 3281 784 3297 ,
806 3257 868 3290 &c.
898 3254 1027 3290 Vocem
1047 3257 1104 3292 ita·

233 3322 298 3354 que
318 3308 535 3344 universalem
556 3309 589 3342 &
618 3308 811 3352 singularem
842 3306 1006 3341 definiunt
1033 3309 1102 3350 qui·

233 3360 310 3394 dam
328 3359 393 3394 hoc
417 3358 540 3392 modo.
567 3356 649 3392 Vox
671 3356 860 3391 universalis
883 3355 928 3390 est
952 3367 1018 3390 vox
1029 3368 1101 3400 prae-

232 3409 382 3444 dicabilis
392 3408 434 3443 de
447 3406 577 3451 multis;
601 3418 668 3442 vox
678 3406 849 3452 singularis
859 3407 902 3440 est
916 3417 982 3441 vox
992 3408 1098 3450 praedi-

231 3458 344 3493 cabilis
353 3459 393 3493 de
405 3470 475 3494 uno
484 3459 574 3493 solo.
599 3457 795 3502 Intelligunt
810 3467 917 3491 autem
938 3457 980 3490 de
998 3456 1099 3501 praedi·

231 3508 396 3545 cabilitate
413 3509 574 3548 univoca,
599 3507 811 3546 affirmativa,
837 3506 1000 3543 &divisa:
1022 3517 1099 3542 nam

327 3557 432 3598 christ.
444 3562 524 3601 Lupi
533 3563 631 3600 opera
650 3560 729 3592 Tom.
741 3560 814 3591 xit.

1161 3263 1210 3288 tas
1231 3265 1329 3287 voces
1347 3255 1388 3288 de
1412 3255 1543 3289 formali
1570 3270 1637 3290 non
1664 3257 1832 3293 Christum
1849 3283 1860 3299 ‚
1884 3269 1946 3292 nec
1960 3257 2036 3291 Au·-

1161 3304 1353 3347 gustinum,
1383 3316 1444 3338 nec
1466 3306 1612 3341 Romam
1639 3308 1818 3350 significare
1840 3320 1850 3349 ς
1878 3307 1931 3342 sed
1957 3317 2033 3341 con—

1161 3354 1331 3388 feffionem
1357 3355 1389 3388 &
1415 3356 1643 3397 professionem
1657 3357 1799 3393 Christi.
1828 3359 1860 3392 Is
1884 3358 1974 3392 enim
1986 3357 2035 3391 di-

1161 3406 1244 3438 citur
1271 3402 1477 3438 Christianus
1499 3430 1510 3445 ‚
1543 3406 1598 3450 qui
1624 3407 1722 3442 corde
1747 3407 1850 3443 credit
1868 3433 1878 3448 ,
1915 3408 1949 3441 δε
1976 3418 2033 3440 ore

1160 3454 1336 3489 confitetur
1360 3453 1551 3490 Christum:
1574 3457 1655 3491 Vox
1670 3457 1894 3502 Augustini'anus
1915 3456 1955 3490 de
1968 3458 2031 3489 for-

1160 3504 1239 3541 mali
1269 3504 1435 3550 fignificat
1457 3504 1678 3543 imitationem
1707 3507 1806 3545 sandi
1827 3504 2030 3553 Augustini»

1610 3559 1632 3593 S
1931 3554 1983 3588 vel
