2384 3770
256 138 421 196 Qun>
459 134 531 179 Sn·
567 123 671 177 Voir'
708 117 849 176 CAT:
890 115 1052 190 Qib
1084 116 1250 176 vSY'thp
1289 116 1465 190 Qun.
1503 113 1632 176 Vdi‘c
1667 123 1836 180 Μῐέἑτ.
1918 146 2006 192 153

232 214 380 249 minativi
396 226 403 245 ε
418 223 451 247 at
463 213 542 249 vero
554 213 649 248 verba
664 210 808 246 secundae
821 210 857 247 ,δε
883 209 985 243 tertiae
1007 208 1109 251 perso-

240 277 291 299 nae
313 263 483 298 indicativi
506 265 596 299 modi
614 265 675 297 esse
687 261 871 306 significant
892 258 1110 302 significatum

240 315 329 347 casus
342 314 541 349 nominativi
555 313 716 358 participii
728 311 774 343 sui
788 323 795 342 :
808 320 883 347 nam
894 320 980 346 amas
992 333 1003 349 ,
1014 318 1109 348 amat,

239 370 351 396 amatis
374 390 384 404 ,
411 375 517 398 amant
532 389 542 404 ‚
566 365 651 398 idem
676 359 880 404 significant,
904 359 993 401 quod
1017 357 1055 398 cst
1076 371 1110 391 a-

240 425 327 445 mam
341 439 350 454 ‚
374 426 407 446 es
433 427 541 448 atnam
554 437 565 455 ,
582 412 655 456 sunt
673 416 808 443 amantes
830 434 840 449 ,
862 407 928 448 estis
951 417 1087 443 amantes
1101 433 1108 441 .

241 464 323 509 Quo
336 465 438 507 posito
450 473 519 499 tota
534 463 658 497 corruit
667 460 902 502 consequentia
913 484 920 491 .

463 564 485 598 S
510 563 539 596 E
567 561 598 595 C
622 560 660 593 T
685 561 700 594 1
726 562 760 595 Ο
810 559 883 595 lv.

339 615 444 648 solutio
462 615 632 654 aliquarum
657 613 784 644 aliarum
797 610 993 651 obiee‘lionum
1004 633 1011 642 .

241 674 296 712 43.
447 665 561 696 Btictes
583 663 683 704 prima
700 685 710 700 ,
738 669 839 694 contra
867 665 986 695 nomina
1011 657 1107 699 adjec-

343 663 432 748 Ο
459 718 548 745 tiva:
578 722 641 745 vox
671 708 1105 755 syncategorematicaidem

240 764 306 803 est,
329 764 418 806 quod
433 775 496 796 vox
508 758 798 805 compraedicabilis
812 785 824 800 ‚
843 760 911 794 sive
931 758 1019 803 quod
1042 769 1106 791 vox

240 813 459 850 modificativa
485 813 576 846 vocis
597 810 825 855 praedicabilis:
852 812 944 854 atqui
970 807 1106 846 nomina

239 864 353 897 omnia
373 863 530 906 adjeffiva
550 863 625 896 sunt
648 871 744 894 voces
756 860 982 893 modificantes
1014 858 1106 902 signi·

240 912 428 946 ficationem
455 913 543 947 vocis
565 910 793 948 substantivae,
814 920 885 952 quae
908 920 962 952 per
979 909 1011 941 se
1035 917 1105 950 prae·

237 961 388 996 dicabilis
409 962 477 996 est:
496 973 574 1006 ergo
585 960 698 994 omnia
718 958 871 1000 adjectiva
883 958 1019 991 nomina
1032 958 1105 991 sunt

237 1015 557 1057 syncategoremata.
585 1007 669 1052 Resp.
699 1010 833 1052 negando
853 1011 996 1050 majorem
1020 1019 1028 1038 z
1055 1007 1104 1040 sed

240 1074 306 1096 vox
320 1060 653 1106 syncategorematica
667 1059 713 1093 est
726 1070 792 1095 vox
804 1083 814 1099 ,
836 1069 906 1102 quae
928 1069 982 1102 per
996 1058 1025 1091 se
1036 1068 1106 1100 prae-

238 1114 383 1146 dicatum
408 1111 637 1156 propositionis
653 1109 716 1143 esse
737 1120 804 1144 non
825 1110 926 1152 potest
948 1121 956 1140 z
977 1107 1031 1143 sed
1059 1109 1107 1141 so·

240 1161 412 1196 lummodo
429 1162 619 1196 modificare
632 1158 908 1204 fignificationem
930 1159 1019 1193 vocis
1038 1169 1107 1200 prae-

239 1213 405 1247 dicabiiis:
429 1213 490 1245 sive
500 1211 544 1244 est
558 1222 622 1246 vox
647 1211 736 1243 vocis
749 1208 962 1252 praedicabilis
976 1218 1106 1241 tantum

238 1261 460 1295 modificativa
473 1285 480 1293 .
510 1260 616 1295 Unde
626 1259 701 1292 dico
716 1259 852 1295 nomina
862 1258 1020 1301 adjestiva
1037 1268 1105 1291 non

237 1313 300 1345 effe
324 1313 646 1354 syncategoremata.-
670 1308 746 1350 quia
768 1307 979 1352 quantumvis
1003 1309 1063 1341 fint
1074 1307 1106 1339 fi-

237 1358 488 1406 gnificatione'm
516 1358 729 1402 quarumdam
756 1369 879 1394 vocum
904 1355 1106 1402 praedicabili-

237 1423 296 1445 um
318 1409 560 1453 modificantia;
590 1421 659 1443 non
687 1419 797 1442 tamen
824 1410 900 1442 sunt
919 1407 1105 1442 modifican-

237 1463 284 1496 tia
310 1470 460 1495 tantum:
489 1462 618 1504 possunt
644 1456 1026 1502 quippe&praedicatum
1039 1467 1107 1491 mo-

237 1511 394 1551 dificare,
420 1511 567 1545 acetiam
580 1518 634 1551 per
659 1509 691 1541 se
720 1507 928 1550 praedicatum
954 1507 1035 1540 effe:
1061 1512 1106 1539 uti

234 1560 426 1603 confidet-anti
444 1585 455 1600 ,
486 1570 520 1593 ac
540 1558 677 1600 exempla
701 1558 852 1591 inducenti
873 1557 984 1593 clarum
1005 1557 1039 1590 ό·
1061 1556 1103 1595 ob.

237 1617 322 1645 vium
340 1610 396 1651 est.
426 1608 588 1654 Adeoque
611 1619 679 1646 non
704 1609 1027 1653 synpategoremat25
1051 1606 1103 1642 sed

238 1673 312 1696 vera
331 1671 572 1704 categorernata
595 1660 668 1696 sunt
681 1680 690 1696 ,

287 1723 344 1758 44.
371 1712 498 1745 Obim'es
515 1708 639 1753 secundi
662 1732 673 1749 ,
693 1717 796 1746 contra
806 1707 893 1752 figna
913 1706 1103 1754 hneatcgore.

237 1769 350 1796 manca
361 1786 372 1802 ,
389 1763 486 1795 nullus
499 1785 509 1800 ,
531 1766 625 1800 omnis
638 1783 650 1800 ,
666 1762 789 1802 quidam
800 1784 811 1800 ‚
836 1759 1004 1792 non-nullus
1015 1783 1026 1799 ,
1049 1759 1112 1798 ιιΙὶ-ῥ

235 1818 322 1854 quis,
339 1813 396 1846 (π.
417 1810 498 1846 Vox
517 1810 791 1855 categorematica
818 1808 905 1843 idem
921 1809 966 1842 est
979 1833 989 1850 ,
1012 1806 1101 1852 quod

236 1873 303 1896 vox
327 1873 441 1905 potens
459 1862 522 1895 esse
544 1860 753 1904 praedicatum
770 1858 999 1903 propositionis
1012 1869 1103 1896 voca-

237 1911 298 1945 lis.-
316 1912 406 1953 atqui
431 1911 495 1945 istae
515 1912 649 1953 praesatae
675 1921 770 1943 voces
783 1910 912 1951 possunt
925 1910 988 1944 effe
999 1920 1053 1951 per
1074 1909 1104 1943 se

238 1960 474 2004 propositionis
484 1960 604 1993 vocalis
613 1958 817 2002 praedicatum
829 1968 843 1997 ,-
865 1968 945 2000 ergo
958 1958 1030 1991 sunt
1042 1968 1102 1990 vo-

238 2021 291 2044 ces
302 2010 576 2053 categorematicae
589 2032 597 2040 .
623 2007 710 2040 Proh.
720 2013 793 2040 min.
818 2005 852 2038 in
868 2003 918 2040 his
928 2006 1102 2049 praedicati-

237 2060 383 2100 onibus3
403 2067 438 2091 tu
457 2069 488 2091 es
500 2058 596 2091 nullus
609 2080 620 2097 ‚
635 2060 715 2090 Deus
732 2056 769 2096 est
791 2060 910 2095 omnia,
935 2066 985 2098 ego
998 2053 1103 2097 solum-

238 2110 322 2141 modo
329 2107 395 2151 sum
403 2113 504 2140 unicus
521 2130 531 2146 ,
552 2109 606 2139 (π-
632 2110 677 2137 Et
687 2103 957 2145 confirmaripotest
978 2109 1101 2137 tattone:

238 2158 316 2200 quia
327 2156 436 2190 omnis
447 2166 512 2189 vox
525 2179 535 2195 ‚
562 2165 632 2198 quae
647 2165 700 2196 per
712 2154 743 2187 se
755 2151 858 2196 potest
880 2153 941 2186 esse
964 2153 1103 2198 proposi-

237 2206 341 2242 tionis
353 2205 529 2249 subjeetum
538 2226 549 2242 ‚
571 2204 675 2246 potest
687 2204 785 2237 etiam
797 2201 859 2235 esse
874 2202 1103 2245 propositionis

235 2257 445 2301 praedicatum
458 2268 466 2288 ε
480 2254 570 2298 atqui
580 2265 695 2287 omnes
707 2252 770 2286 istae
782 2251 914 2295 praefatae
927 2263 1023 2285 voces
1047 2253 1098 2286 sae·

236 2305 362 2350 piffime
377 2305 452 2338 sunt
474 2303 731 2347 propositionum
751 2300 915 2339 vocalium
941 2300 1075 2343 subjecta
1095 2314 1102 2334 ;

236 2354 471 2390 ordinatissime
482 2354 570 2386 enim
582 2353 741 2386 dicimus:
768 2351 863 2382 nullus
876 2348 913 2387 est
925 2350 1004 2381 domi
1017 2373 1028 2389 ,
1051 2351 1101 2383 aa.

236 2411 302 2450 quis
315 2405 352 2446 est
361 2405 402 2438 c'bi
413 2411 565 2442 mortuus,
577 2403 635 2435 (π.
656 2401 745 2445 Ergo
770 2400 873 2435 etiam,
891 2399 952 2432 esse
972 2401 1102 2442 possunt

234 2454 496 2500 propositionum
507 2451 673 2494 praedicata
685 2475 692 2482 .
716 2449 801 2492 Resp.
811 2449 988 2485 concedendo
999 2458 1100 2490 totum:

235 2505 431 2539 verissimum
444 2513 584 2542 namque
593 2502 637 2534 est
648 2500 723 2534 istas
736 2510 831 2537 voces
845 2523 855 2539 ,
881 2498 1014 2541 quando
1025 2500 1098 2537 sunt

235 2553 497 2600 propositionum
509 2550 669 2594 subjec'ta,
695 2559 750 2586 aut
760 2547 945 2592 praedicata,
966 2550 1028 2589 effe
1052 2560 1101 2587 ca-

236 2613 454 2650 tegoremata:
482 2602 559 2635 licet
570 2613 610 2634 ex
623 2602 653 2637 vi
666 2598 835 2634 ordinariae
857 2609 896 2633 ac
907 2598 964 2632 fibi
985 2597 1101 2639 debitae

233 2652 486 2699 significationis
501 2651 564 2683 sint
586 2648 795 2684 solummodo
820 2649 1100 2693 syncategorema-

237 2715 269 2738 ta
282 2728 288 2735 .
316 2708 424 2744 Neque
435 2699 471 2740 est
482 2700 560 2742 quod
568 2705 679 2734 mireris
691 2698 742 2731 hoo
752 2712 763 2731 ι
790 2709 865 2733 nam
877 2698 955 2733 sicut
964 2700 1099 2737 nomina

236 2753 390 2797 adjectiva
403 2748 583 2793 aiiquando
597 2747 868 2784 substantivantur
879 2771 891 2787 ,
912 2757 944 2784 ut
960 2750 1098 2790 pluribus

236 2803 359 2845 ostendit
382 2799 607 2843 Despauterius:
633 2799 711 2835 item
722 2798 800 2831 sicut
810 2796 907 2833 verba
917 2808 1029 2833 neutra
1043 2801 1098 2837 ali-

236 2852 370 2897 quando
393 2852 593 2885 astivantur:
617 2850 662 2883 ita
683 2848 781 2882 etiam
800 2849 1097 2892 syncategoremata

238 2901 420 2946 aliquando
447 2898 796 2945 categorematizantur
812 2911 823 2930 .-
845 2907 1097 2942 mutuanturque

232 2952 504 3000 significationem
521 2948 842 2994 categorematicam:
855 2948 1098 2990 supponuntur-

234 3016 299 3049 que
316 3003 351 3037 in
374 3000 532 3035 orationis
552 3009 733 3039 contextu,
752 3010 790 3032 ac
803 2998 824 3031 si
840 3007 910 3031 vera
931 2997 1036 3032 forent
1048 3011 1097 3034 ca-

233 3062 432 3098 tegoremata
445 3064 452 3084 :
477 3055 522 3084 uti
528 3058 615 3092 patet
625 3055 658 3083 in
669 3050 811 3090 exemplls
820 3047 909 3088 hujus
920 3050 1094 3091 argumenti.v

235 3107 282 3136 Et
291 3108 368 3136 ratio
380 3102 417 3142 est
427 3099 606 3142 manifesta:
628 3100 704 3142 quia
726 3099 806 3137 sicut
828 3107 948 3131 nomen
972 3097 1097 3140 adjecti.

236 3164 317 3187 vum
336 3150 563 3186 substantivari
580 3150 625 3184 est
645 3149 725 3183 illud
749 3149 782 3182 in
796 3158 954 3183 contextu
978 3151 1099 3194 oratio--

234 3203 287 3238 nis
310 3202 447 3245 supponi
470 3201 504 3234 in
527 3199 762 3245 significatione
782 3199 816 3233 &
831 3199 948 3232 virtute
960 3198 1095 3243 alicujus

233 3252 380 3286 nominis
398 3248 587 3284 substantivi
609 3262 623 3293 ,ἡ
648 3251 689 3283 sic
710 3249 810 3286 etiam
829 3249 1093 3294 syncategorema

231 3299 531 3347 categorematiwi
553 3299 604 3333 est.
621 3299 701 3334 illud
735 3299 769 3333 in
791 3308 950 3334 contextu
975 3300 1092 3334 oratio-

235 3354 289 3386 nis
312 3351 449 3394 supponi
464 3351 500 3384 in
528 3349 749 3384 finificatione
771 3347 905 3390 alicujus
932 3350 1023 3383 vocis
1043 3361 1093 3388 ea-

233 3401 491 3446 tegorematicae:
518 3399 609 3442 atqui
622 3398 687 3432 istae
699 3399 831 3444 praefatae
842 3409 937 3433 voces
950 3400 1092 3441 syncate-

231 3452 433 3500 gorematicae
445 3450 478 3484 in
497 3449 566 3485 istis
576 3450 712 3492 praefatis
733 3448 1009 3496 propositionibus
1021 3451 1091 3496 sup-

332 3500 437 3544 cbrtst.
451 3503 531 3543 Lupi
542 3503 640 3542 Opera
652 3502 733 3535 Tom.
742 3502 814 3538 XII.

1135 3029 1147 3438 f

1172 217 1339 251 ponuntur
1367 208 1402 242 in
1434 208 1690 253 significatione,
1716 215 1780 250 five
1802 224 1866 260 ‘pro
1890 213 2046 261 significa·

1172 269 1208 299 to
1234 257 1370 300 alicujus
1383 259 1472 293 vocis
1483 263 1778 304 categorematicae:
1806 276 1887 310 ergo
1913 265 2044 303 illicea-

1172 309 1500 352 tegorematizantur.
1529 311 1620 342 Patet
1645 314 1713 343 min.
1740 316 1814 355 quia
1836 327 1915 352 ‚curn
1941 315 2035 353 diem

1172 361 1254 390 Deus
1279 357 1317 397 est
1327 365 1427 392 omnia
1441 382 1453 400 ,
1473 370 1523 403 ego
1529 357 1594 402 sum
1604 360 1702 397 nullus
1713 384 1724 400 ,
1752 365 1847 396 nullus
1858 365 1897 404 est
1906 363 1949 398 lbi
1961 389 1972 406 ,
1984 366 2039 398 alt.

1169 412 1237 450 μὴ
1246 406 1284 446 est
1295 408 1337 440 tbi
1348 432 1359 447 ‚
1378 409 1435 442 &a
1464 410 1573 455 sensus
1586 408 1631 442 est
1644 406 1701 442 hic
1711 433 1722 449 ,
1737 412 1820 444 Deus
1834 413 1870 452 est
1878 426 1960 450 omne
1970 426 2038 454 ens,

1169 469 1220 501 ego
1236 455 1305 500 sum
1326 459 1421 500 nullus
1432 457 1537 501 bomo,
1565 459 1664 492 nullus
1677 457 1760 492 homo
1781 459 1821 500 est
1832 462 1875 494 ibi
1889 486 1900 501 ,
1927 465 2038 506 aliquu-

1170 507 1252 540 homo
1263 508 1300 546 est
1314 508 1374 548 ibi,
1401 510 1458 545 &a
1486 509 1574 553 Ergo
1589 508 1833 549 manifesteistae
1855 521 1950 545 voces
1963 514 2038 555 syn-

1168 558 1448 602 categorematicae
1470 559 1518 601 ibi
1530 561 1758 603 supponuntur
1774 570 1834 603 pro
1855 560 2039 605 significato

1169 605 1303 650 alicujus
1330 610 1420 642 vocis
1448 610 1810 654 syncategorematicae:
1833 609 2041 655 adeoqueca·

1169 665 1492 701 tegorematizantur.

1216 718 1272 755 45.
1299 709 1425 743 obiicies
1435 712 1526 748 terti&
1537 721 1545 742 :
1557 710 1755 754 pronomina
1765 708 2034 755 demonstrativa;

1167 758 1290 793 scilicet
1301 784 1311 801 ‚
1337 757 1404 800 bic,
1419 758 1468 800 iste
1477 785 1488 800 ‚
1506 761 1557 798 ille
1569 785 1581 801 ,
1593 762 1667 795 sunt
1679 771 1774 796 voces
1786 766 2037 808 categoremati-

1166 819 1227 846 cae:
1247 820 1327 854 ergo
1337 809 1436 844 etiam
1448 821 1545 844 voces
1559 835 1571 850 ‚
1600 813 1722 852 nullus,
1746 818 1843 846 omnis
1861 838 1873 855 ,
1899 814 2038 856 quidam,

1167 860 1298 900 aliquis,
1325 861 1381 893 &a
1409 863 1501 894 Tenet
1510 860 1714 904 consequentia
1726 863 1747 893 ἂ
1754 868 1847 905 par13
1869 874 1937 906 quae
1947 863 2038 898 enim

1167 908 1270 951 major
1281 909 1365 948 ratio
1380 921 1438 952 pro
1452 909 1504 947 his
1515 935 1526 951 ,
1547 922 1647 954 quam
1659 923 1720 955 pro
1730 912 1796 947 illis
1810 914 1823 946 ἒ
1850 918 1949 952 Amet.
1966 915 2037 947 ver&

1162 965 1268 1000 patet:
1300 959 1376 1002 quia
1389 970 1596 1005 categorema
1609 961 1654 995 est
1680 973 1761 1003 vox,
1789 973 1858 1006 quae
1878 964 2040 1008 significa-

1167 1007 1235 1042 tive
1247 1009 1370 1051 sumpta
1381 1011 1443 1043 esse
1458 1011 1561 1053 potest
1576 1012 1805 1055 propositionis
1815 1015 2037 1056 praedicatum;

1167 1059 1258 1102 atqui
1283 1059 1481 1101 pronomina
1501 1060 1756 1096 demonstrativa
1778 1063 1852 1096 sunt
1875 1063 2038 1106 saepiffime

1167 1108 1424 1155 propositionum
1436 1109 1626 1151 praedicata,
1647 1123 1684 1145 ac
1706 1109 1840 1153 subjecta
1862 1125 1872 1149 ·.
1897 1111 2038 1147 dicimus

1167 1159 1256 1192 enim
1269 1157 1521 1199 ordinatiffime2
1552 1162 1660 1199 Petrus
1672 1160 1791 1202 estsse,
1808 1166 1952 1206 Joannes
1969 1162 2038 1204 fuit

1167 1209 1237 1248 ille,
1266 1209 1380 1247 Paulus
1398 1207 1505 1251 fuerat
1515 1208 1580 1251 bic,
1607 1212 1656 1249 ille
1658 1209 1739 1252 fecit
1750 1209 1820 1253 boc3
1847 1212 1897 1250 iste
1912 1211 2039 1254 fecltis-

1166 1259 1224 1291 tud
1244 1280 1256 1296 ,
1276 1259 1334 1292 &a
1364 1258 1457 1303 Ergo
1479 1260 1538 1294 ista
1560 1262 1756 1304 pronomina
1783 1261 2039 1297 demonstrativa

1167 1309 1242 1341 sunt
1267 1310 1558 1353 categorematica.
1587 1315 1636 1346 Ita
1648 1315 1920 1345 teneeLaurentius
1945 1310 2040 1351 Giffe-

1167 1369 1203 1391 ne
1223 1357 1311 1390 traci.
1345 1370 1376 1394 2.
1385 1359 1455 1402 Jet‘l.
1485 1372 1517 1397 2.
1538 1368 1596 1393 art.
1610 1371 1642 1406 4.
1670 1360 1718 1400 Ast
1727 1360 1884 1404 respondeo
1904 1364 2039 1406 negando

1165 1408 1360 1450 antecedens,
1386 1410 1421 1445 er
1447 1410 1531 1444 dieo.-
1558 1410 1616 1445 ista
1641 1413 1838 1453 prononirna
1854 1424 1896 1446 ex
1921 1414 1951 1445 vi
1975 1413 2038 1447 suae

1166 1457 1335 1493 ordinariae
1344 1469 1383 1493 ac
1395 1458 1454 1493 sibi
1466 1459 1583 1500 debitas
1594 1462 1840 1505 significationis
1851 1465 1912 1496 efle
1927 1464 2038 1505 synca-

1166 1518 1366 1552 tegoremata
1377 1533 1385 1541 .
1398 1511 1492 1552 Quod
1497 1510 1608 1551 probo:
1624 1512 1700 1554 quia
1712 1512 1979 1557 syncategorema
1991 1512 2036 1544 est

1167 1569 1230 1593 vox
1242 1582 1254 1597 ,
1276 1569 1347 1601 quae
1357 1558 1570 1601 significative
1586 1561 1711 1603 sumpta
1725 1562 1838 1604 nequit
1852 1563 1913 1595 esse
1926 1562 2037 1604 praedi-

1165 1617 1275 1643 catum
1288 1607 1400 1641 vocale
1412 1621 1424 1641 :
1451 1608 1543 1652 atqui
1559 1610 1754 1652 pronomina
1778 1611 2034 1646 demonstrativa

1166 1666 1330 1700 nequeunt
1342 1658 1403 1691 effe
1415 1658 1621 1701 praedicatum
1635 1662 1748 1695 vocale
1761 1674 1772 1694 .·
1790 1672 1869 1705 ergo
1881 1663 1912 1695 su
1919 1674 1954 1696 nt
1968 1663 2038 1704 syn-

1165 1717 1405 1753 categoremata
1419 1732 1427 1740 .
1456 1709 1606 1746 Probatur
1619 1716 1714 1744 mmor
1725 1711 1820 1755 :quia
1842 1724 1909 1746 vox
1922 1722 2039 1755 potens

1164 1759 1225 1792 effe
1236 1756 1443 1802 praedicatum
1454 1759 1568 1794 vocale
1579 1758 1674 1795 debet
1691 1763 1752 1796 effe
1765 1773 1827 1794 vox
1851 1762 2039 1805 significans

1165 1809 1308 1853 aliquam
1317 1808 1458 1846 formam
1471 1810 1511 1845 de
1523 1811 1635 1855 aliquo
1647 1811 1786 1854 subjeeto
1800 1811 2037 1846 affirmabilem:

1163 1858 1458 1902 atquiprononima
1472 1860 1725 1897 demonstrativa
1748 1873 1788 1894 ex
1813 1863 1842 1893 vi
1866 1861 2038 1896 ordinaria:

1165 1910 1198 1943 δε
1214 1909 1270 1946 fibi
1282 1909 1413 1952 propriae
1425 1910 1670 1952 significationis
1682 1921 1750 1945 non
1765 1910 1952 1955 significant
1972 1914 2037 1946 for·

1165 1969 1251 1993 marn
1261 1958 1406 2001 aliquam
1418 1959 1663 1993 affirmabilem:
1692 1971 1771 2005 ergo
1786 1973 1852 1994 non
1877 1963 1951 1996 sunt
1976 1974 2039 1997 vo·

1163 2018 1216 2041 ces
1226 2032 1237 2048 ‚
1264 2018 1333 2051 quae
1345 2007 1559 2051 significative
1575 2011 1705 2052 sumptae
1718 2010 1835 2054 possint
1851 2013 1912 2046 effe
1927 2012 2038 2056 praedi-

1164 2065 1272 2093 catum
1285 2057 1537 2099 propositionis.
1567 2059 1716 2092 Probatur
1728 2067 1842 2094 minor:
1870 2063 1945 2105 quia
1976 2063 2036 2098 ista

1164 2106 1359 2146 prononima
1396 2105 1649 2140 demonstrativa
1687 2109 1897 2144 solummodo
1918 2113 2036 2156 fignifi-

1163 2164 1240 2187 cant
1250 2153 1564 2191 demonstrationem
1580 2157 1689 2195 formae
1700 2171 1711 2191 .-
1731 2159 1811 2193 sicut
1825 2161 1913 2204 figna
1926 2162 2036 2204 synca-

1163 2204 1395 2247 tegorematica
1408 2215 1477 2238 non
1489 2205 1677 2249 significant
1697 2208 1842 2251 aliquam
1864 2208 2005 2246 formam
2023 2224 2034 2254 ς

1164 2248 1216 2285 sed
1244 2252 1455 2291 solummodo
1482 2255 1532 2292 vel
1545 2255 1807 2298 distributivam,
1833 2260 1884 2297 vel
1905 2262 2035 2304 copula,-

1164 2313 1231 2335 tam
1244 2325 1255 2342 ‚
1282 2303 1527 2343 veldisiundiam
1542 2328 1552 2343 ‚
1582 2305 1632 2338 vel
1650 2305 1878 2343 difiunzffivam
1899 2321 2033 2345 enume-

1164 2351 1322 2388 rationem
1349 2351 1459 2388 formae
1472 2364 1525 2396 per
1536 2363 1651 2388 vocem
1665 2355 1816 2397 proxime
1842 2358 2030 2401 sequentem

1164 2401 1371 2445 fignificatae:
1398 2402 1439 2436 ab
1454 2401 1514 2436 hac
1525 2404 1645 2447 quippe
1655 2405 1944 2443 demonstrationis
1957 2434 1968 2449 ‚
1991 2421 2030 2444 ac

1163 2452 1416 2492 enumerationis
1433 2452 1673 2497 significatione
1688 2467 1847 2490 vocantur
1874 2461 2029 2500 prononi-

1163 2513 1215 2538 ωε
1227 2500 1492 2542 demonstrative,
1503 2503 1535 2537 &
1548 2503 1636 2548 signa
1649 2504 1706 2539 ista
1734 2516 1892 2541 vocantur
1918 2509 2028 2544 distri·-

1163 2549 1272 2588 butiva
1283 2552 1331 2584 vel
1358 2551 1546 2590 disiunCtiva
1562 2577 1572 2592 ,
1599 2556 1791 2593 universalia
1815 2558 1864 2592 vel
1890 2560 2027 2602 particu-

1162 2600 1238 2633 laria
1251 2625 1258 2632 .
1286 2605 1332 2634 Et
1353 2610 1442 2643 patet
1467 2602 1634 2641 indue‘lione
1649 2618 1660 2637 .·
1689 2617 1717 2637 v.
1728 2617 1759 2650 g.
1771 2619 1846 2641 cum
1859 2608 1955 2643 dico:
1970 2613 2025 2644 Pe-

1161 2660 1226 2683 trus
1239 2650 1274 2691 est
1285 2650 1331 2683 hic
1343 2650 1611 2694 homo,bucepbalus
1621 2653 1658 2694 est
1671 2656 1718 2688 ille
1725 2666 1800 2698 equa
1806 2657 1892 2698 s,ista
1907 2671 2026 2701 prono·

1162 2701 1251 2734 mina
1263 2699 1309 2733 hic
1319 2702 1352 2734 Θ
1363 2702 1412 2734 ille
1425 2714 1492 2737 non
1505 2703 1686 2747 significant
1698 2705 1799 2740 ullam
1823 2708 1961 2743 formam
1985 2710 2027 2743 de

1161 2750 1260 2788 Petro
1278 2762 1331 2785 aut
1358 2750 1549 2795 Bucephalo
1574 2754 1748 2794 affimaram
1768 2769 1783 2798 ,·
1810 2757 1862 2791 sed
1889 2757 2026 2793 demon·

1161 2801 1259 2834 strant
1271 2801 1480 2839 solummodo
1492 2803 1630 2837 formam
1652 2806 1867 2846 affirmatam;
1889 2809 1952 2842 sive
1974 2810 2025 2843 so-

1161 2851 1332 2891 lummodo
1357 2851 1540 2895 significant
1566 2853 1877 2891 demonstrationem
1888 2859 2024 2898 affirma-

1160 2912 1217 2941 tae.
1246 2902 1337 2936 Sicut
1362 2913 1438 2935 cum
1467 2903 1564 2937 dico.
1594 2906 1704 2938 Petrus
1730 2906 1767 2945 est
1793 2909 1901 2949 aliquis
1922 2908 2022 2945 home.

1160 2950 1346 2994 Bucephalus
1357 2951 1395 2991 est
1406 2953 1514 2994 aliquis
1529 2965 1622 2995 equus
1633 2979 1642 2994 ,
1671 2955 1755 2989 istud
1769 2957 1895 3000 signum
1910 2960 2022 3001 aliquis

1160 3011 1228 3035 non
1253 3002 1412 3046 significat
1439 3003 1578 3041 formam
1605 3004 1795 3044 affirmatam
1817 3020 1830 3049 ;
1858 3008 1910 3042 sed
1936 3020 2021 3043 enu-

1158 3051 1395 3092 merationem,
1423 3052 1487 3086 sive
1512 3053 1648 3088 modurn
1676 3058 1886 3091 enumerandi
1914 3058 2020 3092 inferi-

1155 3112 1213 3135 ora
1238 3101 1349 3136 formae
1374 3102 1557 3136 affirmatae.
1585 3103 1691 3148 Atqui
1702 3105 2021 3151 siguificaredemonw

1155 3151 1343 3188 strationem
1362 3153 1474 3187 sormae
1493 3164 1559 3188 non
1581 3154 1627 3187 est
1652 3155 1722 3197 plus
1749 3157 1929 3201 significare
1956 3160 2018 3193 for-

1154 3212 1262 3242 mam,
1288 3213 1385 3244 quam
1413 3201 1590 3245 fignificare
1616 3208 1895 3241 enumerationem
1907 3209 2020 3245 formae

1153 3252 1375 3295 sitsignificare
1386 3250 1522 3285 formam
1536 3265 1545 3293 ς
1574 3263 1653 3297 ergo
1674 3255 1869 3298 prononima
1882 3257 2015 3296 demon-

1154 3302 1283 3344 strativa
1305 3302 1621 3345 nequeuntpluseffe
1633 3315 1891 3350 categorernata,
1917 3320 2014 3353 quam

1153 3352 1215 3385 sint
1241 3351 1330 3395 signa
1357 3353 1707 3396 syncategorematica.

1177 3402 1281 3448 46.Et
1290 3404 1369 3434 ratio
1375 3400 1438 3434 haec
1447 3402 1573 3436 ulterius
1582 3404 1689 3438 deduci
1697 3406 1875 3450 potestzquia
1885 3419 1919 3441 ca
1926 3419 2014 3453 tego-

1151 3462 1240 3492 rema
1251 3450 1348 3493 debet
1358 3451 1422 3490 esse
1434 3462 1500 3488 vox
1509 3453 1603 3498 potes
1615 3451 1792 3500 significare
1802 3459 1833 3496 se
1844 3458 2015 3498 sesamam,

1577 3506 1613 3540 Ο
1859 3505 1964 3549 ursec‘t'.
