2384 3770
323 160 482 224 Qu>
518 158 612 204 S1r
649 158 827 206 PRAED.
866 158 971 204 Seu
1009 156 1246 201 Derion.
1285 155 1462 201 Rem.
1499 159 1658 224 Qu,
1692 161 1828 208 ΕΔΤ,

218 245 307 279 ἃυηι
317 268 328 284 ,
340 242 428 278 aliud
441 242 485 278 est
498 243 516 277 a
527 244 652 278 ratione
663 245 782 278 fastum
797 267 804 275 .
831 241 914 287 Qae
926 239 1091 274 distinctio

219 294 287 329 non
298 293 343 327 est
356 304 427 327 mea
443 319 454 334 ‚
482 305 586 338 neque
599 305 706 335 nova;
732 293 786 326 sed
797 292 904 327 saneti
928 288 1092 324 Thomae:

219 354 258 377 ut
274 343 444 378 ostendam
471 345 583 378 multis
594 345 626 377 in
640 341 764 386 Logica
779 367 786 373 .
815 341 908 374 Ensa
921 352 1047 375 ratione
1059 341 1092 373 fi-

218 395 305 430 ctum
317 395 359 428 est
372 406 429 428 ens
442 394 522 428 faeitt
536 395 579 426 im
584 392 744 436 possibile,
755 392 831 428 fictu
844 391 918 425 vero
933 390 1092 435 poffibile:

217 445 286 485 est,
313 438 469 487 inquam,
494 454 552 478 ens
575 441 763 485 quoddam,
792 441 880 486 quod
901 442 918 475 ὲ
940 453 1027 485 parte
1049 441 1093 474 rei

218 505 326 537 neque
349 495 392 528 est
406 518 417 535 ‚
444 503 548 538 neque
560 502 613 535 per
628 492 735 525 Deum
748 493 817 526 fieri
839 492 941 535 potest
955 504 965 534 ;
987 490 1092 534 potest

219 555 330 578 tamen
343 544 360 577 a
370 544 497 578 ratione
507 542 600 587 fingi.
613 540 712 576 Talia
725 543 798 576 sunt
810 541 1093 587 chymaera,mons-

217 594 390 629 sine-valle
411 590 592 626 &fimiliaz
619 591 697 626 talia
717 592 806 626 enim
828 593 914 626 entia
938 593 1028 626 Deus
1052 602 1094 624 ne

218 643 352 687 quidem
373 641 474 685 potest
487 641 589 675 facere
602 653 617 685 ‚·
644 642 750 676 nostra
774 652 882 677 tamen
895 643 978 676 ratio
990 639 1093 685 potest

219 694 276 729 illa
297 691 354 725 sibi
374 692 517 735 fingere:
546 691 689 736 Ideoque
702 703 859 727 vocantur
874 693 988 726 entiaa
1000 692 1096 725 ratio·

218 754 262 777 ne
273 742 366 781 ficta,
393 741 443 775 vel
466 741 643 785 fingibilia.
675 743 743 777 Ens
761 743 896 777 rationis
910 743 1029 776 fastum
1042 752 1092 775 vo·

217 803 310 827 catur
335 791 436 832 illud,
462 792 551 834 quod
574 791 786 826 estatatione
798 793 1012 836 prot-lustum,
1042 792 1093 824 seu

218 843 363 884 fastum3
391 852 455 887 v.g.
475 842 679 882 intellectio,
706 842 1095 886 propositio,judiciurn,

218 891 394 932 discursus,
420 891 571 926 definitio
585 915 596 931 ‚
618 891 734 932 divisio
744 916 755 932 ,
766 891 1001 926 demonstratio
1013 916 1022 931 ,
1035 892 1095 925 ἀς.

218 952 381 977 vocantur
401 940 486 976 entia
509 940 644 978 rationis
666 942 770 976 fasta:
796 942 871 985 quia
895 943 967 976 sunt
981 941 1096 975 entiaa

217 993 346 1031 satione
370 990 503 1035 physice
523 992 650 1025 causata
671 1015 683 1032 ,
708 991 936 1036 &produlia
969 992 1009 1025 Et
1032 989 1097 1024 haec

219 1053 290 1075 non
313 1044 387 1075 sunt
406 1040 585 1085 figmenta,
612 1042 666 1076 sed
702 1043 776 1075 sunt
797 1042 885 1076 entia
898 1042 970 1076 vere
982 1042 1079 1076 realia
1093 1065 1100 1072 .

221 1092 305 1130 Item
316 1093 356 1126 de
367 1090 416 1125 his
428 1091 574 1134 loquitur
583 1092 706 1126 sanstus
718 1091 891 1133 Thomas,
916 1093 995 1126 dum
1010 1093 1097 1125 entia

218 1142 357 1176 rationis
378 1140 538 1184 objectum
565 1141 696 1188 Logicae
717 1142 879 1186 appellat.
909 1142 985 1190 Qa
1011 1142 1044 1175 in
1067 1152 1099 1175 re

219 1191 397 1230 modernos
416 1191 610 1228 Themistas
627 1194 645 1226 a
668 1194 777 1227 sancio
805 1191 1099 1232 Thomadeviare,

220 1242 358 1286 pulchre
368 1241 428 1276 tibi
440 1267 451 1288 ‚
477 1242 512 1275 ni
524 1241 637 1285 fallar,
662 1242 832 1278 ostendam
845 1242 878 1276 in
891 1243 1016 1287 Logica
1028 1267 1036 1275 .

223 1289 226 1293 ’
272 1301 326 1335 qr.
353 1289 565 1332 Praedicatum
586 1292 696 1336 itaque
718 1293 857 1329 rationis
878 1291 1029 1331 etiamest
1043 1290 1099 1325 du-

220 1340 297 1385 plex
307 1363 315 1370 .
345 1339 449 1384 Aliud
461 1341 568 1375 vocari
581 1341 686 1385 potest
698 1341 901 1387 praedicatum
915 1341 1051 1376 rationis
1066 1340 1100 1379 fi-

221 1392 331 1431 stum,
358 1390 447 1424 aliud
467 1391 672 1434 praedicatum
694 1393 832 1427 rationis
854 1394 991 1429 fastum.
1020 1390 1100 1425 Prae—

220 1440 366 1476 dicatum
378 1440 396 1479 a
407 1440 533 1475 ratione
542 1441 653 1478 fistum
664 1443 709 1479 est
720 1443 801 1477 illud
813 1468 824 1483 ,
851 1443 943 1486 cujus
964 1440 1102 1476 formale

223 1485 441 1534 significatum
457 1490 503 1528 est
512 1502 570 1526 ens
582 1492 738 1529 aratione
748 1493 858 1525 fictum
869 1516 877 1523 .
891 1491 1015 1538 Qalia
1029 1491 1102 1525 sunt

220 1535 378 1584 chymera
390 1563 402 1580 ,
428 1550 524 1574 mons
537 1541 699 1575 fine-vane
712 1566 723 1582 ‚
742 1541 775 1584 ὃς
787 1539 900 1574 similia
912 1565 920 1573 .
949 1539 1103 1578 Praedica·

220 1599 293 1624 tum
314 1589 454 1627 rationis
473 1590 593 1625 fastum
614 1590 659 1624 est
683 1590 764 1625 illud
778 1615 789 1630 ‚
815 1590 907 1634 cujus
919 1591 1056 1627 formale
1069 1591 1103 1626 si-

221 1635 414 1685 gnificatum
434 1639 480 1674 est
501 1651 558 1673 ens
583 1640 750 1685 quoddam
771 1640 789 1673 a
802 1640 929 1674 ratione
940 1641 1104 1674 fanum&

222 1690 417 1736 produstum
442 1712 452 1722 .
476 1689 579 1724 Talia
601 1692 676 1724 sunt
700 1715 708 1723 .
734 1689 900 1731 subjeetum
922 1714 933 1730 ,
954 1692 1104 1733 pradica-

222 1749 288 1776 tum
309 1763 320 1780 ‚
346 1739 498 1784 definitum
519 1764 530 1782 ,
555 1738 687 1784 divisum
710 1764 721 1781 ,
744 1746 935 1777 enuntiatum
950 1764 961 1780 ,
990 1741 1110 1775 demem-v

217 1789 348 1830 stratum
370 1814 381 1830 ,
408 1791 468 1825 &a
490 1790 615 1824 Eorum
638 1790 727 1831 enim
751 1790 933 1835 significata
955 1788 1105 1824 formalia

221 1840 295 1876 sunt
316 1838 471 1882 subjestio
488 1864 500 1881 ,
527 1838 734 1883 pradicatio,
759 1839 931 1878 definitio,
957 1841 1018 1878 &c
1035 1850 1106 1883 quae

222 1900 292 1923 non
306 1890 380 1929 sunt
392 1888 546 1937 figmenta
558 1913 570 1936 ἓ
596 1889 650 1924 sed
662 1891 754 1925 entia
765 1890 836 1925 vere
848 1890 944 1924 realia
954 1913 964 1929 ‚
976 1890 994 1929 ὲ
1009 1886 1101 1924 ratio-

223 1949 288 1982 ne,
316 1940 371 1972 seu
393 1939 560 1976 intellectu
586 1939 667 1973 fasta
692 1939 913 1982 &preducta
940 1949 977 1971 ut
988 1938 1107 1971 clarius

225 1986 270 2022 est
295 1988 363 2033 ipsa
394 1987 484 2031 luce‚
511 1988 623 2029 Dico,
651 1986 1105 2038 Cujusfignificatumfhrmale,

226 2034 385 2091 &aQia
407 2036 475 2084 ejus
496 2037 714 2082 significatum
725 2040 868 2082 testum,
894 2050 931 2073 ac
944 2034 1108 2072 materiale

226 2086 415 2122 nullatenus
436 2086 532 2127 debet
551 2089 614 2124 esse
624 2087 707 2125 tale.
735 2089 816 2123 Hoc
826 2087 915 2122 enim
928 2088 992 2121 effe
1002 2086 1107 2129 potest

225 2136 462 2179 qualecumque
473 2146 556 2178 cns;
583 2137 688 2178 potest
706 2138 770 2169 esse
790 2147 849 2172 ens
860 2136 966 2176 reale,
992 2144 1051 2169 ens
1064 2145 1108 2168 ra·

224 2186 477 2230 tionisfactum,
503 2181 699 2222 velfictum':
724 2194 761 2218 ut
784 2184 880 2220 facile
894 2180 1018 2227 patebit
1031 2195 1108 2218 con-

224 2234 378 2270 fideranti
395 2235 470 2273 .Ex
490 2245 558 2277 quo
585 2243 692 2277 patet,
718 2234 808 2277 quod
825 2233 890 2267 hoc
906 2233 1109 2276 praedicatum

226 2295 297 2321 non
310 2284 348 2317 sit
361 2278 568 2327 praedicatum
580 2282 654 2316 vere
665 2282 803 2318 rationis
812 2306 823 2320 ‚
854 2281 908 2322 sed
920 2279 992 2319 vero
1004 2281 1088 2315 reale
1101 2291 1108 2311 ε

227 2334 308 2367 ficut
326 2342 384 2369 ens
407 2330 544 2365 rationis
571 2331 720 2365 fastuma
733 2330 906 2374 praedicato
917 2329 982 2363 hoc
994 2330 1037 2363 de
1047 2331 1108 2364 for-

228 2381 307 2419 mali
319 2381 536 2427 significatum
550 2405 561 2422 ‚
586 2381 632 2416 est
644 2391 703 2415 ens
724 2380 795 2415 vere
807 2379 892 2415 reale
902 2404 909 2411 .
935 2378 1043 2414 Posset
1057 2378 1111 2413 hic

232 2432 354 2478 inquiri
375 2431 417 2467 de
436 2431 548 2471 multis
573 2430 768 2474 praedicatis.
797 2431 852 2464 An
874 2430 934 2463 sint
945 2430 1110 2473 praedicata

230 2481 369 2518 rationis
387 2481 481 2520 sista.
506 2492 548 2517 an
571 2481 711 2515 rationis
729 2481 837 2522 fasta?
862 2479 926 2514 Sed
952 2479 1019 2514 haec
1033 2479 1110 2523 huic

231 2533 308 2566 loco
327 2530 517 2575 importuna
544 2531 641 2568 sunt.
666 2530 736 2564 Hic
751 2531 840 2565 enim
862 2529 929 2569 sola
952 2529 1109 2574 principia

230 2581 395 2632 generalia
414 2591 549 2625 expono
566 2605 573 2612 .
601 2580 886 2629 Qaestionesiflae
894 2579 1046 2624 speciales
1057 2578 1112 2616 hae

231 2632 311 2668 bent
329 2632 384 2665 sua
396 2630 546 2675 specialia
557 2630 630 2665 loca
640 2654 647 2661 .

312 2734 810 2790 DISPUTATIO
847 2738 1024 2793 XXII,

265 2853 326 2897 De
352 2845 437 2895 aliis
460 2842 684 2913 quibusdam
706 2845 957 2912 propositionis
969 2845 1073 2910 fimt-

456 2915 568 2986 plt'cl's
601 2914 837 2980 divisionibus
855 2952 868 2965 .

458 3036 495 3073 o
522 3035 563 3072 U
588 3034 616 3072 Β
643 3036 658 3071 1
683 3034 725 3070 U
751 3033 792 3070 M
855 3034 882 3078 1.

325 3136 414 3181 ,Quid
426 3134 466 3179 fit
482 3135 638 3180 propositio
663 3137 700 3169 de
725 3134 829 3178 ineffe?
853 3136 943 3179 ,Quid
957 3136 1027 3178 pre-

539 3185 639 3230 pofitio
657 3187 778 3219 modali:
789 3185 805 3218 ἓ,

427 3334 514 3369 stans
526 3336 628 3371 modo
642 3361 649 3369 .
678 3339 717 3372 Id
725 3335 781 3376 est:
809 3335 993 3380 Propositio
1004 3335 1112 3371 moda-

244 3300 273 3327 1·
410 3284 588 3329 Repositio
608 3287 748 3322 modalis
765 3285 811 3320 est
836 3286 1013 3329 propositio
1036 3296 1113 3321 con-

300 3294 402 3434 P
426 3384 466 3419 lis
487 3386 532 3420 est
551 3386 751 3430 propositio,
776 3398 845 3430 quae
858 3398 925 3422 non
939 3388 1112 3422 solummo-

1901 160 1995 219 283

1153 240 1253 276 inest.
1282 239 1395 283 Talis;
1422 251 1451 273 v.
1463 250 1493 285 g.
1506 242 1551 275 est
1576 243 1641 278 hate
1658 270 1669 286 ,
1695 250 1787 283 Homo
1811 245 1850 287 est
1873 249 2026 291 effentlaeli(

1154 302 1199 326 m·
1222 291 1338 326 animal
1353 314 1360 322 .
1386 288 1489 330 Haec,
1516 292 1650 334 inquam
1664 320 1674 335 ,
1701 297 1879 339 propositio
1891 297 1935 331 est
1949 309 2026 331 mo-

1153 340 1234 375 dalis
1246 365 1257 380 ,
1283 341 1359 382 quia
1373 341 1530 386 significat
1542 350 1609 374 non
1624 343 1831 380 solummodo
1842 347 2026 381 animalita-

1155 402 1219 425 tem
1232 414 1242 429 ,
1266 402 1336 433 quae
1345 391 1390 424 est
1403 390 1607 434 praedicatum
1618 416 1629 434 ‚
1653 392 1702 427 vel
1713 395 1797 429 certe
1807 396 1942 431 formale
1954 408 2027 440 prae-

1154 441 1253 475 dicati
1276 442 1516 486 fignificatum,
1542 442 1641 475 inesse
1653 439 1800 485 homini;
1831 446 1883 479 sed
1898 448 2027 490 insuper

1156 491 1314 536 fignificat
1327 491 1463 529 modum
1477 516 1486 532 ,
1507 503 1575 535 quo
1588 492 1771 526 animalitas
1781 491 1908 529 homini
1923 495 2021 538 inest:

1157 540 1315 587 significat
1325 542 1415 576 enim
1428 541 1663 576 animalitatem
1677 541 1807 584 homini
1820 544 1917 578 inesse
1929 548 2027 580 essen-

1156 592 1293 625 tialiter.
1319 590 1504 634 Propofitio
1526 591 1565 626 de
1586 593 1684 626 inesse
1704 593 1747 626 est
1763 594 1939 636 propofitio
1957 606 2027 629 non

1155 642 1310 676 constans
1332 641 1454 679 modo.
1483 642 1536 675 Est
1553 667 1564 683 ‚
1591 644 1724 686 inquam
1735 642 1935 687 propositio,
1960 654 2029 687 quae

1156 690 1365 731 solummodo
1400 691 1562 736 fignificat
1595 693 1684 726 suum
1704 694 1909 735 praedicatum
1930 694 2030 728 inesse

1158 741 1296 782 subicito
1315 767 1326 783 ,
1356 752 1424 780 non
1447 752 1557 776 autem
1579 743 1739 787 significat
1766 743 1902 777 modum
1924 768 1935 784 ,
1961 754 2030 785 quo

1159 792 1238 825 inest
1253 817 1260 824 .
1284 791 1383 833 Talis
1392 790 1439 825 est
1452 791 1518 825 haec
1532 816 1542 832 ‚
1562 795 1649 825 Homo
1658 793 1697 834 est
1708 795 1842 828 animal:
1868 793 2030 838 significat

1158 845 1245 874 enim
1259 842 1469 875 solummodo
1481 865 1492 882 ‚
1504 843 1594 886 quod
1604 843 1786 877 animalitas
1800 842 1927 876 homini
1941 843 2031 886 infit,-

1161 903 1228 925 non
1242 891 1318 926 vero
1331 891 1487 936 fignificat
1501 893 1636 928 modum
1649 917 1660 933 ,
1682 904 1749 935 quo
1761 893 1841 927 inest
1853 918 1860 925 .
1888 893 1954 926 Pro
1965 903 2033 936 quo

1212 953 1243 978 2.
1273 942 1422 975 adverte:
1451 942 1545 986 Quid
1558 943 1589 976 in
1603 941 1662 976 hac
1674 945 1807 977 materia
1819 952 1953 977 vocetur
1963 953 2035 976 mo-

1159 991 1218 1025 dus
1241 1016 1249 1023 .
1278 990 1401 1025 Modus
1421 1002 1500 1036 ergo
1523 992 1606 1036 apud
1628 992 1855 1028 Summulissas
1877 992 2035 1037 accipitur

1161 1040 1263 1075 tribus
1276 1041 1399 1074 modis.
1429 1041 1542 1076 Primo
1560 1044 1728 1084 lumime,
1755 1054 1811 1087 pro
1824 1053 2035 1088 quocumque

1162 1091 1302 1125 termino
1319 1091 1555 1126 determinante
1570 1093 1687 1127 alium.
1717 1094 1772 1129 Ut
1789 1091 1863 1127 cum
1877 1094 1964 1134 dico,
1976 1095 2036 1126 Pe·

1162 1152 1226 1174 trus
1245 1140 1284 1181 est
1306 1140 1388 1174 bomo
1410 1141 1532 1182 doaeus,
1561 1154 1627 1176 vox
1651 1143 1801 1177 doausest
1813 1144 1929 1177 modus
1943 1143 2036 1177 vocis

1161 1192 1243 1227 homo
1257 1216 1264 1223 .
1288 1191 1441 1225 Secund&
1461 1192 1617 1234 accipitur
1638 1193 1774 1227 strictius
1786 1218 1797 1233 ‚
1823 1205 1881 1236 pro
1895 1203 1973 1226 voce
1985 1192 2038 1226 de-

1163 1242 1359 1276 terminante
1384 1242 1438 1276 seu
1457 1243 1669 1276 modificante
1690 1243 1960 1287 fignificationem
1973 1252 2041 1274 ver-

1164 1292 1217 1326 bi.
1246 1290 1448 1336 thuando
1473 1292 1570 1326 dico.
1598 1295 1707 1327 Petrus
1719 1290 1948 1335 disputatdoae
1958 1290 2040 1326 buce-

1160 1342 1270 1384 phalus
1281 1348 1374 1375 currit
1384 1343 1532 1385 celeriter.
1562 1343 1643 1377 Vox
1666 1343 1748 1376 doc‘Je
1761 1342 1930 1377 modificat
1944 1339 2053 1376 actio?

1167 1404 1241 1427 nem
1254 1392 1466 1438 significatam
1481 1404 1537 1436 per
1549 1393 1681 1427 verbum
1696 1391 1830 1436 disputat
1842 1418 1853 1434 ,
1879 1393 1913 1427 δε
1925 1403 1989 1426 vox
1999 1402 2041 1424 ce·

1164 1444 1265 1477 leriter
1287 1442 1456 1477 modificat
1477 1442 1638 1481 astionem
1658 1442 1871 1488 significatam
1894 1453 1947 1487 per
1967 1452 2040 1477 vet-

1166 1494 1244 1527 bum
1264 1499 1355 1526 currit
1377 1506 1388 1527 .·
1426 1491 1573 1537 adeoque
1608 1495 1682 1527 sunt
1705 1493 1840 1528 istorum
1867 1492 2043 1529 verborum

1168 1543 1286 1576 modi.
1313 1541 1434 1576 Tertio
1457 1542 1595 1576 sumitur
1621 1542 1813 1577 striaiffimd
1838 1566 1850 1583 ,
1876 1554 1935 1586 pro
1962 1551 2045 1575 voce

1168 1591 1380 1629 modificante
1394 1614 1404 1630 ,
1431 1592 1465 1633 δι
1483 1590 1722 1625 determinante
1743 1591 1897 1634 copulam
1910 1589 2046 1634 proposi-

1167 1642 1271 1677 tionis
1295 1642 1336 1676 ad
1359 1640 1610 1685 significandum
1631 1639 1767 1674 modum
1781 1664 1792 1680 ,
1819 1644 1886 1681 quo
1900 1640 2046 1684 praedica·

1171 1703 1240 1725 tum
1258 1691 1339 1726 inest
1353 1691 1514 1732 subjesto.
1542 1689 1646 1723 Tales
1657 1690 1731 1723 sunt
1743 1688 1792 1723 hae
1806 1701 1922 1729 voces,
1942 1689 2048 1732 Effen-

1169 1741 1285 1775 naliter
1298 1765 1310 1781 ,
1335 1739 1562 1785 contingenter,
1583 1739 1772 1783 poffibiltter,
1795 1741 1853 1774 &a
1881 1740 1943 1772 Hae
1954 1739 2046 1773 enim

1169 1792 1324 1836 copulam
1341 1789 1570 1835 propositionis
1591 1789 1724 1824 trahunt
1741 1812 1751 1828 ‚
1778 1801 1815 1824 ac
1826 1789 2047 1823 determinant

1170 1840 1209 1875 ad
1224 1838 1473 1887 significandum
1486 1840 1624 1874 modum
1637 1865 1648 1880 ‚
1675 1850 1742 1882 quo
1762 1839 1967 1882 praedicatum
1980 1838 2049 1873 ine·

1170 1891 1260 1926 xistit
1273 1893 1332 1925 suo
1347 1891 1487 1933 subjecto
1499 1903 1510 1922 .·
1532 1900 1568 1923 ut
1582 1889 1676 1923 facile
1687 1888 1810 1933 patebit
1819 1888 2046 1935 consideranti,

1170 1951 1207 1973 ac
1229 1938 1379 1982 exempla
1405 1939 1581 1974 formanti.
1609 1938 1654 1973 Et
1674 1939 1717 1974 ab
1728 1938 1780 1974 his
1791 1939 1900 1976 modis
1913 1949 2047 1975 vocatur

1171 1989 1350 2034 propositio
1370 1989 1530 2031 modalis.
1583 2026 1587 2032 ³
2044 2019 2047 2021 .

1163 2070 1165 2073 .
1222 2049 1241 2086 3
1278 2038 1339 2072 Sed
1355 2036 1502 2082 quaetiiur
1524 2041 1620 2072 nunc:
1648 2039 1844 2087 Qotuplex
1857 2039 1895 2073 fit
1907 2039 2049 2080 modus,

1171 2099 1207 2122 ac
1219 2090 1401 2132 quotuplex
1424 2088 1599 2131 propositio
1610 2088 1751 2125 modalis
1765 2091 1782 2122 ,θ
1810 2090 1884 2125 Ubi
1895 2100 2051 2123 auteom⁴

1173 2138 1227 2169 nia
1251 2135 1414 2170 refutandi
1435 2136 1510 2170 mne
1529 2136 1607 2175 illi,
1635 2137 1690 2179 qui
1704 2149 1923 2180 putantvoces
1934 2139 2050 2174 vere&

1165 2184 1252 2227 false
1274 2186 1337 2220 effi:
1361 2185 1501 2225 modos,
1526 2197 1564 2220 ac
1587 2185 1645 2219 has
1659 2187 1890 2230 propositiones
1904 2211 1914 2227 ,
1943 2191 2051 2222 Petrus

1172 2236 1244 2268 veri
1263 2233 1300 2272 est
1327 2233 1431 2274 bomo,
1459 2237 1566 2274 Petrus
1587 2234 1675 2274 falsi?
1686 2237 1723 2275 est
1733 2236 1838 2276 homo,
1865 2240 1989 2271 Petrum
1999 2239 2051 2281 effe

1171 2282 1317 2316 bominem
1328 2283 1366 2323 est
1379 2292 1503 2320 verum,
1520 2285 1642 2316 Petrum
1652 2284 1703 2325 effe
1714 2285 1939 2328 equnmfalfiam
1949 2309 1960 2327 ,
1984 2288 2051 2327 effg

1173 2333 1407 2375 propositiones
1419 2332 1581 2366 modales.
1611 2332 1686 2377 Hi,
1713 2333 1869 2376 inquam,
1893 2328 1962 2372 non
1974 2337 2051 2372 sunt

1170 2381 1388 2416 admittendi.
1418 2385 1509 2416 Ratio
1531 2382 1584 2422 est:
1612 2382 1703 2429 Quia
1726 2383 1846 2426 modus
1865 2383 1910 2418 est
1935 2396 2003 2419 vox
2013 2385 2050 2420 fi·

1169 2432 1334 2477 gnificans
1357 2432 1499 2474 aliquem
1522 2432 1697 2475 specialem
1711 2433 1871 2475 modum,
1896 2445 1963 2477 quo
1974 2447 2046 2478 prae-

1169 2482 1314 2517 dicatum
1337 2482 1483 2517 inexistit
1508 2481 1667 2525 subjecto:
1694 2484 1786 2529 atqui
1808 2495 1903 2518 voces
1928 2487 2049 2522 vere&

1163 2531 1249 2574 false
1261 2544 1329 2572 non
1339 2533 1522 2578 significant
1537 2533 1634 2566 talem
1645 2531 1789 2578 aliquem
1798 2532 1935 2568 modum
1947 2547 1955 2567 :
1967 2546 2048 2580 ergo

1171 2594 1238 2616 non
1263 2583 1338 2616 sunt
1358 2581 1467 2622 modi,
1497 2583 1553 2626 qui
1576 2583 1698 2617 faciant
1722 2583 1973 2628 propositionem
1984 2587 2048 2620 esse

1171 2632 1353 2667 medalem.
1383 2633 1533 2675 Probatur
1542 2638 1657 2666 minor:
1686 2633 1776 2681 Qia
1789 2646 1857 2668 vox
1871 2636 1942 2669 vere*
1952 2634 2050 2681 fign’n

1171 2683 1245 2717 ficat
1270 2683 1510 2717 inexistentiam
1533 2693 1663 2725 veram3
1691 2694 1755 2718 vox
1769 2683 1859 2725 false
1888 2685 2053 2735 fignificat,

1172 2732 1414 2768 inexistentiam
1440 2732 1552 2766 falsam
1573 2744 1581 2765 :
1620 2733 1710 2774 atqui
1742 2732 1949 2767 inexistentia
1972 2736 2048 2770 vera'

1172 2794 1240 2817 non
1253 2782 1297 2816 est
1310 2783 1418 2826 aliqua
1433 2782 1579 2825 specialis
1598 2782 1804 2817 inexistentia
1819 2806 1830 2822 ‚
1856 2793 1960 2832 neque
1972 2783 2046 2818 vero

1172 2832 1343 2867 inexistete
1366 2832 1413 2866 est
1444 2832 1556 2876 aliquo
1578 2833 1710 2878 speciali
1729 2833 1831 2868 modo
1853 2833 2041 2868 inexistere:

1169 2883 1280 2925 omnis
1301 2883 1391 2917 enim
1409 2881 1618 2923 inexistentia
1638 2881 1684 2916 est
1707 2894 1780 2918 vera
1804 2882 2008 2918 inexistentia
2031 2898 2044 2917 .-

1170 2944 1239 2978 quae
1258 2933 1348 2967 enim
1367 2943 1436 2970 non
1456 2932 1501 2966 est
1529 2932 1738 2966 inexistentia
1764 2943 1836 2972 vera
1855 2957 1866 2973 ,
1904 2944 1972 2966 non
1995 2933 2044 2971 est

1168 2983 1267 3022 etiam
1290 2981 1498 3017 inexistentia
1513 2993 1520 3014 ε
1547 2993 1617 3016 vox
1635 2981 1725 3020 enim
1738 2993 1813 3017 vera
1825 2992 1938 3017 vocem
1949 2988 2044 3017 inexi-

1161 3032 1273 3074 stenria
1300 3043 1367 3067 non
1382 3032 1548 3076 restringit
1565 3056 1576 3071 ,
1604 3042 1709 3073 neque
1720 3033 1901 3077 specificat3
1929 3033 1979 3066 sed
1994 3034 2044 3067 so-

1169 3083 1344 3117 lummodo
1365 3083 1523 3126 exponit,
1548 3083 1582 3128 &
1602 3081 1771 3124 explanat.
1801 3082 1956 3117 Similiter
1969 3082 2046 3120 ver&

1169 3132 1340 3167 inexistere
1357 3142 1426 3165 non
1451 3132 1497 3166 est
1508 3132 1622 3175 aliquo
1637 3131 1767 3175 speciali
1780 3133 1882 3167 modo
1894 3130 2051 3167 inexiste-‘

1168 3194 1221 3219 re:
1249 3193 1350 3218 omne
1375 3180 1464 3216 enim
1485 3181 1657 3216 inexistere
1682 3181 1728 3216 est
1755 3182 1828 3217 vere
1849 3182 2046 3231 inexistereq

1167 3233 1201 3268 &
1216 3233 1425 3276 praedicatum
1449 3229 1592 3274 subjecto
1615 3233 1674 3270 suo
1696 3243 1763 3266 non
1778 3234 1849 3268 vere
1860 3233 2019 3276 quadrans
2031 3257 2047 3277 ,ι

1166 3293 1222 3318 aut
1235 3282 1435 3322 inexistens,
1461 3282 1556 3316 nullo
1579 3281 1682 3317 modo
1705 3283 1752 3316 illi
1766 3282 2042 3326 quadratautine-

1152 3358 1154 3371 2
1167 3331 1273 3368 xistit:
1302 3342 1368 3371 vox
1378 3332 1468 3366 enirn
1478 3334 1549 3366 vm³>
1571 3343 1689 3367 vocem
1700 3332 1850 3373 inexistere
1862 3344 1930 3371 non
1944 3333 2045 3377 speci-

1152 3373 1266 3426 ³ficat3
1295 3381 1348 3417 sed
1369 3382 1581 3418 solummodo
1592 3383 1745 3426 explanat
1756 3407 1763 3414 .
1791 3382 1881 3428 Ergo
1893 3393 1959 3417 vox
1969 3385 2044 3417 vere.

427 3435 473 3471 do
495 3437 655 3483 significat
678 3437 882 3481 praedicatum
896 3438 995 3472 inesse
1008 3436 1112 3479 subje-
1154 3431 1237 3488 (non
1250 3432 1410 3479 significat
1422 3432 1797 3477 specialeminexistendi
1812 3456 1824 3473 ,
1847 3442 1905 3467 aut
1923 3443 2040 3467 conve·

246 3487 317 3531 &03
345 3485 399 3524 sed
421 3486 551 3534 insuper
572 3487 731 3533 fignificat
752 3487 913 3532 modum,
937 3499 1006 3539 quo
1030 3486 1112 3524 illud
1168 3483 1281 3521 nicndi
1301 3482 1439 3521 modum
1459 3496 1470 3529 ς
1497 3482 1551 3519 sed
1576 3481 1714 3519 modum
1739 3482 1956 3520 inexistendi,
1983 3481 2049 3535 seu&

1911 3540 1991 3565 con-
