2384 3770
405 102 504 140 216

360 176 444 219 apud
470 176 660 211 audientem
699 174 780 209 illud
817 185 913 220 agere
951 173 1098 220 illudque
1134 175 1229 220 figni-

356 227 453 259 ficare
487 250 498 267 ,
548 226 637 269 quod
675 225 811 270 loquens
848 227 902 270 agi
938 250 948 265 ,

356 274 462 309 voluit
492 300 500 309 .
541 274 585 309 Et
622 274 701 309 hinc
740 276 897 311 Haeretici
935 277 1052 310 sacram
1090 278 1227 319 Scriptu-

354 335 426 359 ram
444 349 456 367 ,
492 337 563 370 quae
585 326 658 361 sunt
684 326 778 360 verba
806 328 839 361 δε
867 336 967 359 voces>
991 326 1127 367 Spiritus
1151 329 1229 361 San-

353 375 398 408 ἃί
431 386 649 419 pervertentes
682 401 692 418 ‚
728 377 761 411 δε
797 376 885 409 aliud
921 388 961 409 ex
1001 375 1055 410 illa
1084 401 1093 416 ,
1131 387 1229 420 quam

358 424 497 468 Spiritus
523 427 657 461 Sanstus
684 425 858 471 significari
885 426 918 459 δε
946 426 1085 472 intelligi
1122 429 1229 460 volue-

354 475 421 518 rit;
448 476 692 521 intelligentes,
724 477 876 511 dicuntur
902 486 1034 519 peccare
1073 478 1105 510 in
1135 479 1230 521 Spiri-

356 533 427 560 tum
453 526 608 561 Samstum
631 538 643 558 .·
685 527 760 570 quia
789 525 936 559 videlicet
963 525 1029 568 Juri
1067 528 1227 561 sacrorum

354 576 528 611 verborum
557 577 740 620 derogant,
767 578 823 619 ‘lui
853 576 908 610 illa
935 576 975 609 ad
1002 577 1122 611 alienas
1134 578 1227 621 signi-

353 627 524 661 ficationes
547 627 744 670 detorquent
766 637 803 660 ac
831 627 1030 669 depravant.
1059 627 1227 662 Voceser-

353 675 400 722 go
427 676 468 711 de
493 677 568 720 Jure
595 677 712 712 debent
738 678 806 710 auu
834 677 1015 721 significare
1040 676 1121 710 illud
1143 702 1154 719 ‚
1187 677 1226 712 ad

354 727 444 772 quod
471 727 490 761 ὲ
523 727 679 771 loquente
690 726 897 770 diriguntur,
925 739 963 760 ac
978 728 1225 770 supponuntur.

401 787 462 822 42.
491 781 564 810 Dico
587 779 710 820 quarte:
739 778 791 812 De
817 777 903 812 fasto
930 786 1040 811 tamen
1069 788 1164 811 voces
1179 778 1228 811 sae=

353 825 394 871 pe
421 829 493 861 astu
518 827 704 870 significant
730 827 820 861 aliud
844 852 855 868 ,
891 838 988 870 quam
1016 827 1155 871 loquens
1181 828 1224 861 in·

352 877 493 910 tenderit
520 887 577 910 aut
604 877 803 920 supposuerit
829 902 836 910 .
865 876 961 910 Patet
988 874 1053 911 hoc
1079 877 1114 910 in
1141 878 1228 913 sacra

351 926 513 969 Scriptura
537 949 548 965 ,
584 937 653 969 quae
680 928 853 963 Haereticis
878 937 950 961 eam
977 927 1072 970 plane
1111 928 1228 962 intelli-

351 975 506 1020 gentibus
533 977 605 1009 aeiu
633 975 711 1020 saepe
724 977 884 1022 significat
911 987 1068 1012 mortem:
1094 990 1170 1013 curn
1183 989 1226 1013 ta·

351 1035 428 1059 men
455 1026 595 1069 Spiritus
621 1028 757 1061 Sanetus
785 1028 876 1061 illam
905 1029 1065 1072 supponat
1091 1028 1125 1063 ὅ(
1151 1028 1224 1062 diri·

349 1086 408 1121 gat
446 1074 486 1110 ad
523 1076 768 1120 significandam
805 1076 898 1112 omni
924 1076 1053 1112 homini
1079 1089 1227 1112 aeternam

351 1126 455 1160 vitam
480 1151 487 1158 .
525 1128 681 1162 Similiter
708 1127 786 1170 saepe
813 1127 982 1172 contingit
1004 1152 1017 1169 ,
1054 1139 1090 1162 ut
1115 1129 1227 1162 eadem

350 1176 425 1217 lex,
455 1176 544 1210 idem
572 1178 692 1212 Canon
718 1184 735 1211 a
763 1177 1102 1212 diverfisooetoribus
1124 1178 1229 1222 expli-

349 1237 441 1260 cetur
467 1228 500 1260 &
528 1227 733 1272 intelligatur
768 1229 786 1262 ὲ
824 1227 966 1263 sensibus
991 1228 1168 1262 contrariis
1194 1228 1226 1262 ὅ(

349 1276 694 1320 incompoflibilibus:
722 1280 780 1323 qui
808 1278 878 1312 duo
905 1278 1010 1312 sensus
1033 1303 1043 1318 ,
1070 1288 1145 1312 cum
1170 1278 1224 1311 in-

349 1327 592 1370 compoffibiles
604 1329 687 1368 sint,
714 1339 782 1362 non
794 1330 924 1372 possunt
950 1329 1012 1361 effe
1038 1328 1138 1361 ambo
1151 1339 1225 1362 con-

349 1374 679 1413 formes.intentioni
706 1389 745 1412 ac
774 1379 875 1412 menti
902 1377 1036 1421 Caesaris
1062 1379 1113 1412 vel
1141 1378 1228 1413 Pon-

347 1426 472 1460 tificis:
497 1427 647 1469 adeoque
673 1428 826 1462 alteruter
850 1428 963 1462 eoru'm
990 1428 1080 1463 aliud
1108 1429 1228 1463 intelli-

347 1476 444 1521 ligit,
473 1487 574 1518 quam
600 1477 688 1520 Papa
700 1478 751 1512 vel
778 1479 1039 1524 Caesarintelligi
1066 1490 1105 1514 ac
1132 1480 1226 1524 signi-

349 1526 441 1560 ficari
469 1527 666 1561 intenderit.
699 1527 743 1562 Et
771 1527 855 1562 nihil
882 1528 1093 1563 inhumano
1121 1530 1223 1564 collo-

347 1577 429 1619 quio
456 1577 650 1610 familiarius
676 1577 746 1617 est,
773 1589 871 1620 quam
894 1579 1000 1612 malus
1021 1579 1226 1614 audientium

347 1626 557 1661 intellestus.
577 1625 719 1662 Clarum
746 1638 826 1673 ergo
845 1628 922 1668 est,
948 1629 1162 1670 quodvvoces
1186 1630 1228 1664 de

345 1677 437 1711 fauo
461 1687 532 1710 non
557 1677 679 1720 semper
706 1678 778 1711 astu
807 1678 989 1722 significent
1027 1678 1110 1713 illud
1136 1703 1148 1719 ,
1184 1681 1226 1714 ad

346 1724 439 1769 quod
464 1725 718 1771 significandum
742 1727 761 1760 ὲ
789 1727 949 1769 loquente
975 1729 1226 1772 supponuntur:

345 1775 437 1810 Cum
471 1778 580 1818 itaque
594 1778 680 1822 quasi
693 1789 751 1820 pro
760 1778 925 1812 axiomate
936 1778 1106 1812 assumitur
1116 1802 1123 1809 .
1138 1782 1226 1812 Voces

345 1825 413 1860 acJu
442 1824 612 1870 significant
625 1828 722 1868 tund,
755 1829 800 1861 ad
818 1828 897 1870 quod
911 1825 1138 1871 significandum
1154 1827 1224 1872 sup·

345 1884 528 1919 ponuntur.-
550 1875 695 1920 intelligi
718 1877 753 1910 id
779 1877 875 1912 debet
893 1876 934 1912 de
964 1878 1062 1921 Jure:
1089 1889 1158 1912 non
1184 1879 1227 1913 de

346 1928 457 1962 fado.
483 1925 593 1969 Vide,
617 1929 688 1968 qhae
714 1925 786 1959 dixi
814 1926 907 1968 supr&
934 1925 1011 1968 disp.
1035 1937 1063 1972 3.
1094 1927 1164 1959 dub.
1193 1928 1224 1962 6.

395 1984 452 2021 43.
490 1978 547 2009 Ex
567 1986 624 2018 quo
634 1984 743 2018 patet:
767 1973 954 2022 Qomodo
968 1976 1163 2010 concordari
1175 1976 1229 2010 de·

343 2024 444 2061 beant
474 2024 531 2061 illa
556 2025 648 2065 duo,
674 2037 745 2070 quae
772 2025 843 2059 dixi
869 2027 917 2059 dic
938 2024 1017 2067 disp.
1043 2035 1074 2059 2.
1091 2024 1164 2067 sed.
1193 2038 1222 2063 2-

346 2076 392 2110 Et
413 2073 494 2118 disp.
515 2086 546 2122 5.
568 2076 638 2109 dub.
667 2088 698 2121 3.
727 2075 792 2108 Ista
817 2074 906 2108 enim
932 2075 1158 2116 disputatione
1179 2076 1226 2108 di-

346 2126 404 2165 xi,
430 2125 523 2159 vocis
544 2124 800 2167 suppositionem
824 2133 891 2156 non
905 2123 1025 2164 semper
1051 2124 1227 2157 necessario

346 2174 470 2218 requiri
492 2173 534 2208 ad
560 2172 720 2207 actualem
733 2171 824 2206 vocis
846 2171 1145 2216 significationem
1173 2174 1226 2207 sed

346 2223 515 2259 interdum
554 2221 623 2257 dari
659 2222 818 2256 actualem
855 2222 1129 2266 significationem
1159 2223 1228 2256 fine

346 2274 592 2317 suppofitioue;
611 2281 645 2306 at
672 2270 748 2305 vero
766 2269 842 2313 disp.
870 2282 902 2316 5·
927 2271 1018 2311 dixi,
1045 2271 1137 2304 vocis
1157 2273 1225 2314 sup·

346 2324 546 2369 positionem
571 2320 634 2355 esse
661 2330 728 2355 tam
757 2320 963 2355 necessariam
990 2320 1106 2354 actuali
1135 2321 1228 2367 signi-

346 2372 496 2408 ficationi
515 2394 527 2411 ,
573 2382 612 2406 ac
637 2370 813 2414 applicatio
841 2372 954 2405 cauflae
983 2371 1157 2405 necessaria
1183 2372 1226 2406 est

345 2423 466 2459 actuali
501 2421 728 2456 caussationi:
761 2422 909 2464 adeoque
947 2431 1120 2464 nunquam
1159 2422 1226 2455 dari

347 2475 439 2519 posse
458 2470 616 2506 naualem
648 2471 741 2504 vocis
765 2470 1039 2516 significationem
1066 2472 1132 2505 sine
1155 2473 1228 2514 sup*

347 2523 511 2568 positione
523 2547 531 2555 .
560 2519 738 2561 Haeddum
750 2521 886 2564 inquam
902 2544 912 2560 ,
931 2533 972 2555 ex
989 2521 1082 2555 dictis
1097 2523 1229 2563 possunt

347 2575 444 2609 facile
466 2572 658 2607 concordari
683 2584 690 2604 :
719 2571 862 2615 primum
892 2572 982 2605 enim
1008 2571 1153 2616 intelligi
1175 2571 1225 2606 de-

349 2625 409 2659 bet·
427 2623 470 2657 de
480 2623 588 2664 faeto,·
607 2622 743 2656 alterum
757 2621 798 2656 de
811 2621 904 2664 Jure.
931 2622 1011 2656 Vox
1024 2622 1112 2656 enim
1125 2622 1164 2657 de
1177 2623 1223 2665 Ju.

348 2686 384 2710 re
406 2673 488 2707 nihil
513 2673 616 2716 potest
638 2671 840 2717 significare,
863 2671 923 2706 niss
939 2672 981 2706 ad
999 2672 1088 2715 quod
1110 2671 1230 2718 signifi-

349 2724 493 2759 candum
515 2722 708 2766 supponitur
728 2736 740 2756 .-
775 2722 816 2756 de
853 2722 938 2756 fatto
957 2722 1036 2756 vero
1057 2722 1124 2756 sine
1155 2724 1229 2766 Jure

349 2774 427 2817 saepe
445 2775 515 2808 aaa
541 2772 703 2818 significat
725 2772 790 2805 sine
814 2773 1058 2816 suppositione,
1086 2772 1226 2817 &appli-

350 2824 503 2860 catione:
527 2833 565 2858 ut
583 2820 652 2867 jam
671 2821 718 2857 est
739 2822 885 2857 dictum.

556 2923 592 2958 D
620 2921 660 2957 U
689 2921 717 2955 Β
744 2921 760 2954 Ῑ
786 2922 826 2957 U
855 2923 895 2956 M
955 2921 1030 2957 IV.

490 3000 662 3047 ,Quotuplex
683 2997 722 3040 fit
742 2997 891 3043 fignorum
910 2996 1094 3041 suppofitlo?
1147 2986 1151 2989 ⁵

362 3086 418 3125 44.
460 3055 642 3161 REsp.
668 3076 702 3108 (5
723 3075 788 3107 dico
802 3076 920 3116 prima:
942 3072 1131 3116 Suppositio
1149 3070 1228 3106 divi-

583 3125 618 3158 di
634 3125 737 3166 potest
751 3126 786 3157 in
811 3123 1068 3168 suppositionem
1077 3124 1211 3156 affivam
1221 3147 1230 3162 ,

356 3179 391 3212 ὅ(
404 3175 756 3221 paffivamstrppofitio
767 3175 868 3209 astiva
883 3175 927 3207 est
942 3175 1010 3214 iun,
1022 3182 1092 3218 quae
1101 3175 1130 3207 se
1143 3185 1230 3207 tenet

358 3239 400 3260 ex
422 3238 510 3271 parte
534 3225 719 3270 loquentis,
745 3236 809 3268 qua
832 3223 984 3259 videlicet
1010 3224 1148 3268 loquens
1171 3234 1230 3257 vo-

359 3287 430 3311 cem
449 3278 468 3310 ὲ.
491 3280 522 3311 se
546 3276 704 3320 prolatam
727 3275 884 3318 supponit
915 3299 924 3306 .
950 3274 1133 3317 Suppositio
1157 3273 1232 3307 vero

362 3327 485 3367 paffiva-
500 3327 545 3360 est
570 3326 623 3360 illa
637 3350 649 3366 ,
668 3337 739 3370 quae
761 3335 852 3359 tenet
873 3326 904 3358 se
922 3336 963 3358 ex
990 3335 1077 3368 parte
1101 3325 1193 3359 vocis
1214 3324 1231 3357 ὲ

361 3375 520 3418 loquente
543 3376 670 3418 prolatae
685 3401 697 3417 ,
715 3387 780 3419 qua
805 3375 956 3410 videlieet
982 3382 1046 3409 vox
1070 3374 1231 3418 &loquen-

365 3429 401 3460 te
421 3424 545 3469 prolata
566 3425 607 3459 ad
627 3426 880 3468 significandum
907 3424 1119 3470 supponitur.
1149 3425 1237 3472 Qae,

1018 90 1175 137 Dtsr.
1213 93 1336 141 xm.
1388 98 1526 142 Dus.
1565 101 1644 157 IV.

1291 178 1528 222 suppositiones
1542 192 1610 215 non
1635 182 1715 215 sunt
1733 178 1803 215 duae
1823 181 1949 216 realiter
1970 180 2159 225 separabiles

986 235 1023 259 ac
1056 226 1229 270 fignificari
1286 239 1327 262 ac
1355 229 1543 274 distinstae;
1571 231 1623 265 sed
1646 230 1691 265 est
1719 231 1831 265 eadem
1866 232 1959 275 plane
1989 243 2027 266 ac
2060 243 2160 272 una,

1290 288 1360 323 quae
1381 291 1567 324 comparata
1578 281 1620 315 ad
1643 291 1758 316 vocem
1782 281 2042 325 voeatueptffiva
2057 281 2159 322 ,dum

1291 331 1368 364 vero
1384 329 1424 365 ad
1451 332 1643 375 loquentem
1670 337 1894 374 comparatur,
1917 339 1995 365 tunc
2023 342 2161 366 vocatur

1288 382 1406 414 affin.
1437 381 1539 416 Sicuti
1565 383 1643 416 visio
1665 384 1767 416 astiva
1784 391 1851 414 non
1870 381 1917 414 est
1939 382 2043 415 sonna
2071 381 2163 416 reali-

1290 437 1337 463 ter
1354 429 1503 465 distin-ssa
1524 431 1541 465 ὲ
1564 431 1846 476 visionepassiva3
1873 437 1976 473 neque
1996 432 2085 464 enim
2096 431 2161 466 alia

1292 480 1413 514 visione
1435 490 1499 525 ego
1522 483 1676 524 parietem
1699 481 1815 520 video,
1839 481 1872 514 &
1896 481 1958 515 alia
1970 481 2161 523 parit-same

1293 528 1440 563 videtur.-
1468 529 1521 563 sed
1548 531 1605 565 illa
1624 542 1730 566 earnet
1756 533 1898 571 visione,
1930 541 1993 574 qua
2019 536 2084 574 ego
2110 541 2162 573 pa-

1291 580 1402 613 rietem
1424 580 1541 619 video,
1567 582 1665 614 etiam
1691 585 1791 624 paries
1811 582 1829 616 ὲ
1853 590 1905 615 me
1928 581 2057 614 videtur
2079 603 2089 611 .
2119 579 2164 614 Si·

1293 629 1417 663 militer
1442 641 1521 674 ergo
1544 641 1613 664 non
1638 631 1682 664 est
1703 631 1766 665 alia
1791 631 1987 675 suppositio,
2010 641 2074 674 qua
2097 640 2164 663 vox

1290 678 1308 712 ὲ
1327 679 1485 723 loquente
1508 681 1721 724 supponitur,
1743 681 1777 715 &
1798 691 1862 724 qua
1883 681 2023 723 loquens
2049 690 2163 714 vocem

1292 730 1470 773 supponit:
1496 729 1550 764 sed
1576 731 1632 765 illa
1654 730 1800 775 ipfiffirna
1822 730 2040 773 suppositione
2062 754 2074 770 ,
2099 741 2164 773 qua

1292 780 1428 823 loquens
1447 790 1561 814 vocem
1589 780 1742 825 supponit
1756 805 1767 821 ,
1787 780 1886 821 etiam
1907 787 1972 814 vox
1995 780 2015 814 ὰ
2029 780 2164 822 loquen-

1290 841 1323 864 te
1345 830 1553 873 supponitur.
1584 831 1662 866 Hoc
1673 831 1795 867 etenim
1808 830 2034 865 omnibusinis
2049 829 2164 862 formis

1290 890 1345 923 per
1368 882 1504 914 uomina
1527 880 1680 916 abstrasta
1704 880 1844 917 verbalia
1870 881 2163 925 significatis,qua-

1292 931 1335 964 les
1348 931 1421 964 sunt
1435 929 1590 974 suppofitio
1602 956 1613 972 ,
1633 933 1708 966 aelio
1718 958 1729 975 ,
1741 931 1899 965 intellec‘h'o
1910 955 1920 972 ,
1932 931 2052 971 volmo,
2063 941 2164 968 amor,

1292 982 1412 1022 odium,
1433 980 1524 1023 vlfio,
1546 983 1660 1015 auditio
1672 1007 1683 1023 ,
1708 985 1865 1020 adoratae,
1883 987 1998 1021 oram,
2018 980 2163 1013 &acom-

1291 1041 1393 1065 mune
1403 1030 1447 1066 est
1458 1057 1468 1072 ‚
1479 1031 1569 1074 quod
1584 1032 1725 1068 habeant
1736 1033 1804 1066 duo
1817 1031 1954 1074 subjecta
1969 1031 2162 1064 denomina-

1291 1081 1408 1115 tionis:
1434 1091 1537 1116 unum
1556 1082 1684 1125 afiivie3
1712 1084 1847 1116 alterum
1873 1080 1947 1114 veto
1968 1079 2161 1114 denomina-

1292 1131 1394 1165 tionis
1408 1133 1554 1174 paffivae:
1578 1132 1702 1166 &dum
1717 1132 1892 1166 referuntur
1905 1131 1945 1165 ad
1962 1128 2138 1171 subjeetum
2152 1152 2164 1168 ,

1291 1181 1381 1224 quod
1396 1180 1614 1216 denominant
1624 1182 1745 1223 aliive,
1773 1185 1934 1215 vocantur
1956 1186 2074 1218 natio,
2093 1179 2165 1212 ado-

1290 1236 1367 1264 ratio
1380 1254 1391 1270 ,
1413 1230 1502 1273 visto,
1525 1232 1660 1272 auditio,
1684 1233 1739 1266 &a
1767 1232 1868 1266 asiiva
1886 1244 1897 1263 .·
1919 1230 1999 1264 dum
2025 1227 2099 1262 vero
2113 1240 2165 1262 re-

1291 1282 1439 1315 feruntur
1457 1283 1497 1316 ad
1518 1274 1693 1324 subjeeium
1713 1281 1793 1316 illud
1805 1305 1815 1320 ,
1839 1279 1928 1325 quod
1943 1279 2164 1314 denominant

1291 1331 1430 1374 passive,
1456 1338 1710 1366 vocanturorano
1719 1331 1837 1379 ,qvififfi
1859 1331 1995 1370 auditio,
2021 1331 2076 1363 (σε.
2098 1329 2168 1371 pas-

1289 1381 1368 1415 siva.
1397 1382 1478 1416 Non
1497 1379 1575 1426 quia
1598 1383 1670 1415 shht
1686 1383 1756 1416 dut
1777 1383 1912 1421 formae,
1931 1379 1985 1412 sed
2000 1379 2077 1420 quia
2087 1379 2163 1410 sunt

1289 1433 1386 1465 unica
1412 1433 1517 1466 forma
1535 1443 1576 1467 ex
1600 1432 1743 1474 duplicis
1765 1430 1896 1473 subjecti
1920 1428 2162 1463 connotatione

1289 1481 1359 1516 duo
1386 1483 1520 1515 sortiens
1545 1482 1705 1516 vocabula
1724 1483 1761 1516 ἃ
1781 1481 1918 1515 nomina
1931 1502 1940 1511 .

1339 1538 1394 1578 45-
1434 1532 1509 1568 Ubi
1528 1531 1657 1567 adverte
1678 1530 1842 1575 quoddam
1871 1530 2046 1564 discrimen
2071 1526 2157 1561 inter

1290 1581 1541 1625 suppositionem
1554 1575 1601 1616 L&
1617 1581 1819 1616 ‘aliaflmilia
1842 1578 2003 1614 verbalia:
2025 1588 2100 1611 narn
2129 1582 2167 1610 o—

1289 1633 1394 1670 mnia,
1427 1632 1476 1664 vel
1495 1633 1580 1665 cerie
1599 1626 1753 1675 ‘pl‘efa‘qtze
1781 1631 1842 1664 alia
1866 1629 2004 1664 verbalia
2018 1626 2169 1662 denomi-

1288 1690 1380 1715 nant
1402 1690 1506 1715 unum
1529 1681 1721 1724 intrinsece;
1748 1682 1837 1715 aliud
1862 1677 2042 1713 extrinsece
2056 1701 2068 1718 ,
2086 1689 2112 1710 v.
2133 1679 2166 1720 g.

1287 1731 1398 1765 oratio
1410 1751 1422 1771 ,
1440 1730 1590 1765 adoratio
1602 1754 1614 1771 ,
1626 1730 1807 1766 honoratio
1819 1755 1830 1772 ,
1842 1728 1984 1769 auditio,
1996 1728 2088 1768 visto,
2099 1727 2162 1760 dte.

1289 1791 1356 1814 rem
1371 1791 1502 1815 oratam
1514 1805 1526 1821 ,
1537 1781 1708 1816 adoratam*
1718 1806 1728 1822 ‚
1741 1782 1937 1814 honoratam
1948 1788 1959 1818 ι
1973 1779 2072 1811 visam
2084 1798 2095 1814 ,
2106 1783 2168 1810 au·-

1288 1829 1391 1865 ditam
1401 1831 1466 1865 &c.
1476 1830 1700 1866 denominant
1709 1826 1912 1865 extrinsece:
1932 1826 2055 1862 atvero
2077 1837 2165 1866 rem,

1291 1890 1458 1920 orantem,
1472 1882 1663 1916 adorantem
1680 1906 1690 1922 ,
1713 1881 1932 1915 honorantem
1944 1900 1954 1916 ,
1978 1877 2169 1916 videntem,

1290 1929 1504 1969 audientem,
1529 1932 1825 1964 dcc-denominant
1848 1926 2040 1962 intrinsece.
2060 1924 2107 1959 At
2118 1933 2170 1958 ve-

1289 1978 1327 2012 ῐό
1343 1979 1520 2021 suppositio
1534 1989 1602 2012 tam
1615 1987 1732 2013 vocem
1744 1980 1777 2012 su
1784 1973 2171 2022 ppositamfluambhomi·

1272 2032 1276 2070 Ι
1291 2038 1366 2063 nem
1380 2029 1620 2071 supponentem
1634 2030 1826 2063 denominat
1845 2028 1961 2070 partim
1987 2023 2167 2059 extrinsece

1272 2072 1276 2084 ’
1289 2077 1404 2119 partim
1419 2078 1594 2110 intrinsece
1607 2102 1614 2108 .
1640 2079 1745 2123 Qod
1759 2079 1840 2111 voce‘
1854 2075 2045 2119 suppositam
2056 2077 2170 2116 partim

1290 2125 1592 2167 intrinsece,partim
1603 2125 1782 2159 extrinsece
1794 2123 2067 2162 denominet,dixi
2076 2121 2170 2165 supra

1273 2182 1274 2185 ’
1289 2173 1455 2217 duraz-sec?
1468 2185 1500 2218 4.
1514 2175 1618 2222 Qod
1629 2176 1729 2209 etiam
1743 2174 1911 2209 hominem
1925 2174 2166 2217 supponentem

1271 2226 1333 2279 {ita
1348 2225 1542 2258 denominet
1555 2225 1684 2265 ,probae
1715 2225 1805 2271 Qia
1818 2224 1997 2266 suppositio
2007 2223 2050 2255 est
2069 2223 2168 2255 etiam

1291 2273 1419 2307 homini
1437 2275 1637 2316 supponenti
1660 2274 1767 2307 forma
1779 2273 1922 2317 quaedatn
1935 2271 2114 2306 secundum
2137 2281 2170 2305 a·

1290 2322 1396 2366 liquid
1421 2323 1467 2355 sui
1491 2323 1685 2364 intrinseca,
1706 2323 1740 2357 &
1767 2321 1946 2357 secundum
1971 2321 2105 2365 aliquid
2122 2321 2170 2355 sui

1289 2372 1489 2408 extrinseca:
1512 2372 1591 2418 ergo
1612 2374 1711 2408 etiam
1737 2371 1905 2407 hominem
1930 2373 2167 2415 supponentem

1292 2424 1344 2457 seu
1367 2423 1558 2466 loquentem
1595 2424 1789 2458 denominat
1821 2425 1937 2466 partim
1971 2421 2142 2456 intrinsece
2155 2443 2167 2460 ,

1291 2473 1407 2518 partim
1430 2472 1632 2508 extrinsece.
1664 2474 1810 2507 Probatur
1830 2474 2029 2506 antecedens:
2055 2469 2168 2516 Qia,
2199 2473 2202 2477 ’

1290 2533 1325 2557 ut
1336 2523 1429 2566 supra
1443 2523 1512 2557 dixi
1528 2547 1540 2563 ,
1575 2524 1755 2566 suppositio
1769 2522 1812 2556 esi
1826 2521 1965 2564 prolatio
1978 2522 2067 2554 vocis
2075 2521 2169 2553 simul.

1289 2583 1364 2607 curn
1388 2573 1550 2606 volitione
1569 2595 1580 2611 ‚
1611 2574 1662 2606 seu
1687 2572 1872 2606 intentione
1895 2571 2081 2614 loquentis,
2105 2581 2168 2613 qua

1291 2623 1426 2666 loquens
1448 2622 1520 2655 vult
1533 2621 1680 2656 audienti
1695 2633 1749 2666 per
1773 2632 1888 2656 vocem
1912 2621 2093 2664 significare
2115 2630 2168 2654 vo-

1288 2672 1334 2707 cis
1347 2671 1582 2717 significatum:
1610 2669 2030 2716 atquiloquentisintentio
2055 2669 2100 2703 est
2122 2670 2170 2703 lo-

1289 2722 1403 2767 quenti
1422 2722 1614 2764 intrinseca3
1646 2723 1734 2756 vocis
1744 2721 1822 2756 vero
1836 2721 1978 2765 prolatio
1988 2720 2033 2753 est
2046 2719 2097 2753 illi
2110 2731 2171 2753 ex·

1289 2772 1446 2806 trinseca:
1474 2769 1552 2816 ergo
1564 2773 1743 2816 suppositio
1755 2772 1798 2805 est
1821 2772 1970 2814 loquenti
1991 2769 2169 2804 secundum

1289 2821 1415 2866 aliquid
1433 2822 1481 2856 sui
1497 2822 1671 2856 intrinseca
1685 2846 1695 2861 ‚
1720 2823 1753 2855 δε
1766 2819 1944 2855 secundum
1967 2819 2091 2864 aliquid
2118 2820 2167 2853 sui

1290 2873 1470 2907 extrinseca
1482 2899 1490 2906 .
1521 2873 1624 2920 Qod
1636 2872 1799 2916 loquentis
1811 2872 1956 2905 intentio
1969 2871 2006 2905 sit
2021 2870 2175 2912 loquenti

1289 2923 1460 2957 intrinseca
1475 2947 1486 2963 ,
1512 2915 1666 2957 omnibus
1679 2931 1794 2956 notum
1809 2922 1851 2955 est
1869 2946 1875 2953 .
1905 2920 2009 2967 Qod
2023 2919 2098 2954 vero
2116 2931 2171 2953 vo*-

1288 2975 1335 3008 cis
1347 2973 1489 3017 prolatio
1511 2973 1547 3006 sit
1571 2972 1619 3006 illi
1644 2972 1820 3006 extrinseca
1847 2995 1853 3003 .
1883 2971 2051 3004 Probatur.
2077 2968 2169 3015 Qia

1290 3025 1379 3058 vocis
1407 3023 1548 3066 prolatio
1572 3024 1616 3057 est
1628 3021 1922 3066 aetiowproduetiva
1936 3020 2024 3054 vocis
2043 3030 2055 3054 .·
2076 3022 2169 3060 atqui

1289 3075 1374 3108 astio
1398 3072 1585 3117 productiva
1606 3074 1695 3108 vocis
1722 3078 1790 3106 non
1815 3071 1861 3104 est
1884 3067 2170 3104 intrinsecahomi·

1291 3123 1325 3157 ni
1349 3135 1463 3158 vocem
1489 3124 1662 3166 proferenti
1688 3124 1722 3157 δὲ
1748 3120 1961 3165 producenti3
1990 3118 2043 3152 sed
2064 3118 2170 3152 estin-

1290 3174 1427 3208 trinseca
1455 3175 1518 3207 aeri
1541 3174 1575 3208 in
1597 3185 1684 3216 quo,
1713 3173 1747 3206 de
1765 3176 1804 3204 ex
1827 3178 1894 3212 quo
1908 3181 1973 3203 vox
1996 3170 2166 3203 formatur:
2205 3190 2208 3193 ,

1291 3225 1374 3258 aelio
1396 3224 1486 3258 enim
1513 3235 1580 3258 non
1602 3224 1645 3257 est
1672 3223 1705 3256 in
1729 3231 1844 3265 agente
1865 3233 1875 3258 ⁸.
1912 3218 1964 3254 sed
1993 3220 2027 3253 in
2048 3219 2169 3262 parien—

1292 3284 1349 3315 te3
1376 3274 1423 3308 uti
1446 3274 1501 3308 hic
1515 3283 1555 3308 ex
1572 3271 1714 3316 :Physica
1737 3273 1885 3314 suppono
1906 3295 1914 3303 .
1957 3269 2046 3313 Ergo
2067 3268 2171 3311 prola·

1293 3322 1340 3357 tio
1369 3325 1459 3358 vocis
1492 3334 1558 3358 non
1589 3323 1759 3357 intrinseca
1792 3321 1835 3354 est
1860 3345 1870 3362 ,
1909 3320 1962 3354 sed
1992 3317 2169 3353 extrinseca

1296 3373 1424 3408 homini
1455 3385 1568 3409 vocem
1583 3373 1778 3417 proferenti.
1808 3375 1900 3404 Ratio
1916 3371 2003 3414 ergo),
2030 3378 2087 3403 cur
2101 3368 2171 3410 sup-

1296 3425 1415 3469 positio
1441 3435 1507 3460 tam
1523 3434 1636 3460 vocem
1663 3423 1857 3468 suppositam
1869 3445 1880 3463 ,
1891 3429 1988 3466 quam
1998 3418 2172 3501 homlinem

2090 3478 2124 3502 0·

2260 2919 2263 2938 l
