2384 3770
669 168 1608 247 Sanc-rifiu‘eusr1ut.

219 274 275 320 qui
281 274 315 310 ei
329 275 456 320 primus
466 284 486 318 p
493 271 621 308 atefecit
630 282 668 307 ac
686 272 781 307 misit·
791 275 901 315 n'ugas
909 294 911 297 -
919 267 1091 303 vincentii

220 325 381 361 Victoris.
409 324 480 359 Hic
502 348 514 365 ,
541 324 697 366 inquam,
721 321 871 355 uenatus
894 320 957 354 fuit
980 330 1090 353 mona·

216 374 394 410 chus.„sic
408 376 504 410 enim
529 373 572 408 de
590 372 651 405 illo
677 372 712 405 in
734 370 877 405 libris-de
903 370 1086 405 animarum

45 429 196 478 1..4.c.11.
214 424 343 470 origine
354 422 706 468 scribienugustinus,
734 425 813 465 Lege
834 422 989 464 diligenter
1007 421 1089 461 qaod
1116 452 1118 454 ,

212 473 378 520 Ῑὶνὶρβαᾰ
396 475 527 517 fraemm
546 471 677 511 nostrum
702 475 759 504 Dei
777 470 902 514 servum
914 475 1085 503 Renatum.

48 529 189 576 L.3.c.3.
218 526 263 559 Et
285 526 403 561 iterum
424 548 432 556 .
459 525 572 555 Pueris
596 521 694 564 legere
720 524 789 554 mea
809 520 925 563 scripta
948 521 997 554 ad
1011 519 1088 560 fra-

211 584 278 608 tres
298 575 408 616 ‚nostros
431 576 591 605 Renatum‘
608 576 669 604 Dei
712 569 837 614 servum
855 595 869 611 ‚
898 573 939 605 (9⁴
965 570 1092 609 Presby-

215 633 308 658 terum
331 627 470 657 Petrum.
496 623 560 656 Dei
572 622 698 656 servum
711 622 767 662 „id
781 622 824 655 est
837 645 847 660 ,
863 619 1062 654 monachum
1078 643 1091 662 ,

217 673 318 719 phrasi
331 673 394 707 isto
412 672 529 706 saeculo
550 673 681 706 usitata.
708 671 922 714 Nequaquam
945 681 1012 705 erat
1026 670 1090 704 cle-

217 722 532 764 ricus‚.sed=laicus.,
550 723 646 756 Hine
655 721 744 756 enim
758 723 837 756 dicit
861 720 1068 765 Augustinus
1083 745 1090 752 .

43 774 183 813 L.1.c.1.
215 772 354 809 Mittente
369 772 475 815 fratre
508 771 608 813 nostro.
625 775 743 806 Rtnato
763 796 776 812 ,
808 770 930 804 bomine
963 772 1092 814 quidem

207 824 307 866 laico,
332 824 393 858 &c-⁴
414 822 490 856 Ubi
510 823 663 863 adverte,
685 821 781 866 -quod
808 821 1015 867 Augustinus
1034 819 1103 863 hos

212 875 341 910 minem
366 873 489 908 laicum
530 870 729 914 Presbytero
760 882 927 915 praeponat
951 882 965 904 z
1001 871 1091 917 Quia

216 934 334 967 nempe
354 934 422 958 non
440 932 510 957 erat
531 921 775 966 qualiscumque
794 922 920 963 laicus,
946 919 1001 955 sed
1013 921 1092 954 Prae-

215 974 339 1019 politus
359 972 597 1009 monachorum
611 996 618 1004 .
641 971 695 1006 lta
720 971 884 1005 insinuant
904 973 942 1005 in
962 969 1033 1005 istis
1053 971 1090 1003 li-

215 1022 283 1059 bris
301 1023 424 1059 multa.
452 1023 497 1057 Et
517 1023 651 1066 quidem
680 1021 903 1066 Augustinum
931 1021 976 1055 ita
997 1021 1091 1055 fuisse

217 1083 401 1118 praeponere
412 1072 547 1107 solitum
558 1097 568 1112 ,
588 1082 678 1116 patet
689 1083 731 1106 ex
743 1071 810 1114 ejus
823 1071 969 1115 Epistola
982 1071 1103 1108 estuat-⁴

217 1124 340 1168 gefima
350 1123 484 1167 septima
497 1147 508 1162 ,
530 1122 622 1164 cujus
636 1120 811 1167 epigraphe
831 1123 871 1155 fic
890 1120 1009 1156 habet:
1036 1124 1091 1153 Di·

216 1174 370 1213 lebliffimae
388 1175 430 1207 δ’
449 1172 638 1216 sanlIiffimae
648 1179 743 1206 matri
763 1173 944 1211 Felicitati,
969 1173 1003 1205 ό·
1016 1176 1091 1205 Fra·

219 1227 264 1255 tri
289 1223 438 1263 Rustico',
470 1224 505 1256 6·
539 1221 686 1255 Sororibus
718 1234 788 1265 quae
813 1220 961 1264 vobiscum
982 1220 1053 1264 sunt
1080 1243 1091 1260 ,

218 1272 395 1315 Augustinus
423 1274 457 1304 ὃ·
481 1278 535 1312 qui
559 1282 674 1303 mecum
696 1270 771 1314 sunt
795 1278 831 1304 in
854 1270 1094 1315 Domino¹salu-

211 1330 291 1355 sem.
320 1320 394 1360 En,
421 1319 477 1354 hic
497 1319 692 1362 Presbytero
717 1322 874 1364 praeponit
894 1322 996 1355 etiam
1017 1332 1092 1355 mo-

43 1353 103 1397 Ep·
114 1358 180 1395 109·
218 1370 363 1405 uialiunr
378 1370 583 1413 Praepofitam
604 1382 614 1402 :
647 1370 717 1404 Hic
754 1381 900 1413 namque
938 1370 1093 1404 Rusticus

216 1420 346 1455 videtur
365 1420 427 1454 effe
444 1420 506 1453 iste
528 1419 698 1461 Presbyter
712 1443 723 1459 ‚
744 1420 900 1453 adversus
918 1431 1015 1462 quem
1026 1422 1094 1454 Au-

218 1471 342 1516 gustini
362 1469 524 1505 moniales
541 1471 675 1504 fuerunt
695 1469 779 1503 adeo
790 1470 1103 1505 acritertumultua·,

221 1528 278 1554 tar.
305 1519 356 1555 At
367 1520 455 1555 dicet
465 1521 540 1563 quis
550 1544 560 1560 ,
583 1519 679 1553 unde
701 1521 737 1553 ἀ
747 1520 765 1552 ὲ
778 1531 844 1563 quo
857 1520 1012 1554 Caesaraeae
1022 1530 1090 1554 mo-

218 1569 417 1604 nasterium?
443 1568 643 1613 Respondeo
653 1569 694 1603 ab
715 1571 783 1613 ipso
806 1569 997 1614 Augustino
1007 1593 1017 1609 ‚
1044 1571 1092 1604 ita

215 1620 376 1654 scribente
395 1619 437 1654 de
448 1619 615 1663 semetipso
625 1620 666 1654 ad
680 1621 824 1654 faustum
836 1620 997 1663 optatum
1011 1620 1103 1667 Epi-j

217 1670 370 1714 scopum.
398 1675 535 1709 Literae,
554 1681 635 1712 quas
659 1671 709 1702 ad
734 1673 954 1704 Mauritaniam
983 1670 1091 1714 Caesa-

47 1679 197 1735 Emss»

216 1780 302 1811 runt,
313 1772 369 1813 qud
381 1783 431 1803 nos
443 1771 581 1807 injunaa
591 1770 674 1802 nobis
685 1773 706 1803 ἃ
719 1771 885 1804 Venerabili
901 1774 986 1812 Papa
999 1773 1091 1810 Zozy-

215 1831 264 1852 mo
275 1820 438 1862 apastoiicae
457 1822 547 1853 sedit
562 1821 706 1863 Episcopo
728 1820 925 1862 Ecclefiastica
948 1821 1103 1862 neceffitar
1133 1823 1135 1826 '

217 1879 374 1905 traxerat.
400 1870 543 1905 Dudum
561 1870 609 1904 ibi
629 1870 739 1909 haefir,
764 1882 835 1904 non
855 1880 1023 1915 tamquam
1035 1883 1093 1905 ne-

217 1920 286 1954 scio
305 1921 377 1965 quis
398 1919 586 1964 peregrinus
605 1920 786 1964 Episcopus
805 1945 817 1960 ‚
841 1920 896 1955 sed
920 1931 1093 1965 tamquam

218 1968 421 2012 Apostolicae
438 1971 531 2004 Sedis
551 1971 712 2014 Legatus:
741 1970 902 2012 Adeoque
921 1970 1008 2003 inter
1032 1982 1070 2003 ea
1084 1994 1094 2009 ‚

217 2027 293 2060 quae
311 2019 359 2051 ibi
380 2018 451 2061 egit
475 2019 563 2051 varia
575 2041 586 2057 ,
610 2020 712 2051 etiam
725 2018 833 2060 potuit
846 2019 991 2060 plantare
1000 2020 1095 2052 suum

216 2066 484 2101 monachismum
498 2090 508 2105 ‚
525 2067 622 2109 eique
645 2068 800 2108 praeficere
811 2067 979 2099 Renaturn
993 2090 1000 2098 .

277 2115 455 2149 Decimum
474 2116 601 2148 sextum
631 2114 863 2147 monasterium
891 2114 939 2146 est
960 2114 1096 2147 Eremus

215 2164 315 2198 faenai
338 2163 446 2198 Fausti
471 2188 481 2204 ,
519 2162 562 2197 de
580 2173 647 2206 quo
668 2163 748 2197 dicit
772 2164 882 2196 auctor
905 2164 1094 2207 incognitus

216 2215 294 2247 vitae
304 2214 404 2248 sanai
426 2213 594 2257 Fulgentii
619 2238 628 2244 .
657 2216 733 2246 Fuit
760 2220 828 2245 tunc
850 2219 993 2254 temporis
1018 2215 1091 2255 Ept-

66 2257 108 2290 C-
129 2266 166 2302 4-
210 2262 320 2306 scopus
345 2265 471 2306 quidam
497 2264 691 2296 laudabiliter
713 2264 948 2304 prada-andus,
976 2269 1094 2297 nomine

218 2313 347 2352 Faustur
361 2337 372 2351 ,
394 2319 452 2355 qui
473 2322 531 2354 pro
556 2312 616 2353 fide
638 2312 783 2346 catholica
810 2323 867 2344 non
891 2314 973 2355 longe
999 2316 1018 2345 ti
1045 2326 1094 2346 ca-

217 2361 326 2395 tbedra
346 2360 404 2404 sua
420 2363 515 2404 jussur
535 2361 640 2403 fuerat
661 2364 805 2405 relegari.
831 2366 867 2393 ln
893 2364 992 2394 eodem
1013 2371 1086 2403 pro-

219 2413 291 2445 inde
314 2411 396 2453 locu,
418 2411 471 2444 ubi
493 2412 642 2455 relegatus
667 2412 822 2445 tenebatur
844 2436 855 2451 ,
880 2411 1087 2450 monasterium

214 2459 275 2501 fibi⁴
291 2460 524 2501 construxerat-¹,
555 2466 592 2493 «in
624 2472 682 2502 quo
714 2460 914 2503 spiritaliter
938 2467 1054 2496 vivens
1081 2488 1092 2504 ,

214 2511 302 2552 apud
324 2521 421 2544 omnes
444 2508 635 2552 Christianos
657 2509 840 2544 ,honorabiit's
863 2510 1030 2545 habebatur
1045 2538 1054 2545 .

250 2573 253 2577 ·
267 2561 445 2595 Decimum
458 2556 630 2604 septimum
643 2561 877 2595 monasterium
894 2563 940 2594 est
956 2562 1089 2597 Eremus

146 2651 157 2656 ..
211 2611 313 2644 *sanai
326 2611 468 2650 Felicis,
490 2610 534 2644 de
560 2611 778 2655 quaitaidem
798 2611 995 2646 ifleaufior.
1023 2618 1089 2645 Na-

207 2658 306 2704 scitur
342 2660 461 2703 rursum
494 2662 571 2692 talis
597 2659 754 2702 persecutio
778 2660 844 2701 fidei
871 2685 880 2700 ,
916 2670 948 2694 ut
969 2661 1086 2706 sanHae

216 2716 364 2743 memoriae
390 2709 533 2749 Faustum
559 2710 738 2752 Episcopum
761 2721 874 2754 cogeret
905 2720 962 2754 per
986 2714 1088 2746 diver·

210 2758 267 2803 sas
292 2759 424 2793 latebras
444 2765 655 2803 commigrare,
681 2771 732 2793 nec
759 2766 792 2792 in
817 2759 880 2804 ipsb
914 2762 1086 2801 monasterio

208 2808 317 2851 fineret
333 2812 449 2854 jugiter
474 2808 647 2853 requiescere
667 2835 675 2841 .
715 2813 797 2843 Tunc
818 2811 924 2844 heatus
959 2813 1087 2856 Fulgen-

211 2865 279 2892 ‘tius
306 2865 415 2897 timens
439 2869 499 2893 aut
519 2861 568 2893 illo
590 2860 651 2893 loco
673 2858 751 2903 solur
770 2871 943 2901 remanere,
970 2870 1024 2894 aut
1050 2865 1087 2896 dr

217 2911 274 2943 ioco
285 2914 319 2941 in
328 2909 417 2943 locum
421 2909 608 2952 frequentius
619 2908 835 2953 transmigrare
848 2933 858 2950 ,
868 2909 992 2952 consulto
1000 2914 1086 2954 prius

218 2960 365 3004 Episcopo
385 2959 511 3000 Fausto,
536 2965 671 2994 vicinum
682 2959 883 3000 monasterium
901 2967 1007 3003 petiit,
1037 2963 1086 2997 ubi

212 3015 320 3051 paucis
342 3010 377 3043 i&
390 3007 570 3051 fimplicibus
581 3011 741 3044 Fratribus
762 3010 853 3044 Felix
864 3016 976 3046 nomine
989 3012 1084 3047 Abba:

148 3082 153 3088 .
210 3066 366 3101 praeerat,
387 3064 498 3092 amicur
520 3062 589 3101 ejus
614 3061 655 3099 ab
676 3058 897 3105 adolescentia,
923 3063 980 3095 &a

266 3108 443 3144 Decimum
463 3112 615 3144 ostavum
634 3110 680 3145 est
704 3111 940 3145 monasterium
953 3112 1085 3147 Tabra-

216 3168 335 3192 cenum
347 3181 358 3197 ,
379 3159 471 3202 cujus
484 3160 517 3193 in
529 3159 619 3194 libris
631 3161 671 3195 de
683 3161 877 3195 Wandalica
887 3160 971 3204 apud
985 3161 1083 3198 Afros

218 3208 443 3251 persecutione
468 3211 621 3244 meminit
641 3211 767 3245 sanctus
780 3210 892 3244 Victor
905 3211 1082 3257 Episcopus

219 3256 405 3292 Uticensis:
426 3258 559 3294 Dicens
578 3261 613 3294 in
636 3272 677 3294 eo
689 3261 781 3295 fuiffe
798 3262 951 3304 profestos
962 3261 1081 3306 glorio-

169 3308 175 3317 ·
216 3308 269 3340 sos
281 3307 402 3341 Christi
415 3308 599 3351 Praecones,
622 3311 725 3345 laicos
745 3321 854 3345 tamen
868 3335 879 3352 ‚
902 3311 937 3345 v&
957 3323 1080 3357 marty-

218 3367 267 3390 res
284 3382 294 3398 ,
328 3357 568 3395 Martinianum
592 3371 633 3394 ac
654 3361 860 3396 Saturianurn
882 3385 894 3402 ,
924 3373 983 3396 nec
1011 3374 1078 3398 non

217 3407 300 3440 alios
311 3405 415 3448 duosss
439 3420 523 3453 quos
544 3421 612 3445 non
635 3413 808 3451 nominat,
834 3422 1004 3456 germanos
1015 3413 1080 3449 fra-

217 3465 299 3495 tres,
323 3455 421 3501 idque
437 3461 529 3494 suasu
550 3471 588 3495 ac
608 3459 713 3495 studio
730 3462 845 3496 sanstae
858 3461 1035 3507 Maximae,
1061 3464 1079 3500 ὲ

220 3505 368 3543 Barbaris
378 3510 512 3554 captivae
522 3510 778 3549 Sanctimoniaiis
786 3536 796 3545 .

66 2706 148 2747 (28.

217 1718 342 1764 riensem
351 1720 444 1761 mifisti
463 1743 474 1760 ,
496 1732 542 1753 me
554 1721 639 1762 apud
648 1719 990 1763 Caesaraeampraesente
1002 1733 1090 1755 vene·
1101 1760 1103 1762 ,

1930 206 1994 251 ³1

1169 267 1384 303 ‘Decimum‘
1401 280 1533 304 ,nonum
1548 271 1600 304 est
1616 272 1872 310 monasterium
1883 263 2000 322 Biguae
2011 287 2033 318 ,¹

1156 319 1241 353 intra
1269 319 1445 355 civitatem
1472 318 1791 365 Carthaginensem,
1825 327 2028 372 contiguum

1155 421 1239 453 rium
1260 419 1348 453 haud
1370 420 1468 454 dubie
1489 421 1587 455 etiam
1600 422 1618 454 a
1632 422 1740 456 sancto
1763 422 1900 459 Aurelio
1916 451 1930 458 ..
1949 427 2031 461 .Me—

1155 470 1252 502 minit
1272 469 1363 503 illius
1387 470 1476 504 idem
1496 472 1626 505 sancius
1647 470 1784 509 Victor,
1804 471 1920 507 dicens
1933 475 1973 510 in
1982 487 2028 512 eo

1156 519 1296 562 sepultos
1316 520 1650 564 gloriofiffimos·Jesu
1674 520 1801 554 Christi
1821 521 1989 567 Martyres
2011 550 2029 569 ‚

1151 569 1344 603 ,Liberatum
1368 569 1531 605 Abbatem
1548 595 1559 611 ,
1578 569 1790 605 Bonifacium
1809 570 2028 617 Diaconum,

1154 620 1289 654 Servum
1329 620 1572 656 subdiaconum
1594 643 1606 661 ‚
1640 619 1817 655 Rusticum
1848 620 2030 659 Subdiaco-

1149 681 1255 711 num,
1280 670 1451 714 Rogatum
1471 670 1680 705 Monachum
1705 694 1716 711 ,
1739 670 1927 714 *Septimum
1947 673 2030 708 Mo-

1152 718 1317 759 nachum,
1338 722 1374 754 ,ὅε
1392 720 1586 756 Maximum
1605 718 1851 760 Monachum,
1866 722 2037 765 ‘professos'

1151 769 1188 803 in
1199 770 1396 804 monasterio
1409 771 1553 806 civitatis
1565 771 1734 815 Capsenlis
1755 771 1818 805 sub
1831 773 1940 806 fausto
1952 772 2032 817 Epi-

1153 821 1250 863 scopo
1263 820 1467 855 Vindemiali
1479 846 1487 854 .
1516 820 1682 856 Videntur
1693 819 1728 855 hi
1737 821 1835 856 fuisse
1846 821 2028 867 Regulares

1150 871 1282 911 elerici,
1308 881 1380 905 'non
1396 871 1566 906 Eremitau
1592 871 1731 916 Utpote
1743 872 1961 908 monasticem
1975 874 2043 908 seu·

1153 921 1254 954 vitam
1270 932 1485 956 communem
1503 921 1634 966 profeffi
1653 921 1716 956 sub
1737 921 1910 967 Episcopo
1931 934 1972 958 ac
1991 923 2031 957 in

1154 970 1353 1004 monasterio
1371 971 1544 1013 civitatis,
1569 983 1640 1016 quae
1659 972 1800 1014 omnia,
1822 979 1929 1007 >unu'tn
1950 972 2033 1008 Car-

1154 1020 1344 1066 thaginense
1362 1021 1481 1064 excipe
1501 1045 1513 1062 ,
1535 1022 1631 1056 fuisse
1652 1021 1806 1057 videntur
1829 1022 2031 1059 monasteria

1150 1070 1346 1105 clericorum
1358 1094 1368 1102 .
1392 1069 1489 1105 Hinc
1507 1071 1596 1105 inter
1616 1072 1703 1115 ipsos
1714 1081 1782 1106 erat
1805 1083 1890 1108 unus
1901 1072 2040 1117 presby--

1149 1130 1204 1155 „ter
1219 1144 1233 1161 ,
1252 1130 1342 1155 unus
1362 1120 1540 1155 Diaconus
1549 1144 1565 1161 ,
1586 1120 1659 1155 duo
1674 1121 1904 1157 Subdiaeoni:
1926 1123 2028 1170 -Quos

1151 1170 1218 1205 huc
1231 1171 1329 1215 usque
1351 1180 1477 1204 certum
1487 1171 1533 1205 est
1546 1182 1614 1205 non
1625 1171 1718 1206 fuiffe
1729 1170 1816 1206 inter
1841 1172 2002 1206 Eremitas
2019 1197 2028 1205 .
2042 1188 2045 1190 μ

1151 1222 1244 1255 Dico
1254 1231 1275 1261 ‘,⁴
1290 1224 1354 1255 Huc
1367 1219 1456 1263 usque
1466 1245 1474 1254 .
1495 1220 1590 1267 Qia
1603 1221 1666 1256 effe
1682 1230 1846 1265 caeperunt
1858 1220 1945 1256 hisce
1954 1222 2029 1265 ipsis

1154 1271 1363 1314 temporibus.
1384 1270 1490 1305 Hisce
1504 1282 1646 1314 namque
1657 1271 1940 1306 turbulentiffimis
1950 1282 2031 1306 tem-

1156 1322 1309 1366 poribus,
1331 1320 1463 1356 sedibus
1472 1321 1628 1365 suispulfi
1643 1321 1820 1365 Episcopi,
1834 1322 1940 1355 coacti
1955 1322 2030 1355 sunt

1154 1371 1235 1406 alias
1257 1382 1420 1413 quaerere,
1444 1372 1643 1415 plurimique
1668 1372 1704 1406 in
1726 1371 1907 1406 Thraciam
1927 1395 1938 1412 ,
1968 1373 2029 1415 Sy-

1156 1421 1236 1455 riam
1247 1433 1284 1455 ac
1297 1420 1489 1466 AEgyptum
1501 1422 1702 1466 migrarunt,
1725 1420 1906 1465 pauciffimi
1918 1424 2030 1457 autem

1156 1473 1188 1504 in
1202 1471 1355 1513 Italiam,
1380 1472 1456 1515 quia
1478 1471 1526 1505 -ibi
1549 1473 1666 1506 Ariani
1689 1472 1805 1513 Eruli,
1826 1483 1915 1516 quos
1940 1471 2033 1506 Afri-

1154 1523 1244 1556 canis
1263 1522 1329 1555 suis
1355 1521 1525 1556 wandalis
1544 1521 1782 1557 incrudelitate
1794 1533 1884 1565 pares
1896 1521 2033 1557 arbitra-

1132 1610 1134 1612 ,
1153 1571 1296 1611 bantur,
1319 1570 1487 1606 habebant
1504 1571 1715 1606 dominatum
1733 1597 1745 1604 ..
1777 1571 1875 1605 :Hinc
1896 1571 2032 1616 quidam

1155 1621 1315 1665 ejusmodi
1338 1633 1381 1655 ex
1405 1621 1700 1666 Augustinenfibus
1713 1622 1866 1656 Eremitis
1878 1620 2031 1664 auumpti

1158 1672 1311 1715 Episcopi
1321 1673 1448 1706 autsua
1461 1672 1638 1715 repetivere
1646 1671 1843 1706 monasteria
1858 1696 1868 1712 ‚
1895 1680 1952 1705 aut
1963 1671 2029 1706 alia

1133 1746 1135 1748 -
1158 1723 1191 1756 in
1203 1722 1286 1756 locis
1296 1721 1427 1756 desertis
1441 1733 1479 1756 ac
1490 1722 1610 1756 securis
1622 1732 1774 1762 erexere,
1803 1731 2031 1765 caeperuntque

1157 1783 1201 1806 ez
1224 1772 1402 1806 meliorum
1428 1782 1619 1815 temporum
1642 1774 1698 1816 spe
1721 1772 1879 1816 quosdam
1900 1783 1941 1806 ex
1966 1772 2030 1805 suis

1158 1822 1354 1857 Coeremitis
1371 1822 1526 1856 ordinare
1545 1824 1584 1856 in
1606 1822 1744 1858 clericos
1763 1846 1777 1862 ,
1800 1823 1930 1856 futuros
1952 1821 1998 1854 ibi
2020 1845 2032 1862 ‚

1134 1871 1136 1873 ’
1159 1873 1228 1916 post
1245 1872 1422 1906 discussam
1443 1873 1574 1907 Arianae
1589 1884 1632 1907 ac
1658 1871 1868 1908 VVandalicae
1888 1870 2033 1914 perfidiae

1159 1933 1195 1955 ac
1209 1923 1439 1964 persecutionis
1458 1922 1583 1955 nubem
1595 1945 1606 1961 ‚
1630 1930 1759 1953 novum
1769 1921 1982 1955 seminarium
1998 1920 2033 1953 fi-

1160 1971 1209 2003 dei
1223 1969 1422 2002 orthodoxae
1431 1993 1438 2001 .
1462 1970 1587 2012 Neque
1599 1971 1668 2013 spes
1679 1979 1736 2004 eos
1745 1969 1887 2006 fefellit,
1913 1971 2033 2014 Neque

1135 2034 1137 2036 >
1160 2030 1222 2063 ego
1234 2018 1288 2052 hic
1298 2029 1339 2051 ex
1351 2019 1459 2060 capite
1468 2019 1587 2060 loquor
1597 2043 1607 2059 ,
1634 2018 1690 2053 sed
1713 2031 1754 2053 ex
1765 2019 1863 2054 bonis
1876 2020 2011 2056 testibus
2025 2046 2032 2053 .

1104 2089 1106 2091 -
1131 2092 1133 2094 .
1159 2068 1249 2113 Qia
1267 2076 1377 2100 tamen
1391 2067 1458 2099 haec
1476 2079 1547 2100 non
1568 2068 1648 2101 sacri
1670 2069 1772 2102 nostri
1784 2071 1922 2105 Ordinis
1934 2071 2034 2116 origi-

1163 2126 1236 2148 nem
1249 2138 1260 2154 ,
1287 2115 1340 2148 sed
1354 2116 1567 2159 propaginem
1579 2126 1743 2160 tangunt,
1768 2118 1850 2153 nolo
1863 2119 1917 2154 hic
1927 2122 1973 2155 eis
1984 2122 2035 2155 in-

1162 2162 1276 2197 haerere
1289 2189 1297 2196 .
1322 2166 1418 2197 Sacer
1441 2175 1581 2206 namque
1601 2165 1715 2199 noster
1734 2167 1829 2202 Ordo
1839 2168 1938 2204 habet
1950 2171 2035 2204 duos

1161 2215 1335 2248 inimicos.
1364 2214 1479 2248 Ambo
1502 2227 1562 2249 nos
1586 2227 1701 2258 putant
1724 2224 1812 2250 terrae
1822 2218 1931 2253 filios:
1958 2218 2051 2253 Pri-=

1159 2265 1223 2304 mi,
1248 2265 1329 2307 quia
1343 2262 1548 2309 Augustinus
1560 2266 1646 2300 solos
1667 2266 1845 2303 instituerit
1859 2268 2012 2304 Clericos
2024 2292 2036 2309 ,

1159 2315 1268 2348 nullos
1291 2325 1399 2348 autem
1418 2313 1622 2358 monachos3
1643 2315 1818 2358 Secundi,
1840 2320 1922 2363 quia
1943 2319 2037 2354 insti·

1158 2363 1272 2398 tutiab
1287 2364 1479 2408 Augustino
1498 2363 1656 2400 monaehi
1666 2365 1730 2408 jam
1753 2367 1879 2409 pridem
1902 2369 2037 2404 interie-

1157 2415 1220 2447 rint
1246 2439 1257 2454 ,
1284 2425 1393 2458 neque
1414 2426 1477 2449 nos
1494 2415 1542 2452 ab
1558 2414 1620 2449 ista
1636 2416 1746 2450 radice
1766 2416 2001 2453 descendamus
2024 2444 2033 2453 .

1156 2463 1224 2497 Hic
1237 2464 1411 2498 dumtaxat
1422 2475 1486 2509 ago
1497 2465 1664 2500 adversum
1689 2465 1810 2508 primos
1823 2491 1834 2508 ‚
1856 2467 2032 2504 adversum

1155 2514 1238 2548 alios
1252 2515 1378 2548 asturus
1393 2516 1450 2548 suo
1471 2525 1637 2559 tempore,
1666 2516 1762 2560 idque
1783 2527 1825 2552 ex
1845 2518 1921 2553 fidis
1933 2527 2031 2562 atque

1156 2564 1429 2607 irrefragabilibus
1441 2565 1574 2600 testibus
1590 2591 1601 2598 .

1204 2616 1500 2658 Sequunturnune
1527 2616 1723 2651 monasteria
1747 2642 1758 2659 ,
1791 2629 1866 2663 quae
1888 2619 2031 2655 instituit

1154 2665 1477 2708 sanstusFulgentius
1496 2690 1508 2706 ,
1535 2676 1674 2709 magnus
1689 2666 1783 2709 hujus
1806 2669 2028 2705 monachismi

1152 2714 1258 2748 cultor
1270 2726 1310 2749 ae
1320 2725 1515 2760 propagator
1530 2740 1538 2748 .
1564 2716 1714 2751 Primum
1728 2718 1774 2751 est
1799 2719 1937 2754 Eremus
1963 2721 2030 2754 Sic-

1152 2765 1271 2805 censis,
1300 2764 1340 2798 de
1352 2776 1414 2808 qua
1428 2766 1468 2799 fic
1488 2765 1570 2800 dicit
1593 2766 1653 2800 iste
1674 2769 1804 2802 auctor.
1828 2772 1911 2802 Cum
1933 2769 2029 2813 subita

1146 3114 1265 3154 caelestis
1290 3122 1434 3148 exercitus
1455 3140 1466 3156 ,
1491 3118 1530 3150 ὑ·
1551 3125 1610 3158 per
1634 3121 1750 3161 ignom
1787 3118 1899 3160 Africae
1923 3125 2019 3162 regio-

1146 3175 1198 3197 nes
1213 3188 1224 3204 ,
1246 3164 1454 3198 monachorum
1475 3164 1599 3208 suorum
1615 3176 1741 3201 caterva
1750 3174 1911 3202 comitante
1929 3192 1940 3208 ‚
1961 3178 2019 3212 pa-

1145 3219 1216 3247 riter
1232 3216 1417 3258 gradiuntur
1426 3240 1436 3247 .
1463 3219 1500 3247 ln
1519 3221 1669 3251 territorio
1679 3220 1806 3261 denique
1819 3217 1941 3258 Siccensi
1948 3220 2019 3252 diam

1138 3270 1273 3306 cogitant
1290 3272 1388 3298 certas
1411 3263 1495 3307 sedes
1510 3267 1602 3310 figere
1619 3292 1634 3308 ,
1656 3274 1789 3313 regionis
1810 3268 2015 3309 faecunditate

1140 3314 1301 3354 delellati,
1323 3319 1460 3347 virorum
1476 3322 1570 3350 etiam
1590 3317 1724 3360 fidelium
1739 3317 1855 3359 favore
1859 3316 1994 3362 susi-epti
2000 3344 2013 3361 ‚

1140 3365 1199 3397 &a
1211 3363 1287 3396 Illic
1299 3363 1386 3397 sedes
1397 3364 1497 3410 figere
1509 3378 1578 3400 non
1591 3368 1697 3402 solum
1717 3369 1908 3413 cogitarunt
1917 3392 1929 3408 ,
1955 3370 2012 3405 sed

1139 3414 1237 3451 etiarn
1262 3413 1422 3449 fixerunt.
1449 3415 1630 3451 Secundum
1650 3417 1715 3452 fuit
1733 3419 1868 3453 Eremus
1877 3418 2010 3456 Ididen-

1141 3463 1180 3497 fls
1191 3486 1202 3503 ,
1224 3461 1267 3497 de
1281 3474 1343 3506 qna
1357 3464 1401 3498 ita
1413 3464 1472 3499 iste
1482 3468 1592 3500 auctor
1604 3493 1611 3500 .
1630 3471 1744 3513 Juxta
1753 3473 1927 3510 civitatem,
1939 3481 2009 3513 quae
2046 3471 2089 3509 C.
2108 3484 2159 3514 η.

1139 3515 1222 3549 ldidi
1231 3522 1416 3558 nuncupatur
1426 3539 1439 3557 ,
1456 3515 1594 3558 fundare
1612 3518 1816 3560 monasterium
1835 3525 2007 3563 incipiunt,

1895 3568 1950 3604 ubi

1140 369 1296 403 -Brafilicae
1318 370 1479 404 Celerinae
1495 395 1503 403 .
1530 370 1682 405 Erestum
1699 371 1770 406 fuit
1788 371 2028 411 hoemonaste·
2082 378 2085 381 “

2060 532 2107 569 L.
2128 535 2164 571 22

1151 2812 1315 2847 barbaricae
1338 2815 1543 2848 multitudinis
1568 2822 1733 2858 provincia
1767 2819 1943 2853 turbaretur
1974 2825 2028 2853 in·
2067 2806 2110 2842 'C‘
2135 2817 2170 2855 9·

1149 2862 1232 2906 cursu
1244 2888 1256 2904 ‚
1281 2865 1419 2898 videntes
1446 2868 1534 2899 Felix
1554 2877 1590 2899 ac
1613 2869 1790 2911 Fulgentius
1795 2868 1929 2912 salutem
1952 2878 2027 2904 tem-

1145 2915 1279 2954 poralem
1298 2914 1385 2957 fug'ae
1406 2916 1543 2957 praesidio
1568 2918 1789 2951 vendicandam
1812 2942 1822 2958 ‚
1845 2919 1952 2960 procul
1973 2919 2025 2953 ab·

1141 2962 1266 3006 scedunt
1288 2988 1298 3004 ‚
1331 2965 1385 2997 ubi
1417 2967 1503 2999 nulla
1538 2966 1615 2999 belli
1649 2966 1806 3009 ¹nascentis
1835 2974 1937 3010 opinio
1955 2980 2024 3004 con-

1141 3014 1277 3053 struendi
1299 3014 1466 3055 monasterii
1488 3016 1637 3059 praeberet
1662 3023 1812 3061 integram
1824 3017 2017 3060 facultatem.

1149 3067 1328 3098 promovent
1355 3070 1447 3108 igitur
1468 3067 1566 3106 castra
1587 3063 1766 3109 spiritualia
1798 3068 1893 3102 duces
1916 3067 2034 3108 inclytiv
