2384 3770
252 2721 254 2723 ·
323 2703 390 2737 ’ΐοι
418 2711 451 2736 ut
461 2710 515 2744 per
532 2697 836 2740 indue‘iionemfacile*
843 2704 944 2738 patere
953 2701 1065 2738 poterit
1074 2722 1082 2729 .
1115 2696 1203 2741 Ergo

413 126 508 163 162
810 123 813 125 ’
878 111 1200 159 DtsruTAT.
1237 109 1361 159 VIII.
1399 111 1542 159 Duxi.
1579 114 1686 160 IV.·

374 197 466 239 bum,
485 198 570 239 stans
592 220 602 236 ,
628 206 771 238 currens,
796 199 957 237 rationale,
986 201 1041 232 &c-
1066 198 1141 232 sunt
1170 208 1260 240 prae-.
1286 197 1468 239 'ludificatus
1495 198 1532 238 est
1555 224 1566 240 ‚
1603 203 1720 243 Virgini
1742 198 1848 240 vestem
1863 209 1982 233 omnem
2004 195 2107 240 misere
2130 195 2176 232 di,-

365 248 477 282 'dicata
489 248 643 291 adjestiva
662 272 672 287 ,
701 260 771 291 quae
792 248 823 280 in
848 249 897 281 his
925 248 1210 291 praedicationibus
1230 257 1262 295 ,ξ
1297 245 1406 290 ftia't't.
1438 250 1485 283 ibi
1511 260 1630 283 nomen
1654 248 1890 283 substantivum
1918 251 1953 285 &
1976 247 2173 284 abstractum

371 296 453 329 bomo
473 298 509 336 est
532 299 614 330 albus
627 322 638 338 ,
667 297 747 330 bomo
769 299 805 337 est
828 310 973 337 currens,
999 297 1036 337 est
1059 299 1215 331 rationalis
1229 323 1260 339 ,¹
1298 297 1391 339 scelus
1421 301 1552 342 ponitur
1577 301 1609 333 in
1637 299 1876 344 significatione
1890 298 2175 342 adjestivi&con·

368 347 580 389 praedicantur
601 348 780 391 adjeelive3
809 350 841 381 in
855 346 904 381 his
919 347 993 382 vero
1005 372 1015 388 ‚
1042 348 1124 380 homo
1137 349 1174 389 est
1184 350 1240 382 alr·
1258 344 1261 349 ’
1301 351 1377 381 creti
1394 349 1680 393 nominisscelestus
1692 375 1699 382 .
1728 349 1921 393 Similesque
1941 347 2098 394 loquendi
2110 349 2175 382 fot-

367 400 446 438 quod
455 398 577 439 album,
603 398 728 439 bomoest
752 400 953 440 quidcurrens
972 423 984 440 ‚
1012 398 1050 437 est
1064 402 1141 440 quid
1152 402 1259 453 ratio-j
1302 398 1390 431 rnalae
1411 401 1523 443 paffim
1550 402 1583 433 in
1610 401 1772 434 Terentio
1789 401 1863 433 sunt
1875 398 1998 433 obvia.
2025 399 2072 433 Ita
2086 409 2174 442 quo—

366 449 461 488 naele,
491 447 701 491 praedicantur
729 448 927 482 substantive
948 473 956 480 .
991 448 1094 491 Atqui
1117 451 1150 482 in
1172 450 1258 491 istisq
1299 456 1362 489 que
1384 449 1508 484 sanctus
1538 451 1571 483 P.
1599 462 1689 484 meus
1706 449 1913 494 Augustinus
1928 449 2170 494 lib.3.dect’vit.

363 498 645 539 praedicationibus
672 500 727 534 ista
743 499 956 542 praedicatain
974 497 1069 532 nullo
1082 497 1237 533 diversam
1297 506 1420 544 cap-23.
1445 500 1549 533 dicit:
1582 503 1634 532 Ex
1653 512 1708 543 quo
1734 501 1864 543 intelligi
1881 499 1973 542 potest
1988 522 2000 539 ‚
2025 507 2172 539 quantam

357 545 660 592 significationem,
687 561 742 582 aut
765 549 926 582 diversum
950 548 1076 581 sensum
1090 549 1232 593 faciunt·‚
1297 549 1523 583 multitudinem
1567 557 1704 583 mortium
1733 551 1837 584 habere
1872 553 2004 593 potuerit
2032 548 2170 581 turbIdus

356 598 420 630 niti
443 597 531 641 quod
555 599 618 633 illis
635 623 646 639 ‚
676 599 752 631 dum
781 598 994 641 praedicantur
1017 598 1236 641 substantive,

359 647 570 684 subaudiatur
584 659 704 683 nomen
716 660 768 681 ens
786 647 834 681 vei
844 660 891 682 res
904 674 914 689 ‚
942 660 1009 683 non
1028 649 1235 685 subauditum

357 697 438 732 dum
450 700 664 741 praedicantur
686 697 839 740 adjective
852 723 860 732 .
891 699 981 733 Nam
991 710 1056 743 ego
1070 698 1181 732 saltem
1198 702 1232 734 in

357 746 425 782 istis
436 749 613 791 praedicacis
628 750 726 783 aliam
735 747 955 783 differentiam
975 750 1085 782 videre
1096 760 1165 783 non
1181 759 1232 786 va·

355 796 430 833 leo:
458 800 676 844 significatum
689 799 810 842 quippe
822 811 939 833 eorum
954 800 1091 833 formale
1102 800 1226 835 utrobi-

353 859 418 892 que
439 851 484 884 est
507 849 613 882 idem:
641 849 791 892 adeoque
813 861 927 883 eorum
941 849 1123 883 differentia
1135 861 1176 887 ex
1190 862 1230 886 eo

352 900 479 933 desumi
504 910 571 931 non
595 898 718 943 potest.
751 899 887 933 Desumi
905 911 985 945 ergo
1003 900 1099 934 debet
1115 904 1156 934 eit
1166 913 1229 943 eo,

351 951 442 992 quod
455 950 519 982 iuis
534 950 774 983 substantivatis
790 960 847 990 pro
864 946 1049 994 significato
1062 952 1146 984 reste
1159 953 1226 986 sub-

350 998 499 1033 audiatur
521 1011 644 1033 nomen
669 1010 721 1033 ens
737 998 786 1032 vel
797 1011 862 1041 res,
891 1012 959 1034 non
972 1000 1178 1036 subauditum
1193 1002 1225 1036 il·

348 1047 411 1088 lis,
439 1050 518 1083 dum
551 1050 704 1093 adjesttva
727 1060 878 1084 manent.
911 1051 953 1084 Et
978 1049 1225 1085 sichabeturin-

347 1107 479 1133 tentum
507 1124 515 1132 .
542 1100 662 1134 Fateor
688 1110 822 1140 tamen,
849 1099 939 1144 quod
968 1100 1026 1135 has
1051 1101 1224 1144 adjectivas

346 1149 591 1192 praedicationes
605 1175 615 1191 ,
641 1150 724 1183 bomo
747 1150 784 1190 est
806 1149 894 1183 albus
908 1175 918 1191 ,
946 1149 983 1191 est
991 1151 1098 1190 flans,
1122 1151 1161 1192 est
1174 1164 1220 1185 ra—

345 1201 488 1240 riualis,
515 1202 574 1235 Ge.
598 1201 678 1245 [πρὸ
702 1204 734 1233 in
763 1201 854 1244 praxi
881 1199 1070 1235 scholastica
1081 1212 1221 1243 expona-

344 1259 418 1284 mus
430 1249 495 1285 hoc
507 1251 609 1285 modo
626 1251 748 1285 thorno
760 1251 804 1284 est
816 1261 873 1284 ens
885 1250 1009 1284 habens
1022 1250 1219 1291 albedinem,

339 1301 388 1335 'ost
402 1311 450 1335 res
458 1300 577 1336 habens
586 1302 759 1337 stationem
772 1326 782 1342 ‚
810 1301 872 1334 διε.
899 1300 961 1335 Sed
973 1311 1048 1334 cum
1063 1300 1106 1335 ita
1119 1312 1218 1345 expo-

335 1348 475 1393 ⁴uimus,
500 1363 613 1395 parum
637 1351 751 1396 praecifi
777 1351 910 1385 sumus:
937 1352 1100 1395 propriam
1113 1353 1218 1395 praedi·

338 1401 407 1434 cati
433 1402 734 1447 fignificationem‚
759 1411 797 1435 ac
820 1400 1076 1444 suppositionem
1104 1413 1216 1445 parum

339 1451 549 1485 trituramus.
577 1451 687 1486 Unde
713 1450 792 1485 dum
819 1450 994 1493 praeciseac
1005 1451 1226 1490 accuratelo

337 1502 394 1545 qui
407 1501 581 1542 volumus,
610 1501 702 1546 loqui
727 1500 907 1542 debemus,
933 1501 1057 1544 utijam
1072 1502 1164 1536 dixi.

386 1549 442 1589 28.
472 1546 606 1586 Dictum
627 1551 693 1594 jam
718 1551 764 1584 est
778 1562 788 1594 ;
802 1558 805 1560 ·
819 1551 953 1585 nomina
968 1550 1121 1594 adjectiva
1130 1552 1212 1595 adje-

334 1601 420 1635 ’ἂίνὲ
435 1601 666 1646 sumpta-poffe
679 1600 741 1635 effe
751 1601 1014 1644 propofitionum
1030 1602 1208 1645 praedieata.

335 1653 437 1693 Hujus
461 1659 528 1699 ergo
543 1649 679 1692 oecafione
697 1658 781 1692 petes
795 1664 807 1684 .-
832 1662 874 1686 au
898 1651 1035 1685 nomina
1059 1651 1209 1695 adjectiva

334 1699 487 1742 adjective
513 1701 639 1744 sumpta
662 1702 762 1734 etiarn
790 1701 863 1734 effe
880 1700 1000 1743 poffint
1023 1702 1212 1744 propofitio-

333 1762 418 1784 num
447 1751 615 1794 subiecta?
641 1749 729 1793 Respv
754 1760 818 1784 cum
845 1753 985 1794 Gregorio
1010 1751 1188 1793 Ariminenfi
1201 1777 1209 1791 ‚

331 1801 390 1834 roco
397 1800 493 1844 supra
505 1807 596 1834 enata
607 1819 622 1841 »,
648 1802 810 1845 negative,
838 1802 970 1835 &du-o.-
996 1802 1086 1843 quod
1106 1803 1209 1836 nomi·

332 1862 375 1885 na
403 1851 560 1895 adjectiva
589 1850 684 1884 toties
713 1851 1010 1889 substantiventur,
1035 1852 1207 1892 quotiesin

328 1902 565 1945 ‘praedicatione
574 1899 788 1944 subjiciuntur
802 1924 810 1932 .
836 1903 883 1933 Et
893 1905 972 1933 ratio
987 1900 1044 1940 est:
1062 1902 1137 1943 quia
1153 1914 1207 1936 no-

326 1957 409 1986 'men
424 1951 618 1995 adjestivum
636 1948 734 1985 toties
749 1950 783 1982 in
797 1949 955 1983 orationis
964 1959 1127 1984 contextu
1139 1951 1207 1986 sub·

323 2002 548 2043 'stanti-ratur,
578 2002 707 2046 quoties
732 1999 813 2034 nulli
834 1999 925 2033 aiteri
938 1998 1067 2032 nomini
1090 1999 1207 2043 adjici-

333 2062 404 2093 mr,
433 2063 486 2086 aut
507 2051 691 2086 incumbit:
719 2050 809 2092 atqui
822 2052 920 2083 totles
941 2059 1062 2083 nomen
1081 2048 1208 2092 adjecti·

333 2108 412 2136 vum
440 2102 522 2136 nulli
554 2100 645 2135 alteri
670 2096 799 2132 nomini
821 2096 992 2140 adjicitur,
1019 2099 1148 2140 quoties
1171 2100 1203 2131 in

321 2152 564 2195 ‘praedicatione
588 2147 779 2192 subjicitur:
807 2145 1045 2191 praedicationis
1057 2147 1146 2180 enim
1159 2148 1204 2181 su·

335 2202 473 2246 bjestum
501 2199 582 2234 nulli
606 2199 697 2233 alteri
720 2197 794 2232 voci
815 2197 919 2240 potest
942 2196 1040 2240 adjici
1056 2222 1063 2229 .
1094 2197 1203 2231 Potest

322 2248 469 2297 'quidem
493 2250 700 2295 praedicatum
721 2246 819 2289 adjici
838 2246 1003 2290 subjecto,
1030 2244 1204 2290 fflbjeetum

334 2313 445 2337 tamen
460 2301 647 2335 nullatenus
667 2296 768 2341 potest
780 2296 874 2337 adjici
890 2295 1084 2339 ptaedicato.
1113 2297 1204 2340 Ergo

333 2353 433 2387 toties
461 2361 582 2384 nomen
605 2346 798 2391 adjectivum
826 2345 1099 2391 substantivatur,
1126 2357 1203 2389 quo-

334 2403 395 2437 ties
406 2403 439 2436 in
454 2400 682 2445 predicatione
693 2396 861 2439 subjicitur
873 2409 884 2430 .-
900 2398 989 2429 Patet
1001 2401 1094 2429 mlnor
1108 2407 1115 2427 ε
1129 2407 1203 2439 qma

332 2463 434 2487 unam
447 2461 564 2486 vocem
579 2448 613 2483 in
626 2447 786 2484 orationis
809 2454 966 2480 contextu
979 2444 1070 2480 alteri
1082 2445 1179 2489 adjici
1194 2471 1204 2486 ‚

333 2502 380 2537 est
402 2512 502 2537 unam
523 2503 637 2534 vocem
661 2498 728 2532 fine
748 2496 812 2530 alia
827 2506 893 2529 uon
908 2495 996 2539 posse
1007 2496 1155 2538 perficere
1168 2507 1203 2530 ac

333 2552 466 2596 explere
477 2551 623 2585 sensum:
653 2548 743 2592 atqui
756 2557 822 2591 quo
835 2546 876 2580 ad
897 2545 1122 2589 expletionem
1135 2546 1201 2579 sen-

335 2604 385 2637 sus
397 2627 408 2645 ,
437 2601 569 2646 quidem
581 2598 781 2645 quandoque
793 2595 997 2640 praedicatum
1006 2595 1023 2628 a
1037 2595 1177 2638 subjecto
1189 2609 1204 2639 ,-

332 2662 505 2696 nunquam
528 2660 636 2685 tamen
662 2647 838 2691 subjectum
852 2646 1202 2689 dependetipraedica-

1295 598 1444 639 “0nfl1c‘7us
1468 611 1641 641 armorum,·
1668 603 1790 642 quando
1814 609 1937 634 tantam
1961 598 2064 632 babuit
2080 599 2169 638 judi·

1295 654 1407 682 ciorum
1424 651 1506 682 velut
1526 654 1706 683 examinata
1729 655 1851 693 cognitio
1877 675 1886 683 .
1911 651 2008 685 Dicit
2029 657 2168 686 mortium

1295 709 1353 741 pro
1374 709 1549 733 mortuorum
1568 713 1575 732 :
1612 700 1757 744 adeoque
1775 711 1890 734 vocem
1914 700 2102 736 abstractam
2128 714 2168 737 ac

1294 749 1527 784 substantivam
1552 756 1690 782 mortium
1713 750 1888 793 adjectivat
1907 774 1917 791 ‚
1943 762 1981 785 ac
2006 753 2168 787 concreti-

1293 811 1364 834 zat.
1392 801 1435 834 Et
1446 801 1680 847 cap.19.dicit,
1709 802 1842 834 Servitia
1851 800 1984 835 libertate
1997 803 2145 835 donarent
2157 828 2168 836 .

1293 851 1386 884 Dicit
1405 850 1537 894 servitia
1557 862 1615 895 pro
1633 849 1759 894 servos:
1786 850 1933 893 adeoque
1944 862 2056 885 vocem
2066 850 2169 895 servi-

1291 906 1336 934 tia
1357 901 1545 936 abstraitam
1566 912 1643 935 cum
1667 901 1806 945 quadam
1830 901 1995 946 elegantia
2005 902 2165 936 concreti-

1288 961 1358 987 zat.
1390 954 1444 987 De
1467 963 1536 996 quo
1557 952 1632 986 vide
1652 951 1903 991 Dostiffinmm
1931 951 1964 984 ἃ
1992 963 2164 994 nunquam

1289 1002 1361 1036 satis
1388 1000 1586 1036 laudandum
1611 1001 1898 1035 commentarium
1914 1000 2162 1047 EximiiMagi·

1289 1051 1340 1085 stri
1366 1052 1465 1086 nostri
1491 1051 1824 1094 LeonardiCoquaei,
1851 1050 1893 1085 V.
1905 1049 2054 1094 servitia.
2084 1053 2160 1086 Pos-

1286 1103 1355 1135 sent
1368 1102 1424 1136 hic
1447 1102 1555 1136 adhuc
1565 1101 1712 1145 quaedatn
1723 1102 1786 1134 alia
1798 1102 1935 1141 discuti,
1965 1100 2159 1136 discussione

1287 1162 1352 1184 non
1369 1153 1524 1196 indigna.
1550 1151 1676 1198 Qalia
1691 1152 1787 1185 sunt:
1813 1150 1891 1195 quid
1917 1151 2041 1193 proprie
2053 1153 2088 1184 sit
2102 1152 2160 1187 illa

1284 1201 1486 1242 substantia,
1511 1212 1575 1245 qua
1599 1213 1664 1235 una
1685 1202 1797 1235 voxin
1826 1200 1976 1234 oratione
1986 1202 2160 1238 substatai·

1282 1253 1340 1285 teri
1356 1253 1372 1284 ἓ
1401 1251 1456 1286 An
1469 1252 1506 1286 fit
1518 1251 1606 1286 idem
1619 1276 1630 1291 ‚
1657 1250 1746 1295 quod
1771 1250 1943 1295 tegimen?
1972 1252 2025 1284 An
2043 1252 2076 1283 fit
2093 1253 2158 1295 spe-

1279 1300 1346 1335 cies
1357 1302 1581 1345 acceptionis?
1603 1302 1664 1336 ἀς.
1677 1299 1738 1336 Sed
1750 1299 1818 1336 haec
1832 1303 1947 1335 omnia
1958 1325 1970 1344 ‚
1981 1311 2022 1336 ne
2034 1302 2157 1347 longus

1280 1352 1353 1393 tim,
1384 1352 1438 1387 hic
1451 1353 1596 1388 omitto.

1510 1451 1812 1487 SECTIO
1873 1450 1917 1487 V.

1385 1551 1551 1587 corolfaeriae
1578 1551 1718 1595 quaedaem
1742 1562 1779 1584 ex
1796 1553 2038 1594 prandentibus
2062 1556 2065 1558 '

1633 1601 1777 1636 deduHa.

1275 1709 1329 1748 30.
1447 1702 1480 1736 X
1503 1701 1622 1746 quibus
1643 1701 1777 1736 tandem
1788 1700 1906 1738 deduci
1920 1702 2048 1746 possunt
2062 1713 2150 1746 qun·

1462 1753 1537 1786 dam
1553 1763 1667 1786 notatu
1681 1750 1798 1797 digna.
1830 1756 1967 1786 Primum
1979 1751 2035 1792 est:
2056 1753 2148 1796 quod

1274 1800 1356 1835 inter
1377 1801 1458 1836 duas
1480 1813 1575 1836 voces
1598 1801 1754 1835 habentes
1781 1802 1974 1845 planeidem
1986 1803 2148 1846 fignifica-

1271 1861 1341 1884 tum
1369 1851 1506 1886 formale
1526 1876 1537 1893 ,
1565 1850 1669 1886 immo
1697 1852 1730 1886 ἀ
1758 1851 1841 1885 inter
1866 1863 1964 1886 voces
1987 1851 2145 1887 habentes

1271 1901 1358 1934 idem
1370 1902 1587 1946 fignificatum
1611 1911 1679 1935 tam
1691 1903 1829 1936 formale
1845 1927 1857 1943 ‚
1881 1902 2146 1945 quammateria-

1271 1949 1300 1983 le
1314 1973 1326 1990 ,
1351 1961 1416 1984 una
1429 1953 1523 1995 poffit
1549 1953 1611 1985 effe
1634 1951 1850 1993 substantiva;
1881 1951 1980 1985 altera
1992 1950 2070 1985 νεῐὸ
2079 1952 2145 1987 effe

1270 1999 1425 2042 adjectiva
1439 2025 1446 2033 .
1475 2002 1580 2034 Prima
1600 2009 1676 2041 pars
1701 2000 1867 2042 probatur:
1894 2001 1971 2044 quia
1997 1999 2082 2035 verb.
2093 2011 2144 2046 gr.

1271 2049 1318 2083 hae
1341 2061 1456 2091 voces,
1484 2050 1628 2091 brutum,
1655 2050 1771 2084 brutale
1785 2064 1796 2084 :
1822 2050 1929 2091 bomo,
1953 2049 2143 2086 humanum.-

1269 2099 1386 2131 antmal
1395 2124 1405 2139 ,
1430 2101 1581 2132 animale:
1609 2110 1720 2141 equus,
1747 2106 1909 2141 equinum,
1935 2102 1992 2134 &aa
2017 2100 2143 2136 habent

1270 2148 1394 2190 semper
1408 2146 1493 2182 idem
1514 2148 1653 2182 formale
1663 2148 1879 2192 fignificatum
1893 2162 1904 2182 .·
1932 2149 2053 2184 scilicet
2068 2150 2141 2184 bru-

1268 2196 1425 2232 talitatem
1448 2222 1459 2239 ,
1487 2195 1725 2232 humanitatem
1750 2222 1760 2238 ,
1786 2199 2045 2240 animalitatem,
2073 2200 2140 2234 &e.

1270 2247 1391 2283 Earum
1414 2257 1521 2281 tamen
1548 2248 1651 2290 prima
1674 2247 1718 2280 est
1741 2248 1956 2291 substantiva;
1982 2249 2139 2285 alteraest

1267 2297 1439 2338 adjee'tiva.
1470 2297 1621 2330 Probatur
1631 2295 1859 2339 etiamsecunda
1867 2305 1965 2340 pars:
1991 2298 2076 2332 verb.
2087 2309 2139 2343 gr.

1267 2346 1350 2380 inter
1364 2345 1420 2380 has
1431 2357 1527 2380 voces
1540 2370 1552 2387 ,
1577 2358 1688 2380 amans
1700 2370 1711 2386 ,
1735 2354 1850 2380 amator
1864 2361 1875 2381 .-
1900 2359 2006 2381 creans
2019 2372 2032 2388 ‚
2057 2360 2138 2383 crea,-

1268 2403 1332 2428 ποτε
1360 2408 1484 2441 regens,
1510 2396 1622 2431 ustor:
1648 2398 1809 2431 dominans
1832 2423 1844 2439 ,
1869 2398 2055 2440 dominator,
2075 2401 2135 2433 (τε.

1267 2445 1374 2479 Prima
1397 2447 1441 2480 est
1463 2445 1620 2489 adjectiva
1641 2459 1652 2490 ;
1680 2445 1819 2481 secunda
1845 2446 1890 2480 est
1913 2446 2133 2483 substantiva

1268 2496 1371 2539 Atqui
1394 2497 1460 2530 istae
1470 2507 1568 2531 voces
1584 2495 1787 2534 (dummodo
1813 2508 1920 2530 tamen
1934 2497 1993 2531 ista
2006 2499 2133 2540 partici-

1267 2548 1317 2588 pia
1342 2557 1409 2579 non
1437 2546 1470 2580 in
1497 2548 1549 2587 vi,
1574 2546 1855 2590 &significatione
1866 2546 2050 2590 participii;
2076 2547 2133 2582 sed.

1267 2597 1300 2628 in
1320 2595 1559 2639 fignificatione
1573 2595 1717 2630 nominis
1730 2595 1926 2639 participalis
1937 2596 2041 2631 sumas
2055 2610 2062 2630 :
2088 2598 2131 2632 de

1263 2656 1328 2688 qua
1338 2644 1548 2679 distinctione
1561 2645 1668 2680 dicam
1680 2643 1806 2688 aliquid
1816 2645 1896 2689 disp.
1911 2648 1973 2690 seq.
1985 2649 1998 2689 )
2009 2658 2075 2682 tam
2087 2647 2131 2682 de

1263 2694 1412 2736 formali,
1440 2706 1537 2739 quam
1559 2695 1599 2730 de
1617 2695 1798 2734 materiali,
1824 2695 1911 2730 idem
1923 2696 2017 2739 plane
2035 2696 2132 2742 signi·
2192 2692 2197 2694 ’

1260 2747 1384 2779 ¹fiuant.
1413 2745 1503 2790 Ergo
1524 2746 1609 2781 inter
1629 2746 1711 2780 duas
1738 2755 1853 2786 voceS,
1878 2745 1965 2780 idem
1989 2747 2130 2790 planesi-

1263 2795 1455 2839 gnificatum
1478 2820 1490 2836 ‚
1525 2805 1591 2829 tam
1613 2795 1750 2830 formale
1778 2819 1789 2835 ‚
1822 2795 1920 2839 quam
1942 2796 2129 2837 materiale,

1263 2845 1441 2886 habentes,
1469 2857 1533 2880 una
1544 2844 1761 2885 substantiva,
1788 2845 1888 2880 altera
1899 2845 2129 2890 adjeaivaeffe

1263 2895 1364 2939 potest
1377 2922 1384 2928 .
1412 2898 1511 2937 CuJ'us
1532 2897 1609 2929 ratio
1630 2898 1756 2937 &priori
1769 2894 1826 2935 est:
1855 2897 1953 2939 quia,
1980 2896 2127 2940 urisuprae

1260 2945 1363 2994 dub.3.
1390 2947 1475 2985 dixi,
1503 2944 1619 2980 harum
1640 2956 1757 2979 vocum
1783 2944 2127 2990 distinctio&specifi-

1258 2997 1348 3031 catio
1362 3008 1430 3030 non
1451 3007 1491 3030 ex
1512 2996 1604 3030 rebus
1622 2994 1828 3040 fignificatis;
1857 2996 1910 3030 sed
1919 3008 1960 3029 ex
1972 2997 2074 3031 modo
2085 2998 2123 3031 fi-

1258 3046 1438 3090 gnificandi
1462 3046 1585 3080 desumi
1605 3045 1719 3079 debet.
1748 3049 1846 3077 Minor
1853 3046 2014 3087 probatur:
2043 3047 2123 3090 quia

1257 3108 1325 3130 vox
1348 3106 1464 3130 amator
1483 3097 1523 3129 de
1547 3095 1676 3130 fort-nali
1698 3094 1855 3139 fignificat
1877 3096 1928 3128 vei
1953 3106 2120 3139 amorem,

1257 3147 1306 3179 vel
1321 3146 1429 3190 potius
1439 3145 1707 3190 propendentiam
1719 3144 1894 3186 quamdam
1907 3143 2120 3181 habitualem:

1255 3193 1352 3238 quam
1376 3198 1477 3230 etiam
1497 3196 1539 3230 de
1549 3195 1679 3230 formali
1690 3194 1850 3239 fignificat
1861 3206 1980 3230 nomen
1993 3196 2120 3239 partici-

1255 3246 1340 3288 piale
1351 3259 1460 3280 amans
1473 3271 1480 3279 .
1506 3247 1588 3281 Item
1603 3257 1668 3279 vox
1679 3253 1794 3277 amator
1804 3244 1845 3279 de
1856 3246 2016 3280 materiali
2027 3245 2119 3290 figni-

330 3309 373 3333 na
393 3302 543 3345 adjectiva
575 3302 775 3346 quandoque
800 3300 843 3332 ita
872 3299 1043 3331 sumuntur
1067 3309 1075 3329 :
1114 3306 1195 3340 ergo
1237 3296 1328 3360 {fleat
1347 3307 1482 3331 omnem
1504 3296 1593 3331 iliam
1605 3307 1670 3329 rem
1685 3319 1696 3335 ‚
1724 3295 1766 3329 de
1777 3306 1840 3337 qua
1854 3296 1957 3339 potest
1970 3296 2119 3340 praedica-

331 3352 530 3395 quandoque
549 3352 783 3395 adjestivantur
805 3374 813 3381 .
850 3347 1001 3381 Probatur
1024 3360 1031 3379 :
1055 3345 1190 3390 subsum·
1252 3344 1303 3379 ti.-
1328 3348 1563 3391 atquiomnem
1577 3346 1668 3379 illam
1679 3345 1777 3379 etiam
1792 3346 1948 3390 fignificat
1963 3345 2029 3380 hoc
2042 3357 2118 3389 par-

327 3406 417 3440 ptum
436 3401 599 3434 induffione
619 3415 627 3434 ι
666 3400 750 3436 verb.
777 3411 822 3445 gr.
844 3399 877 3432 in
903 3399 965 3431 illo
986 3397 1138 3431 Terentii
1158 3396 1191 3429 in
1251 3395 1395 3439 ticipiaie
1406 3408 1533 3431 amans:
1560 3395 1686 3429 nullum
1696 3396 1818 3439 quippe
1827 3395 2033 3441 affignaveris
2044 3395 2116 3429 sub·

332 3447 515 3483 Eunucho:
542 3452 627 3492 ,Quin
646 3457 738 3484 enam
761 3447 879 3493 insuper
894 3447 1011 3492 siclus,
1036 3447 1191 3490 postquam
1250 3445 1397 3499 jeliumffi
1414 3447 1456 3482 de
1465 3457 1532 3493 quo
1543 3445 1615 3482 vere
1637 3445 1815 3481 affirmatur
1825 3455 1962 3487 amator,
1990 3446 2033 3484 de
2050 3457 2118 3489 quo

1999 3508 2068 3534 non

330 2753 409 2787 licet
446 2751 646 2796 quandoque
679 2748 773 2793 posfit
801 2746 1009 2791 praedicatum
1036 2745 1203 2789 subjensto;

330 2813 499 2845 nunquam
520 2810 628 2835 tamen
652 2797 756 2843 potest
779 2797 956 2841 subjeetum
979 2795 1076 2840 adjici
1094 2797 1202 2839 praedi-

331 2864 424 2888 cato.

383 2914 437 2955 29.
465 2907 556 2935 Circa
577 2900 658 2943 quod
676 2903 767 2933 etiam
779 2897 831 2931 boc
847 2898 995 2931 adverte:
1024 2893 1113 2938 quod
1125 2896 1202 2930 ficut

331 2956 467 2988 nomina
495 2951 649 2995 adjectiva
671 2949 869 2995 quandoque
896 2946 1198 2988 substantivantur5

317 3003 377 3037 'ita
404 3005 501 3038 etiam
528 3001 671 3036 econtra
689 3000 824 3034 nomina
838 2996 1035 3031 substantiva
1046 2996 1199 3039 quando·-

332 3065 395 3096 que
407 3053 657 3097 adjeffiventur.
688 3050 858 3084 Probatur:
885 3046 960 3091 quia
986 3057 1106 3079 nomen
1120 3045 1200 3089 adje-

331 3104 452 3137 {tivum
472 3104 515 3137 est
538 3113 659 3135 nomen
683 3102 846 3143 impotens
867 3098 898 3131 se
911 3095 982 3130 solo
994 3098 1144 3139 perficere
1164 3096 1199 3130 &

332 3155 459 3195 explere
476 3154 627 3187 sensum:
654 3163 734 3196 ergo
757 3160 836 3183 tunc
848 3147 986 3181 nomina
1000 3145 1196 3180 substantiva

331 3202 558 3244 adjee'tivantur
584 3227 596 3243 ,
621 3201 755 3246 quando
778 3200 823 3233 ita
842 3198 1011 3232 sumuntur
1032 3207 1105 3237 ,ut
1131 3206 1196 3228 non

332 3253 448 3293 possint
471 3253 603 3287 reddere
625 3252 802 3296 perfestum
812 3249 960 3282 sensum:
988 3246 1077 3290 atqui
1088 3247 1195 3280 norni-
