<?xml version="1.0" encoding="UTF-8"?>
<!DOCTYPE html PUBLIC "-//W3C//DTD XHTML 1.0 Transitional//EN"
    "http://www.w3.org/TR/xhtml1/DTD/xhtml1-transitional.dtd">
<html xmlns="http://www.w3.org/1999/xhtml" xml:lang="en" lang="en">
 <head>
  <title>
</title>
<meta http-equiv="Content-Type" content="text/html;charset=utf-8" />
  <meta name='ocr-system' content='tesseract 3.04.00' />
  <meta name='ocr-capabilities' content='ocr_page ocr_carea ocr_par ocr_line ocrx_word'/>
</head>
<body>
  <div class='ocr_page' id='page_1' title='image "./operaomniastudio12lupuuoft_0037.png"; bbox 0 0 2384 3770; ppageno 0'>
   <div class='ocr_carea' id='block_1_1' title="bbox 721 137 1531 185">
    <p class='ocr_par' dir='ltr' id='par_1_1' title="bbox 721 137 1531 185">
     <span class='ocr_line' id='line_1_1' title="bbox 721 137 1531 185; baseline -0.005 0"><span class='ocrx_word' id='word_1_1' title='bbox 721 138 998 185; x_wconf 74' lang='lat' dir='ltr'>SANerr</span> <span class='ocrx_word' id='word_1_2' title='bbox 1049 137 1531 184; x_wconf 67' lang='lat' dir='ltr'>Aucusrxnx.</span> 
     </span>
    </p>
   </div>
   <div class='ocr_carea' id='block_1_2' title="bbox 66 222 1109 968">
    <p class='ocr_par' dir='ltr' id='par_1_2' title="bbox 229 222 1104 276">
     <span class='ocr_line' id='line_1_2' title="bbox 229 222 1104 276; baseline -0.01 -8"><span class='ocrx_word' id='word_1_3' title='bbox 229 228 448 276; x_wconf 80' lang='lat' dir='ltr'>tumMegalii</span> <span class='ocrx_word' id='word_1_4' title='bbox 463 253 474 271; x_wconf 91' lang='lat'>,</span> <span class='ocrx_word' id='word_1_5' title='bbox 503 239 540 263; x_wconf 85' lang='lat' dir='ltr'>ac</span> <span class='ocrx_word' id='word_1_6' title='bbox 552 237 609 273; x_wconf 86' lang='lat' dir='ltr'>pet</span> <span class='ocrx_word' id='word_1_7' title='bbox 631 226 832 271; x_wconf 80' lang='lat' dir='ltr'>consequens</span> <span class='ocrx_word' id='word_1_8' title='bbox 851 222 976 259; x_wconf 84' lang='lat' dir='ltr'>Primas</span> <span class='ocrx_word' id='word_1_9' title='bbox 989 222 1083 260; x_wconf 77' lang='lat' dir='ltr'>fuiire</span> <span class='ocrx_word' id='word_1_10' title='bbox 1094 247 1104 265; x_wconf 88' lang='lat'>,</span> 
     </span>
    </p>

    <p class='ocr_par' dir='ltr' id='par_1_3' title="bbox 230 274 1102 323">
     <span class='ocr_line' id='line_1_3' title="bbox 230 274 1102 323; baseline -0.007 -7"><span class='ocrx_word' id='word_1_11' title='bbox 230 294 299 316; x_wconf 90' lang='lat' dir='ltr'>non</span> <span class='ocrx_word' id='word_1_12' title='bbox 313 281 369 316; x_wconf 89' lang='lat' dir='ltr'>sub</span> <span class='ocrx_word' id='word_1_13' title='bbox 382 280 506 323; x_wconf 86' lang='lat' dir='ltr'>Papatu</span> <span class='ocrx_word' id='word_1_14' title='bbox 521 277 620 313; x_wconf 65' lang='lat' dir='ltr'>sancti</span> <span class='ocrx_word' id='word_1_15' title='bbox 642 274 852 315; x_wconf 81' lang='lat' dir='ltr'>Innocentii,</span> <span class='ocrx_word' id='word_1_16' title='bbox 880 284 916 310; x_wconf 88' lang='lat' dir='ltr'>ut</span> <span class='ocrx_word' id='word_1_17' title='bbox 935 274 1030 318; x_wconf 87' lang='lat' dir='ltr'>ponit</span> <span class='ocrx_word' id='word_1_18' title='bbox 1043 274 1102 310; x_wconf 76' lang='lat' dir='ltr'>Ba-</span> 
     </span>
    </p>

    <p class='ocr_par' dir='ltr' id='par_1_4' title="bbox 231 323 1104 425">
     <span class='ocr_line' id='line_1_4' title="bbox 231 323 1101 372; baseline -0.01 -6"><span class='ocrx_word' id='word_1_19' title='bbox 231 332 344 366; x_wconf 74' lang='lat' dir='ltr'>tonius</span> <span class='ocrx_word' id='word_1_20' title='bbox 367 354 378 372; x_wconf 89' lang='lat'>‚</span> <span class='ocrx_word' id='word_1_21' title='bbox 406 329 459 364; x_wconf 82' lang='lat' dir='ltr'>sed</span> <span class='ocrx_word' id='word_1_22' title='bbox 481 328 539 363; x_wconf 90' lang='lat' dir='ltr'>sub</span> <span class='ocrx_word' id='word_1_23' title='bbox 557 325 759 363; x_wconf 81' lang='lat' dir='ltr'>Pontificatu</span> <span class='ocrx_word' id='word_1_24' title='bbox 781 323 889 361; x_wconf 87' lang='lat' dir='ltr'>Siricii</span> <span class='ocrx_word' id='word_1_25' title='bbox 907 348 919 365; x_wconf 93' lang='lat'>,</span> <span class='ocrx_word' id='word_1_26' title='bbox 945 324 1036 369; x_wconf 83' lang='lat' dir='ltr'>quod</span> <span class='ocrx_word' id='word_1_27' title='bbox 1057 324 1101 358; x_wconf 87' lang='lat' dir='ltr'>est</span> 
     </span>
     <span class='ocr_line' id='line_1_5' title="bbox 231 372 1104 425; baseline -0.009 -10"><span class='ocrx_word' id='word_1_28' title='bbox 231 381 361 425; x_wconf 74' lang='lat' dir='ltr'>penitus</span> <span class='ocrx_word' id='word_1_29' title='bbox 371 379 503 416; x_wconf 88' lang='lat' dir='ltr'>devium</span> <span class='ocrx_word' id='word_1_30' title='bbox 513 386 608 421; x_wconf 88' lang='lat' dir='ltr'>atque</span> <span class='ocrx_word' id='word_1_31' title='bbox 619 374 766 410; x_wconf 85' lang='lat' dir='ltr'>alienum</span> <span class='ocrx_word' id='word_1_32' title='bbox 781 397 789 405; x_wconf 89' lang='lat'><strong>.</strong></span> <span class='ocrx_word' id='word_1_33' title='bbox 808 373 896 410; x_wconf 85' lang='lat' dir='ltr'>Dico</span> <span class='ocrx_word' id='word_1_34' title='bbox 910 374 1020 419; x_wconf 87' lang='lat' dir='ltr'>itaque</span> <span class='ocrx_word' id='word_1_35' title='bbox 1032 372 1104 410; x_wconf 88' lang='lat' dir='ltr'>Me-</span> 
     </span>
    </p>

    <p class='ocr_par' dir='ltr' id='par_1_5' title="bbox 88 422 1105 570">
     <span class='ocr_line' id='line_1_6' title="bbox 88 422 1105 520; baseline -0.014 -4"><span class='ocrx_word' id='word_1_36' title='bbox 88 458 212 508; x_wconf 70' lang='lat' dir='ltr'>A·412·</span> <span class='ocrx_word' id='word_1_37' title='bbox 229 430 319 516; x_wconf 63' lang='lat'>{2¹35</span> <span class='ocrx_word' id='word_1_38' title='bbox 329 422 1105 520; x_wconf 54' lang='lat' dir='ltr'>ffissssfinffiffiffffilffln‘:‘¹²’33332‘1&#39;233533Y3233</span> 
     </span>
     <span class='ocr_line' id='line_1_7' title="bbox 230 523 1103 570; baseline -0.006 -5"><span class='ocrx_word' id='word_1_39' title='bbox 230 530 348 565; x_wconf 83' lang='lat' dir='ltr'>dinalis</span> <span class='ocrx_word' id='word_1_40' title='bbox 371 527 551 567; x_wconf 77' lang='lat' dir='ltr'>Batonius,</span> <span class='ocrx_word' id='word_1_41' title='bbox 577 524 656 560; x_wconf 84' lang='lat' dir='ltr'>dum</span> <span class='ocrx_word' id='word_1_42' title='bbox 681 523 862 570; x_wconf 80' lang='lat' dir='ltr'>Augustini</span> <span class='ocrx_word' id='word_1_43' title='bbox 883 536 958 560; x_wconf 88' lang='lat' dir='ltr'>cum</span> <span class='ocrx_word' id='word_1_44' title='bbox 981 526 1103 561; x_wconf 80' lang='lat' dir='ltr'>Fortu·</span> 
     </span>
    </p>

    <p class='ocr_par' dir='ltr' id='par_1_6' title="bbox 230 574 1104 617">
     <span class='ocr_line' id='line_1_8' title="bbox 230 574 1104 617; baseline -0.006 -2"><span class='ocrx_word' id='word_1_45' title='bbox 230 582 290 615; x_wconf 87' lang='lat' dir='ltr'>nio</span> <span class='ocrx_word' id='word_1_46' title='bbox 301 576 544 614; x_wconf 74' lang='lat' dir='ltr'>Donatistarum</span> <span class='ocrx_word' id='word_1_47' title='bbox 555 574 787 610; x_wconf 84' lang='lat' dir='ltr'>Tuburficenfi</span> <span class='ocrx_word' id='word_1_48' title='bbox 803 574 982 617; x_wconf 82' lang='lat' dir='ltr'>Episcopo,</span> <span class='ocrx_word' id='word_1_49' title='bbox 993 575 1104 611; x_wconf 74' lang='lat' dir='ltr'>alram-</span> 
     </span>
    </p>

    <p class='ocr_par' dir='ltr' id='par_1_7' title="bbox 232 621 1104 676">
     <span class='ocr_line' id='line_1_9' title="bbox 232 621 1104 676; baseline -0.006 -12"><span class='ocrx_word' id='word_1_50' title='bbox 232 642 297 676; x_wconf 87' lang='lat' dir='ltr'>que</span> <span class='ocrx_word' id='word_1_51' title='bbox 307 628 426 666; x_wconf 86' lang='lat' dir='ltr'>ibidem</span> <span class='ocrx_word' id='word_1_52' title='bbox 438 637 514 662; x_wconf 89' lang='lat' dir='ltr'>cum</span> <span class='ocrx_word' id='word_1_53' title='bbox 527 621 756 671; x_wconf 57' lang='lat' dir='ltr'>Celicolarum</span> <span class='ocrx_word' id='word_1_54' title='bbox 767 623 895 667; x_wconf 86' lang='lat' dir='ltr'>Majore</span> <span class='ocrx_word' id='word_1_55' title='bbox 915 625 1104 668; x_wconf 85' lang='lat' dir='ltr'>disputatio·</span> 
     </span>
    </p>

    <p class='ocr_par' dir='ltr' id='par_1_8' title="bbox 233 674 1104 719">
     <span class='ocr_line' id='line_1_10' title="bbox 233 674 1104 719; baseline -0.006 -4"><span class='ocrx_word' id='word_1_56' title='bbox 233 691 309 716; x_wconf 86' lang='lat' dir='ltr'>nem</span> <span class='ocrx_word' id='word_1_57' title='bbox 330 677 410 713; x_wconf 87' lang='lat' dir='ltr'>dicit</span> <span class='ocrx_word' id='word_1_58' title='bbox 428 674 570 712; x_wconf 82' lang='lat' dir='ltr'>habitam</span> <span class='ocrx_word' id='word_1_59' title='bbox 594 674 708 715; x_wconf 72' lang='lat' dir='ltr'>fuisse,</span> <span class='ocrx_word' id='word_1_60' title='bbox 734 675 813 708; x_wconf 84' lang='lat' dir='ltr'>dum</span> <span class='ocrx_word' id='word_1_61' title='bbox 827 675 1031 719; x_wconf 84' lang='lat' dir='ltr'>Augustinus</span> <span class='ocrx_word' id='word_1_62' title='bbox 1041 674 1104 711; x_wconf 62' lang='lat' dir='ltr'>una</span> 
     </span>
    </p>

    <p class='ocr_par' dir='ltr' id='par_1_9' title="bbox 231 724 1103 771">
     <span class='ocr_line' id='line_1_11' title="bbox 231 724 1103 771; baseline -0.006 -7"><span class='ocrx_word' id='word_1_63' title='bbox 231 741 307 764; x_wconf 84' lang='lat' dir='ltr'>cum</span> <span class='ocrx_word' id='word_1_64' title='bbox 327 727 445 771; x_wconf 78' lang='lat' dir='ltr'>Alipio</span> <span class='ocrx_word' id='word_1_65' title='bbox 469 725 721 770; x_wconf 86' lang='lat' dir='ltr'>proficisceretur</span> <span class='ocrx_word' id='word_1_66' title='bbox 742 725 782 757; x_wconf 91' lang='lat' dir='ltr'>ad</span> <span class='ocrx_word' id='word_1_67' title='bbox 794 724 955 768; x_wconf 71' lang='lat' dir='ltr'>praefatam</span> <span class='ocrx_word' id='word_1_68' title='bbox 981 725 1103 762; x_wconf 79' lang='lat' dir='ltr'>Prima·</span> 
     </span>
    </p>

    <p class='ocr_par' dir='ltr' id='par_1_10' title="bbox 232 772 1104 871">
     <span class='ocr_line' id='line_1_12' title="bbox 232 772 1104 824; baseline -0.003 -11"><span class='ocrx_word' id='word_1_69' title='bbox 232 780 274 813; x_wconf 92' lang='lat' dir='ltr'>tis</span> <span class='ocrx_word' id='word_1_70' title='bbox 288 777 422 824; x_wconf 85' lang='lat' dir='ltr'>Sylvani</span> <span class='ocrx_word' id='word_1_71' title='bbox 434 774 605 822; x_wconf 87' lang='lat' dir='ltr'>Synodum</span> <span class='ocrx_word' id='word_1_72' title='bbox 623 772 851 817; x_wconf 78' lang='lat' dir='ltr'>cirthensem,</span> <span class='ocrx_word' id='word_1_73' title='bbox 878 775 1006 812; x_wconf 85' lang='lat' dir='ltr'>constat</span> <span class='ocrx_word' id='word_1_74' title='bbox 1016 775 1104 810; x_wconf 86' lang='lat' dir='ltr'>enim</span> 
     </span>
     <span class='ocr_line' id='line_1_13' title="bbox 233 824 1104 871; baseline -0.005 -7"><span class='ocrx_word' id='word_1_75' title='bbox 233 827 448 871; x_wconf 87' lang='lat' dir='ltr'>disputationi</span> <span class='ocrx_word' id='word_1_76' title='bbox 461 825 511 859; x_wconf 86' lang='lat' dir='ltr'>isti</span> <span class='ocrx_word' id='word_1_77' title='bbox 532 825 682 868; x_wconf 86' lang='lat' dir='ltr'>Alipium</span> <span class='ocrx_word' id='word_1_78' title='bbox 706 824 903 860; x_wconf 83' lang='lat' dir='ltr'>interfuisse.</span> <span class='ocrx_word' id='word_1_79' title='bbox 935 825 1045 861; x_wconf 81' lang='lat' dir='ltr'>Credo</span> <span class='ocrx_word' id='word_1_80' title='bbox 1063 824 1104 860; x_wconf 89' lang='lat' dir='ltr'>ab</span> 
     </span>
    </p>

    <p class='ocr_par' dir='ltr' id='par_1_11' title="bbox 66 873 1109 968">
     <span class='ocr_line' id='line_1_14' title="bbox 66 873 1104 940; baseline -0.006 -27"><span class='ocrx_word' id='word_1_81' title='bbox 66 890 125 937; x_wconf 46' lang='grc' dir='ltr'>ΕΡ,</span> <span class='ocrx_word' id='word_1_82' title='bbox 142 889 217 940; x_wconf 84' lang='lat'>163·</span> <span class='ocrx_word' id='word_1_83' title='bbox 234 877 430 923; x_wconf 78' lang='lat' dir='ltr'>amplisfimo</span> <span class='ocrx_word' id='word_1_84' title='bbox 453 874 622 911; x_wconf 82' lang='lat' dir='ltr'>Cardinali</span> <span class='ocrx_word' id='word_1_85' title='bbox 645 873 724 910; x_wconf 63' lang='lat' dir='ltr'>lecta</span> <span class='ocrx_word' id='word_1_86' title='bbox 735 874 829 909; x_wconf 88' lang='lat' dir='ltr'>fuisse</span> <span class='ocrx_word' id='word_1_87' title='bbox 845 873 911 911; x_wconf 81' lang='lat' dir='ltr'>haec</span> <span class='ocrx_word' id='word_1_88' title='bbox 926 874 1104 920; x_wconf 78' lang='lat' dir='ltr'>Augustini</span> 
     </span>
     <span class='ocr_line' id='line_1_15' title="bbox 236 922 1109 968; baseline -0.005 -6"><span class='ocrx_word' id='word_1_89' title='bbox 236 928 355 968; x_wconf 86' lang='lat' dir='ltr'>verba,</span> <span class='ocrx_word' id='word_1_90' title='bbox 382 926 494 968; x_wconf 86' lang='lat' dir='ltr'>scripta</span> <span class='ocrx_word' id='word_1_91' title='bbox 507 925 548 958; x_wconf 91' lang='lat' dir='ltr'>de</span> <span class='ocrx_word' id='word_1_92' title='bbox 560 924 627 960; x_wconf 84' lang='lat' dir='ltr'>istis</span> <span class='ocrx_word' id='word_1_93' title='bbox 640 922 932 968; x_wconf 65' lang='lat' dir='ltr'>disputationibus.</span> <span class='ocrx_word' id='word_1_94' title='bbox 962 928 1040 958; x_wconf 83' lang='lat' dir='ltr'>Cum</span> <span class='ocrx_word' id='word_1_95' title='bbox 1066 925 1109 958; x_wconf 81' lang='lat' dir='ltr'>ad</span> 
     </span>
    </p>
   </div>
   <div class='ocr_carea' id='block_1_3' title="bbox 66 1075 1117 3512">
    <p class='ocr_par' dir='ltr' id='par_1_12' title="bbox 232 1075 1108 1124">
     <span class='ocr_line' id='line_1_16' title="bbox 232 1075 1108 1124; baseline -0.002 -15"><span class='ocrx_word' id='word_1_96' title='bbox 232 1076 316 1124; x_wconf 77' lang='lat' dir='ltr'>scopi</span> <span class='ocrx_word' id='word_1_97' title='bbox 348 1076 493 1116; x_wconf 80' lang='lat' dir='ltr'>neceffitas</span> <span class='ocrx_word' id='word_1_98' title='bbox 521 1077 592 1119; x_wconf 81' lang='lat' dir='ltr'>jam</span> <span class='ocrx_word' id='word_1_99' title='bbox 618 1075 746 1120; x_wconf 82' lang='lat' dir='ltr'>jamque</span> <span class='ocrx_word' id='word_1_100' title='bbox 765 1085 818 1109; x_wconf 83' lang='lat' dir='ltr'>nos</span> <span class='ocrx_word' id='word_1_101' title='bbox 842 1075 912 1111; x_wconf 80' lang='lat' dir='ltr'>inde</span> <span class='ocrx_word' id='word_1_102' title='bbox 933 1075 1071 1117; x_wconf 67' lang='lat' dir='ltr'>rapiebat</span> <span class='ocrx_word' id='word_1_103' title='bbox 1097 1099 1108 1118; x_wconf 78' lang='lat'>,</span> 
     </span>
    </p>

    <p class='ocr_par' dir='ltr' id='par_1_13' title="bbox 234 1123 1108 1225">
     <span class='ocr_line' id='line_1_17' title="bbox 236 1123 1108 1169; baseline -0.001 -10"><span class='ocrx_word' id='word_1_104' title='bbox 236 1130 349 1163; x_wconf 74' lang='lat' dir='ltr'>diutius</span> <span class='ocrx_word' id='word_1_105' title='bbox 364 1138 429 1160; x_wconf 87' lang='lat' dir='ltr'>cum</span> <span class='ocrx_word' id='word_1_106' title='bbox 453 1129 597 1161; x_wconf 80' lang='lat' dir='ltr'>Fortunio</span> <span class='ocrx_word' id='word_1_107' title='bbox 612 1123 664 1167; x_wconf 83' lang='lat' dir='ltr'>effe</span> <span class='ocrx_word' id='word_1_108' title='bbox 688 1129 876 1167; x_wconf 70' lang='lat' dir='ltr'>nequivimus</span> <span class='ocrx_word' id='word_1_109' title='bbox 897 1149 904 1156; x_wconf 91' lang='lat'><strong>.</strong></span> <span class='ocrx_word' id='word_1_110' title='bbox 934 1124 1006 1161; x_wconf 78' lang='lat' dir='ltr'>Ibat</span> <span class='ocrx_word' id='word_1_111' title='bbox 1029 1135 1108 1169; x_wconf 85' lang='lat' dir='ltr'>ergo</span> 
     </span>
     <span class='ocr_line' id='line_1_18' title="bbox 234 1174 1108 1225; baseline 0 -14"><span class='ocrx_word' id='word_1_112' title='bbox 234 1176 441 1225; x_wconf 83' lang='lat' dir='ltr'>Augustinus</span> <span class='ocrx_word' id='word_1_113' title='bbox 463 1175 614 1213; x_wconf 86' lang='lat' dir='ltr'>Cirtham</span> <span class='ocrx_word' id='word_1_114' title='bbox 636 1185 691 1219; x_wconf 85' lang='lat' dir='ltr'>per</span> <span class='ocrx_word' id='word_1_115' title='bbox 713 1174 955 1215; x_wconf 86' lang='lat' dir='ltr'>Tuburficum,</span> <span class='ocrx_word' id='word_1_116' title='bbox 981 1187 1046 1210; x_wconf 88' lang='lat' dir='ltr'>non</span> <span class='ocrx_word' id='word_1_117' title='bbox 1068 1175 1108 1211; x_wconf 82' lang='lat' dir='ltr'>ad</span> 
     </span>
    </p>

    <p class='ocr_par' dir='ltr' id='par_1_14' title="bbox 236 1225 1110 1317">
     <span class='ocr_line' id='line_1_19' title="bbox 236 1225 1108 1270; baseline -0.005 -9"><span class='ocrx_word' id='word_1_118' title='bbox 236 1227 278 1270; x_wconf 71' lang='lat' dir='ltr'>Sy</span> <span class='ocrx_word' id='word_1_119' title='bbox 288 1226 431 1266; x_wconf 85' lang='lat' dir='ltr'>nodum,</span> <span class='ocrx_word' id='word_1_120' title='bbox 458 1225 512 1260; x_wconf 90' lang='lat' dir='ltr'>sed</span> <span class='ocrx_word' id='word_1_121' title='bbox 524 1225 564 1259; x_wconf 90' lang='lat' dir='ltr'>ad</span> <span class='ocrx_word' id='word_1_122' title='bbox 577 1225 777 1268; x_wconf 78' lang='lat' dir='ltr'>Episcopum</span> <span class='ocrx_word' id='word_1_123' title='bbox 790 1225 1032 1262; x_wconf 84' lang='lat' dir='ltr'>ordinandum.</span> <span class='ocrx_word' id='word_1_124' title='bbox 1055 1225 1108 1261; x_wconf 77' lang='lat' dir='ltr'>Ad</span> 
     </span>
     <span class='ocr_line' id='line_1_20' title="bbox 236 1274 1110 1317; baseline 0 -9"><span class='ocrx_word' id='word_1_125' title='bbox 236 1275 459 1311; x_wconf 83' lang='lat' dir='ltr'>ordinandum</span> <span class='ocrx_word' id='word_1_126' title='bbox 482 1275 533 1307; x_wconf 82' lang='lat' dir='ltr'>isti</span> <span class='ocrx_word' id='word_1_127' title='bbox 556 1274 704 1309; x_wconf 81' lang='lat' dir='ltr'>Ecclefiae</span> <span class='ocrx_word' id='word_1_128' title='bbox 728 1274 927 1317; x_wconf 84' lang='lat' dir='ltr'>Episcopum</span> <span class='ocrx_word' id='word_1_129' title='bbox 952 1277 1110 1313; x_wconf 85' lang='lat' dir='ltr'>Fortuna-</span> 
     </span>
    </p>

    <p class='ocr_par' dir='ltr' id='par_1_15' title="bbox 236 1322 1111 1369">
     <span class='ocr_line' id='line_1_21' title="bbox 236 1322 1111 1369; baseline -0.002 -9"><span class='ocrx_word' id='word_1_130' title='bbox 236 1335 309 1360; x_wconf 89' lang='lat' dir='ltr'>tum</span> <span class='ocrx_word' id='word_1_131' title='bbox 324 1348 335 1364; x_wconf 89' lang='lat'>,</span> <span class='ocrx_word' id='word_1_132' title='bbox 360 1325 417 1368; x_wconf 88' lang='lat' dir='ltr'>qui</span> <span class='ocrx_word' id='word_1_133' title='bbox 438 1322 509 1369; x_wconf 85' lang='lat' dir='ltr'>post</span> <span class='ocrx_word' id='word_1_134' title='bbox 530 1324 563 1355; x_wconf 90' lang='lat' dir='ltr'>in</span> <span class='ocrx_word' id='word_1_135' title='bbox 588 1322 769 1357; x_wconf 88' lang='lat' dir='ltr'>collatione</span> <span class='ocrx_word' id='word_1_136' title='bbox 779 1322 1031 1367; x_wconf 77' lang='lat' dir='ltr'>Carthaginensi</span> <span class='ocrx_word' id='word_1_137' title='bbox 1049 1324 1111 1362; x_wconf 82' lang='lat' dir='ltr'>fuit</span> 
     </span>
    </p>

    <p class='ocr_par' dir='ltr' id='par_1_16' title="bbox 235 1369 1113 1466">
     <span class='ocr_line' id='line_1_22' title="bbox 235 1369 1111 1418; baseline -0.001 -9"><span class='ocrx_word' id='word_1_138' title='bbox 235 1385 323 1409; x_wconf 86' lang='lat' dir='ltr'>unus</span> <span class='ocrx_word' id='word_1_139' title='bbox 334 1385 447 1409; x_wconf 88' lang='lat' dir='ltr'>eorum</span> <span class='ocrx_word' id='word_1_140' title='bbox 462 1374 603 1416; x_wconf 82' lang='lat' dir='ltr'>septem,</span> <span class='ocrx_word' id='word_1_141' title='bbox 628 1369 748 1417; x_wconf 89' lang='lat' dir='ltr'>quibus</span> <span class='ocrx_word' id='word_1_142' title='bbox 771 1371 939 1407; x_wconf 76' lang='lat' dir='ltr'>Catholici</span> <span class='ocrx_word' id='word_1_143' title='bbox 958 1374 1111 1418; x_wconf 85' lang='lat' dir='ltr'>Episcopi</span> 
     </span>
     <span class='ocr_line' id='line_1_23' title="bbox 236 1422 1113 1466; baseline -0.002 -7"><span class='ocrx_word' id='word_1_144' title='bbox 236 1424 427 1461; x_wconf 78' lang='lat' dir='ltr'>commisere</span> <span class='ocrx_word' id='word_1_145' title='bbox 445 1433 581 1459; x_wconf 85' lang='lat' dir='ltr'>omnem</span> <span class='ocrx_word' id='word_1_146' title='bbox 603 1422 714 1456; x_wconf 75' lang='lat' dir='ltr'>caussae</span> <span class='ocrx_word' id='word_1_147' title='bbox 734 1422 797 1459; x_wconf 80' lang='lat' dir='ltr'>suae</span> <span class='ocrx_word' id='word_1_148' title='bbox 817 1424 1078 1466; x_wconf 78' lang='lat' dir='ltr'>prosecutionem</span> <span class='ocrx_word' id='word_1_149' title='bbox 1106 1448 1113 1458; x_wconf 76' lang='grc'><strong>,</strong></span> 
     </span>
    </p>

    <p class='ocr_par' dir='ltr' id='par_1_17' title="bbox 238 1472 1111 1566">
     <span class='ocr_line' id='line_1_24' title="bbox 238 1472 1110 1519; baseline 0.005 -12"><span class='ocrx_word' id='word_1_150' title='bbox 238 1473 342 1509; x_wconf 89' lang='lat' dir='ltr'>Hunc</span> <span class='ocrx_word' id='word_1_151' title='bbox 372 1483 514 1519; x_wconf 86' lang='lat' dir='ltr'>namque</span> <span class='ocrx_word' id='word_1_152' title='bbox 545 1472 764 1509; x_wconf 86' lang='lat' dir='ltr'>Fortunatum</span> <span class='ocrx_word' id='word_1_153' title='bbox 796 1473 888 1515; x_wconf 78' lang='lat' dir='ltr'>fuisse</span> <span class='ocrx_word' id='word_1_154' title='bbox 913 1473 1110 1518; x_wconf 81' lang='lat' dir='ltr'>Episcopum</span> 
     </span>
     <span class='ocr_line' id='line_1_25' title="bbox 238 1521 1111 1566; baseline 0.001 -8"><span class='ocrx_word' id='word_1_155' title='bbox 238 1522 446 1560; x_wconf 84' lang='lat' dir='ltr'>Cirthensem</span> <span class='ocrx_word' id='word_1_156' title='bbox 458 1524 510 1557; x_wconf 91' lang='lat' dir='ltr'>seu</span> <span class='ocrx_word' id='word_1_157' title='bbox 524 1521 835 1559; x_wconf 79' lang='lat' dir='ltr'>constantinensem</span> <span class='ocrx_word' id='word_1_158' title='bbox 847 1547 857 1563; x_wconf 90' lang='lat'>‚</span> <span class='ocrx_word' id='word_1_159' title='bbox 887 1534 972 1566; x_wconf 85' lang='lat' dir='ltr'>patet</span> <span class='ocrx_word' id='word_1_160' title='bbox 983 1537 1023 1558; x_wconf 84' lang='lat' dir='ltr'>ex</span> <span class='ocrx_word' id='word_1_161' title='bbox 1039 1525 1111 1559; x_wconf 84' lang='lat' dir='ltr'>Au-</span> 
     </span>
    </p>

    <p class='ocr_par' dir='ltr' id='par_1_18' title="bbox 236 1571 1111 1621">
     <span class='ocr_line' id='line_1_26' title="bbox 236 1571 1111 1621; baseline 0.006 -15"><span class='ocrx_word' id='word_1_162' title='bbox 236 1573 370 1621; x_wconf 86' lang='lat' dir='ltr'>gustino</span> <span class='ocrx_word' id='word_1_163' title='bbox 393 1573 436 1608; x_wconf 91' lang='lat' dir='ltr'>sic</span> <span class='ocrx_word' id='word_1_164' title='bbox 457 1571 588 1607; x_wconf 86' lang='lat' dir='ltr'>dicente</span> <span class='ocrx_word' id='word_1_165' title='bbox 611 1572 645 1607; x_wconf 87' lang='lat' dir='ltr'>in</span> <span class='ocrx_word' id='word_1_166' title='bbox 659 1571 746 1606; x_wconf 88' lang='lat' dir='ltr'>libris</span> <span class='ocrx_word' id='word_1_167' title='bbox 764 1572 914 1609; x_wconf 82' lang='lat' dir='ltr'>adversus</span> <span class='ocrx_word' id='word_1_168' title='bbox 926 1572 1044 1610; x_wconf 84' lang='lat' dir='ltr'>litteras</span> <span class='ocrx_word' id='word_1_169' title='bbox 1057 1574 1111 1611; x_wconf 79' lang='lat' dir='ltr'>Pe·</span> 
     </span>
    </p>

    <p class='ocr_par' dir='ltr' id='par_1_19' title="bbox 66 1621 1113 1769">
     <span class='ocr_line' id='line_1_27' title="bbox 66 1621 1113 1671; baseline 0.002 -14"><span class='ocrx_word' id='word_1_170' title='bbox 66 1633 136 1670; x_wconf 66' lang='lat' dir='ltr'>L,1,</span> <span class='ocrx_word' id='word_1_171' title='bbox 156 1623 343 1671; x_wconf 58' lang='lat' dir='ltr'>e‚1,tiliani</span> <span class='ocrx_word' id='word_1_172' title='bbox 365 1648 372 1656; x_wconf 94' lang='lat'>.</span> <span class='ocrx_word' id='word_1_173' title='bbox 411 1627 488 1657; x_wconf 88' lang='lat' dir='ltr'>Cum</span> <span class='ocrx_word' id='word_1_174' title='bbox 516 1625 599 1665; x_wconf 87' lang='lat' dir='ltr'>eJJem</span> <span class='ocrx_word' id='word_1_175' title='bbox 621 1628 654 1655; x_wconf 82' lang='lat' dir='ltr'>in</span> <span class='ocrx_word' id='word_1_176' title='bbox 681 1621 806 1667; x_wconf 74' lang='lat' dir='ltr'>Ecclesia</span> <span class='ocrx_word' id='word_1_177' title='bbox 838 1622 1079 1666; x_wconf 70' lang='lat' dir='ltr'>constantinensi</span> <span class='ocrx_word' id='word_1_178' title='bbox 1103 1649 1113 1664; x_wconf 92' lang='lat'>‚</span> 
     </span>
     <span class='ocr_line' id='line_1_28' title="bbox 239 1671 1109 1718; baseline -0.002 -10"><span class='ocrx_word' id='word_1_179' title='bbox 239 1671 564 1716; x_wconf 33' lang='lat' dir='ltr'>Absentlo⁴praeftnpc,</span> <span class='ocrx_word' id='word_1_180' title='bbox 588 1673 621 1707; x_wconf 62' lang='grc' dir='ltr'>Θ</span> <span class='ocrx_word' id='word_1_181' title='bbox 644 1674 765 1718; x_wconf 63' lang='grc' dir='ltr'>ΟοΙίρμ</span> <span class='ocrx_word' id='word_1_182' title='bbox 777 1684 840 1706; x_wconf 83' lang='lat' dir='ltr'>meo</span> <span class='ocrx_word' id='word_1_183' title='bbox 863 1677 1032 1708; x_wconf 76' lang='lat' dir='ltr'>Fortunato</span> <span class='ocrx_word' id='word_1_184' title='bbox 1042 1677 1109 1716; x_wconf 76' lang='lat' dir='ltr'>ejus</span> 
     </span>
     <span class='ocr_line' id='line_1_29' title="bbox 238 1721 1113 1769; baseline 0.001 -12"><span class='ocrx_word' id='word_1_185' title='bbox 238 1721 410 1769; x_wconf 78' lang='lat' dir='ltr'>Episcopo,</span> <span class='ocrx_word' id='word_1_186' title='bbox 438 1723 604 1767; x_wconf 79' lang='lat' dir='ltr'>obtulerunt</span> <span class='ocrx_word' id='word_1_187' title='bbox 627 1722 704 1756; x_wconf 80' lang='lat' dir='ltr'>mibi</span> <span class='ocrx_word' id='word_1_188' title='bbox 716 1722 838 1766; x_wconf 58' lang='lat' dir='ltr'>fratrer</span> <span class='ocrx_word' id='word_1_189' title='bbox 854 1725 1033 1766; x_wconf 65' lang='lat' dir='ltr'>Epistulam.</span> <span class='ocrx_word' id='word_1_190' title='bbox 1049 1725 1113 1758; x_wconf 85' lang='lat' dir='ltr'>Fa-</span> 
     </span>
    </p>

    <p class='ocr_par' dir='ltr' id='par_1_20' title="bbox 239 1771 1115 1818">
     <span class='ocr_line' id='line_1_30' title="bbox 239 1771 1115 1818; baseline 0 -11"><span class='ocrx_word' id='word_1_191' title='bbox 239 1776 327 1807; x_wconf 71' lang='lat' dir='ltr'>ctum</span> <span class='ocrx_word' id='word_1_192' title='bbox 350 1774 383 1807; x_wconf 90' lang='lat' dir='ltr'>id</span> <span class='ocrx_word' id='word_1_193' title='bbox 403 1774 465 1808; x_wconf 85' lang='lat' dir='ltr'>fuit</span> <span class='ocrx_word' id='word_1_194' title='bbox 486 1771 611 1809; x_wconf 87' lang='lat' dir='ltr'>dudum</span> <span class='ocrx_word' id='word_1_195' title='bbox 629 1781 704 1818; x_wconf 63' lang='lat' dir='ltr'>ange</span> <span class='ocrx_word' id='word_1_196' title='bbox 727 1772 940 1811; x_wconf 85' lang='lat' dir='ltr'>collationem</span> <span class='ocrx_word' id='word_1_197' title='bbox 962 1785 999 1809; x_wconf 82' lang='lat' dir='ltr'>ac</span> <span class='ocrx_word' id='word_1_198' title='bbox 1018 1775 1115 1808; x_wconf 82' lang='lat' dir='ltr'>colla·</span> 
     </span>
    </p>

    <p class='ocr_par' dir='ltr' id='par_1_21' title="bbox 237 1822 1116 1869">
     <span class='ocr_line' id='line_1_31' title="bbox 237 1822 1116 1869; baseline -0.001 -11"><span class='ocrx_word' id='word_1_199' title='bbox 237 1823 331 1858; x_wconf 83' lang='lat' dir='ltr'>tione</span> <span class='ocrx_word' id='word_1_200' title='bbox 353 1824 561 1868; x_wconf 85' lang='lat' dir='ltr'>posteriorem</span> <span class='ocrx_word' id='word_1_201' title='bbox 582 1822 757 1869; x_wconf 88' lang='lat' dir='ltr'>Synodum</span> <span class='ocrx_word' id='word_1_202' title='bbox 783 1822 1009 1861; x_wconf 87' lang='lat' dir='ltr'>Cirthensem.</span> <span class='ocrx_word' id='word_1_203' title='bbox 1039 1826 1116 1860; x_wconf 88' lang='lat' dir='ltr'>For·</span> 
     </span>
    </p>

    <p class='ocr_par' dir='ltr' id='par_1_22' title="bbox 239 1872 1101 1922">
     <span class='ocr_line' id='line_1_32' title="bbox 239 1872 1101 1922; baseline 0.002 -13"><span class='ocrx_word' id='word_1_204' title='bbox 239 1882 372 1909; x_wconf 85' lang='lat' dir='ltr'>tunatus</span> <span class='ocrx_word' id='word_1_205' title='bbox 391 1884 533 1919; x_wconf 82' lang='lat' dir='ltr'>namque</span> <span class='ocrx_word' id='word_1_206' title='bbox 553 1872 611 1908; x_wconf 86' lang='lat' dir='ltr'>iste</span> <span class='ocrx_word' id='word_1_207' title='bbox 633 1872 697 1909; x_wconf 87' lang='lat' dir='ltr'>fuit</span> <span class='ocrx_word' id='word_1_208' title='bbox 723 1873 900 1919; x_wconf 71' lang='lat' dir='ltr'>Episcopus</span> <span class='ocrx_word' id='word_1_209' title='bbox 911 1885 985 1908; x_wconf 88' lang='lat' dir='ltr'>ante</span> <span class='ocrx_word' id='word_1_210' title='bbox 998 1874 1101 1922; x_wconf 82' lang='lat' dir='ltr'>Mega</span> 
     </span>
    </p>

    <p class='ocr_par' dir='ltr' id='par_1_23' title="bbox 237 1921 1114 1967">
     <span class='ocr_line' id='line_1_33' title="bbox 237 1921 1114 1967; baseline 0.001 -10"><span class='ocrx_word' id='word_1_211' title='bbox 237 1924 274 1958; x_wconf 87' lang='lat' dir='ltr'>lii</span> <span class='ocrx_word' id='word_1_212' title='bbox 295 1925 502 1959; x_wconf 73' lang='lat' dir='ltr'>successorem</span> <span class='ocrx_word' id='word_1_213' title='bbox 524 1922 709 1961; x_wconf 79' lang='lat' dir='ltr'>Poffidium</span> <span class='ocrx_word' id='word_1_214' title='bbox 729 1947 741 1964; x_wconf 82' lang='lat'>‚</span> <span class='ocrx_word' id='word_1_215' title='bbox 768 1921 914 1967; x_wconf 77' lang='lat' dir='ltr'>adeoque</span> <span class='ocrx_word' id='word_1_216' title='bbox 940 1925 1114 1960; x_wconf 83' lang='lat' dir='ltr'>ordinatus</span> 
     </span>
    </p>

    <p class='ocr_par' dir='ltr' id='par_1_24' title="bbox 237 1973 1113 2016">
     <span class='ocr_line' id='line_1_34' title="bbox 237 1973 1113 2016; baseline 0.002 -9"><span class='ocrx_word' id='word_1_217' title='bbox 237 1973 331 2008; x_wconf 79' lang='lat' dir='ltr'>fuiffe</span> <span class='ocrx_word' id='word_1_218' title='bbox 351 1973 446 2009; x_wconf 87' lang='lat' dir='ltr'>debet</span> <span class='ocrx_word' id='word_1_219' title='bbox 467 1984 535 2008; x_wconf 89' lang='lat' dir='ltr'>non</span> <span class='ocrx_word' id='word_1_220' title='bbox 564 1973 621 2008; x_wconf 86' lang='lat' dir='ltr'>sub</span> <span class='ocrx_word' id='word_1_221' title='bbox 643 1973 768 2015; x_wconf 86' lang='lat' dir='ltr'>Papatu</span> <span class='ocrx_word' id='word_1_222' title='bbox 790 1974 982 2009; x_wconf 76' lang='lat' dir='ltr'>innocentii</span> <span class='ocrx_word' id='word_1_223' title='bbox 1010 1997 1022 2016; x_wconf 80' lang='lat'>‚</span> <span class='ocrx_word' id='word_1_224' title='bbox 1061 1975 1113 2009; x_wconf 87' lang='lat' dir='ltr'>sed</span> 
     </span>
    </p>

    <p class='ocr_par' dir='ltr' id='par_1_25' title="bbox 237 2020 1116 2157">
     <span class='ocr_line' id='line_1_35' title="bbox 239 2020 1114 2063; baseline 0 -8"><span class='ocrx_word' id='word_1_225' title='bbox 239 2023 325 2056; x_wconf 89' lang='lat' dir='ltr'>circa</span> <span class='ocrx_word' id='word_1_226' title='bbox 347 2031 495 2063; x_wconf 86' lang='lat' dir='ltr'>tempora</span> <span class='ocrx_word' id='word_1_227' title='bbox 518 2021 676 2054; x_wconf 78' lang='lat' dir='ltr'>Anastafii</span> <span class='ocrx_word' id='word_1_228' title='bbox 700 2030 756 2054; x_wconf 87' lang='lat' dir='ltr'>aut</span> <span class='ocrx_word' id='word_1_229' title='bbox 777 2020 903 2054; x_wconf 85' lang='lat' dir='ltr'>Siricii.</span> <span class='ocrx_word' id='word_1_230' title='bbox 932 2021 1036 2055; x_wconf 79' lang='lat' dir='ltr'>Porro</span> <span class='ocrx_word' id='word_1_231' title='bbox 1050 2021 1114 2056; x_wconf 80' lang='lat' dir='ltr'>Au·</span> 
     </span>
     <span class='ocr_line' id='line_1_36' title="bbox 239 2066 1116 2114; baseline -0.001 -10"><span class='ocrx_word' id='word_1_232' title='bbox 239 2070 388 2114; x_wconf 73' lang='lat' dir='ltr'>guttinus</span> <span class='ocrx_word' id='word_1_233' title='bbox 418 2066 540 2104; x_wconf 77' lang='lat' dir='ltr'>Cirthae</span> <span class='ocrx_word' id='word_1_234' title='bbox 570 2079 682 2102; x_wconf 87' lang='lat' dir='ltr'>coram</span> <span class='ocrx_word' id='word_1_235' title='bbox 713 2079 802 2101; x_wconf 86' lang='lat' dir='ltr'>novo</span> <span class='ocrx_word' id='word_1_236' title='bbox 829 2069 991 2110; x_wconf 82' lang='lat' dir='ltr'>Episcopo</span> <span class='ocrx_word' id='word_1_237' title='bbox 1017 2071 1116 2103; x_wconf 87' lang='lat' dir='ltr'>etiam</span> 
     </span>
     <span class='ocr_line' id='line_1_37' title="bbox 237 2115 1113 2157; baseline -0.003 -4"><span class='ocrx_word' id='word_1_238' title='bbox 237 2119 454 2153; x_wconf 82' lang='lat' dir='ltr'>concionatus</span> <span class='ocrx_word' id='word_1_239' title='bbox 474 2117 519 2152; x_wconf 87' lang='lat' dir='ltr'>est</span> <span class='ocrx_word' id='word_1_240' title='bbox 537 2140 544 2149; x_wconf 86' lang='lat'><em>.</em></span> <span class='ocrx_word' id='word_1_241' title='bbox 585 2115 686 2157; x_wconf 88' lang='lat' dir='ltr'>quue</span> <span class='ocrx_word' id='word_1_242' title='bbox 705 2126 745 2149; x_wconf 83' lang='lat' dir='ltr'>ex</span> <span class='ocrx_word' id='word_1_243' title='bbox 767 2125 808 2149; x_wconf 86' lang='lat' dir='ltr'>eo</span> <span class='ocrx_word' id='word_1_244' title='bbox 834 2115 990 2150; x_wconf 81' lang='lat' dir='ltr'>laudabili</span> <span class='ocrx_word' id='word_1_245' title='bbox 1007 2116 1113 2151; x_wconf 87' lang='lat' dir='ltr'>Ecele</span> 
     </span>
    </p>

    <p class='ocr_par' dir='ltr' id='par_1_26' title="bbox 238 2162 1110 2208">
     <span class='ocr_line' id='line_1_38' title="bbox 238 2162 1110 2208; baseline -0.003 -6"><span class='ocrx_word' id='word_1_246' title='bbox 238 2170 285 2204; x_wconf 73' lang='lat' dir='ltr'>11ae</span> <span class='ocrx_word' id='word_1_247' title='bbox 307 2166 468 2202; x_wconf 80' lang='lat' dir='ltr'>Africanae</span> <span class='ocrx_word' id='word_1_248' title='bbox 490 2165 570 2205; x_wconf 90' lang='lat' dir='ltr'>usu,</span> <span class='ocrx_word' id='word_1_249' title='bbox 597 2163 638 2200; x_wconf 84' lang='lat' dir='ltr'>de</span> <span class='ocrx_word' id='word_1_250' title='bbox 658 2162 942 2208; x_wconf 80' lang='lat' dir='ltr'>quodicitqnarta</span> <span class='ocrx_word' id='word_1_251' title='bbox 956 2166 1110 2206; x_wconf 87' lang='lat' dir='ltr'>Synodus</span> 
     </span>
    </p>

    <p class='ocr_par' dir='ltr' id='par_1_27' title="bbox 94 2212 1117 2311">
     <span class='ocr_line' id='line_1_39' title="bbox 94 2212 1116 2261; baseline -0.001 -12"><span class='ocrx_word' id='word_1_252' title='bbox 94 2214 132 2249; x_wconf 87' lang='lat' dir='ltr'>C·</span> <span class='ocrx_word' id='word_1_253' title='bbox 143 2221 201 2260; x_wconf 81' lang='lat'>33·</span> <span class='ocrx_word' id='word_1_254' title='bbox 238 2212 654 2261; x_wconf 73' lang='lat' dir='ltr'>Carthaginenlis.Ep1scopl</span> <span class='ocrx_word' id='word_1_255' title='bbox 665 2214 915 2257; x_wconf 65' lang='lat' dir='ltr'>velprerbyterlfi</span> <span class='ocrx_word' id='word_1_256' title='bbox 923 2214 1011 2258; x_wconf 68' lang='lat' dir='ltr'>causa</span> <span class='ocrx_word' id='word_1_257' title='bbox 1022 2214 1116 2258; x_wconf 66' lang='lat' dir='ltr'>visen-</span> 
     </span>
     <span class='ocr_line' id='line_1_40' title="bbox 238 2263 1117 2311; baseline -0.002 -10"><span class='ocrx_word' id='word_1_258' title='bbox 238 2270 286 2303; x_wconf 76' lang='lat' dir='ltr'>dae</span> <span class='ocrx_word' id='word_1_259' title='bbox 300 2265 431 2306; x_wconf 72' lang='lat' dir='ltr'>Ecclesia:</span> <span class='ocrx_word' id='word_1_260' title='bbox 440 2267 564 2301; x_wconf 74' lang='lat' dir='ltr'>alterius</span> <span class='ocrx_word' id='word_1_261' title='bbox 576 2263 712 2309; x_wconf 70' lang='lat' dir='ltr'>Episcopi</span> <span class='ocrx_word' id='word_1_262' title='bbox 723 2267 907 2302; x_wconf 52' lang='lat' dir='ltr'>venerium&amp;</span> <span class='ocrx_word' id='word_1_263' title='bbox 918 2273 950 2298; x_wconf 67' lang='lat' dir='ltr'>in</span> <span class='ocrx_word' id='word_1_264' title='bbox 956 2267 1056 2311; x_wconf 82' lang='lat' dir='ltr'>gradu</span> <span class='ocrx_word' id='word_1_265' title='bbox 1065 2264 1117 2308; x_wconf 84' lang='lat' dir='ltr'>suo</span> 
     </span>
    </p>

    <p class='ocr_par' dir='ltr' id='par_1_28' title="bbox 67 2314 1116 3512">
     <span class='ocr_line' id='line_1_41' title="bbox 70 2314 1113 2374; baseline -0.002 -22"><span class='ocrx_word' id='word_1_266' title='bbox 70 2340 110 2374; x_wconf 67' lang='lat' dir='ltr'>Se</span> <span class='ocrx_word' id='word_1_267' title='bbox 236 2316 435 2362; x_wconf 69' lang='lat' dir='ltr'>suscipiantur</span> <span class='ocrx_word' id='word_1_268' title='bbox 459 2339 470 2357; x_wconf 87' lang='lat'>,</span> <span class='ocrx_word' id='word_1_269' title='bbox 490 2317 524 2350; x_wconf 66' lang='lat'>&lt;9</span> <span class='ocrx_word' id='word_1_270' title='bbox 543 2326 607 2347; x_wconf 80' lang='lat' dir='ltr'>ram</span> <span class='ocrx_word' id='word_1_271' title='bbox 627 2316 670 2348; x_wconf 84' lang='lat' dir='ltr'>ad</span> <span class='ocrx_word' id='word_1_272' title='bbox 681 2314 805 2347; x_wconf 82' lang='lat' dir='ltr'>verbum</span> <span class='ocrx_word' id='word_1_273' title='bbox 816 2314 993 2357; x_wconf 76' lang='lat' dir='ltr'>faciendum</span> <span class='ocrx_word' id='word_1_274' title='bbox 1024 2328 1113 2360; x_wconf 81' lang='lat' dir='ltr'>quam</span> 
     </span>
     <span class='ocr_line' id='line_1_42' title="bbox 69 2349 1116 2424; baseline 0 -24"><span class='ocrx_word' id='word_1_275' title='bbox 69 2388 89 2421; x_wconf 70' lang='lat' dir='ltr'>d</span> <span class='ocrx_word' id='word_1_276' title='bbox 112 2349 224 2424; x_wconf 41' lang='grc' dir='ltr'>,ἔτιδὲ</span> <span class='ocrx_word' id='word_1_277' title='bbox 241 2368 285 2400; x_wconf 84' lang='lat' dir='ltr'>ad</span> <span class='ocrx_word' id='word_1_278' title='bbox 308 2366 480 2399; x_wconf 78' lang='lat' dir='ltr'>oblationem</span> <span class='ocrx_word' id='word_1_279' title='bbox 491 2363 715 2408; x_wconf 83' lang='lat' dir='ltr'>consecrandam</span> <span class='ocrx_word' id='word_1_280' title='bbox 729 2368 897 2399; x_wconf 75' lang='lat' dir='ltr'>invitentur</span> <span class='ocrx_word' id='word_1_281' title='bbox 917 2390 924 2398; x_wconf 88' lang='lat'>.</span> <span class='ocrx_word' id='word_1_282' title='bbox 949 2366 999 2400; x_wconf 87' lang='lat' dir='ltr'>Sic</span> <span class='ocrx_word' id='word_1_283' title='bbox 1013 2369 1116 2400; x_wconf 84' lang='lat' dir='ltr'>varios</span> 
     </span>
     <span class='ocr_line' id='line_1_43' title="bbox 67 2399 1106 2474; baseline -0.002 -22"><span class='ocrx_word' id='word_1_284' title='bbox 67 2399 181 2474; x_wconf 50' lang='lat' dir='ltr'>pesalss</span> <span class='ocrx_word' id='word_1_285' title='bbox 216 2412 224 2421; x_wconf 62' lang='lat'><strong>⁴</strong></span> <span class='ocrx_word' id='word_1_286' title='bbox 242 2416 423 2461; x_wconf 84' lang='lat' dir='ltr'>Episcopos</span> <span class='ocrx_word' id='word_1_287' title='bbox 434 2414 474 2449; x_wconf 89' lang='lat' dir='ltr'>ad</span> <span class='ocrx_word' id='word_1_288' title='bbox 497 2413 532 2448; x_wconf 88' lang='lat' dir='ltr'>in</span> <span class='ocrx_word' id='word_1_289' title='bbox 549 2414 688 2448; x_wconf 80' lang='lat' dir='ltr'>Ecclesia</span> <span class='ocrx_word' id='word_1_290' title='bbox 702 2415 754 2448; x_wconf 87' lang='lat' dir='ltr'>sua</span> <span class='ocrx_word' id='word_1_291' title='bbox 770 2414 971 2459; x_wconf 79' lang='lat' dir='ltr'>Hipponenfi</span> <span class='ocrx_word' id='word_1_292' title='bbox 986 2417 1106 2450; x_wconf 89' lang='lat' dir='ltr'>concio</span> 
     </span>
     <span class='ocr_line' id='line_1_44' title="bbox 71 2464 1114 2559; baseline -0.002 -9"><span class='ocrx_word' id='word_1_293' title='bbox 71 2497 126 2535; x_wconf 73' lang='lat'>⁹³·</span> <span class='ocrx_word' id='word_1_294' title='bbox 144 2498 222 2536; x_wconf 77' lang='lat'>¹³¹·</span> <span class='ocrx_word' id='word_1_295' title='bbox 240 2464 1114 2559; x_wconf 48' lang='lat' dir='ltr'>zsssstssss‘ss‘tz‘zlfizvtzczsst3⁵⁰sss2f2322353ffl²33223-3</span> 
     </span>
     <span class='ocr_line' id='line_1_45' title="bbox 239 2563 1115 2611; baseline -0.001 -10"><span class='ocrx_word' id='word_1_296' title='bbox 239 2567 333 2601; x_wconf 88' lang='lat' dir='ltr'>Hinc</span> <span class='ocrx_word' id='word_1_297' title='bbox 349 2565 585 2609; x_wconf 66' lang='lat' dir='ltr'>namq-sanstus</span> <span class='ocrx_word' id='word_1_298' title='bbox 596 2563 682 2607; x_wconf 88' lang='lat' dir='ltr'>Papa</span> <span class='ocrx_word' id='word_1_299' title='bbox 695 2565 854 2599; x_wconf 81' lang='lat' dir='ltr'>Anicetus</span> <span class='ocrx_word' id='word_1_300' title='bbox 867 2565 975 2611; x_wconf 74' lang='lat' dir='ltr'>Rome</span> <span class='ocrx_word' id='word_1_301' title='bbox 987 2566 1025 2601; x_wconf 87' lang='lat' dir='ltr'>ad</span> <span class='ocrx_word' id='word_1_302' title='bbox 1037 2579 1115 2600; x_wconf 87' lang='lat' dir='ltr'>con-</span> 
     </span>
     <span class='ocr_line' id='line_1_46' title="bbox 239 2614 1113 2657; baseline 0.001 -7"><span class='ocrx_word' id='word_1_303' title='bbox 239 2615 440 2651; x_wconf 87' lang='lat' dir='ltr'>cionandum</span> <span class='ocrx_word' id='word_1_304' title='bbox 460 2625 556 2657; x_wconf 86' lang='lat' dir='ltr'>atque</span> <span class='ocrx_word' id='word_1_305' title='bbox 578 2614 782 2650; x_wconf 80' lang='lat' dir='ltr'>offerendum</span> <span class='ocrx_word' id='word_1_306' title='bbox 808 2615 957 2651; x_wconf 87' lang='lat' dir='ltr'>invitavit</span> <span class='ocrx_word' id='word_1_307' title='bbox 973 2617 1113 2651; x_wconf 74' lang='lat' dir='ltr'>sanctum</span> 
     </span>
     <span class='ocr_line' id='line_1_47' title="bbox 239 2663 1112 2711; baseline 0.002 -11"><span class='ocrx_word' id='word_1_308' title='bbox 239 2666 462 2711; x_wconf 80' lang='lat' dir='ltr'>Polycarpum</span> <span class='ocrx_word' id='word_1_309' title='bbox 478 2663 675 2708; x_wconf 87' lang='lat' dir='ltr'>Episcopum</span> <span class='ocrx_word' id='word_1_310' title='bbox 697 2666 948 2708; x_wconf 77' lang='lat' dir='ltr'>smyrnensem:</span> <span class='ocrx_word' id='word_1_311' title='bbox 976 2669 1030 2702; x_wconf 91' lang='lat' dir='ltr'>Sic</span> <span class='ocrx_word' id='word_1_312' title='bbox 1045 2668 1112 2702; x_wconf 87' lang='lat' dir='ltr'>fan·</span> 
     </span>
     <span class='ocr_line' id='line_1_48' title="bbox 239 2714 1112 2760; baseline 0.001 -10"><span class='ocrx_word' id='word_1_313' title='bbox 239 2717 307 2750; x_wconf 69' lang='lat' dir='ltr'>stus</span> <span class='ocrx_word' id='word_1_314' title='bbox 329 2715 474 2760; x_wconf 88' lang='lat' dir='ltr'>Cyrillus</span> <span class='ocrx_word' id='word_1_315' title='bbox 491 2714 700 2749; x_wconf 82' lang='lat' dir='ltr'>Alexandriae</span> <span class='ocrx_word' id='word_1_316' title='bbox 721 2715 828 2750; x_wconf 88' lang='lat' dir='ltr'>dicere</span> <span class='ocrx_word' id='word_1_317' title='bbox 853 2716 931 2751; x_wconf 90' lang='lat' dir='ltr'>fecit</span> <span class='ocrx_word' id='word_1_318' title='bbox 951 2716 1090 2753; x_wconf 87' lang='lat' dir='ltr'>Paulum</span> <span class='ocrx_word' id='word_1_319' title='bbox 1103 2742 1112 2758; x_wconf 90' lang='lat'>,</span> 
     </span>
     <span class='ocr_line' id='line_1_49' title="bbox 240 2763 1111 2810; baseline 0.001 -11"><span class='ocrx_word' id='word_1_320' title='bbox 240 2766 442 2810; x_wconf 87' lang='lat' dir='ltr'>Episcopum</span> <span class='ocrx_word' id='word_1_321' title='bbox 466 2764 680 2804; x_wconf 84' lang='lat' dir='ltr'>Emisenum,</span> <span class='ocrx_word' id='word_1_322' title='bbox 707 2763 869 2810; x_wconf 81' lang='lat' dir='ltr'>Legatum</span> <span class='ocrx_word' id='word_1_323' title='bbox 894 2766 1028 2810; x_wconf 83' lang='lat' dir='ltr'>Joannis</span> <span class='ocrx_word' id='word_1_324' title='bbox 1052 2770 1111 2802; x_wconf 84' lang='lat' dir='ltr'>Ar—</span> 
     </span>
     <span class='ocr_line' id='line_1_50' title="bbox 239 2811 1110 2862; baseline 0.002 -13"><span class='ocrx_word' id='word_1_325' title='bbox 239 2815 482 2858; x_wconf 84' lang='lat' dir='ltr'>chi-Episcopi</span> <span class='ocrx_word' id='word_1_326' title='bbox 504 2811 707 2850; x_wconf 80' lang='lat' dir='ltr'>Antiocheni</span> <span class='ocrx_word' id='word_1_327' title='bbox 729 2827 736 2849; x_wconf 70' lang='grc' dir='ltr'>ε</span> <span class='ocrx_word' id='word_1_328' title='bbox 765 2816 818 2851; x_wconf 85' lang='lat' dir='ltr'>sic</span> <span class='ocrx_word' id='word_1_329' title='bbox 839 2817 964 2852; x_wconf 65' lang='lat' dir='ltr'>sanetus</span> <span class='ocrx_word' id='word_1_330' title='bbox 985 2816 1110 2862; x_wconf 84' lang='lat' dir='ltr'>Grego-</span> 
     </span>
     <span class='ocr_line' id='line_1_51' title="bbox 239 2864 1110 2911; baseline 0.002 -11"><span class='ocrx_word' id='word_1_331' title='bbox 239 2867 303 2900; x_wconf 80' lang='lat' dir='ltr'>rius</span> <span class='ocrx_word' id='word_1_332' title='bbox 327 2866 504 2909; x_wconf 82' lang='lat' dir='ltr'>Episcopus</span> <span class='ocrx_word' id='word_1_333' title='bbox 529 2864 692 2906; x_wconf 75' lang='lat' dir='ltr'>Nyffenus</span> <span class='ocrx_word' id='word_1_334' title='bbox 713 2865 799 2907; x_wconf 88' lang='lat' dir='ltr'>apud</span> <span class='ocrx_word' id='word_1_335' title='bbox 813 2865 956 2900; x_wconf 71' lang='lat' dir='ltr'>sanctum</span> <span class='ocrx_word' id='word_1_336' title='bbox 972 2866 1110 2911; x_wconf 86' lang='lat' dir='ltr'>Amphi-</span> 
     </span>
     <span class='ocr_line' id='line_1_52' title="bbox 239 2913 1110 2959; baseline 0.003 -9"><span class='ocrx_word' id='word_1_337' title='bbox 239 2913 389 2950; x_wconf 87' lang='lat' dir='ltr'>lochium</span> <span class='ocrx_word' id='word_1_338' title='bbox 413 2914 615 2950; x_wconf 89' lang='lat' dir='ltr'>lconiensem</span> <span class='ocrx_word' id='word_1_339' title='bbox 635 2913 831 2958; x_wconf 84' lang='lat' dir='ltr'>Episcopum</span> <span class='ocrx_word' id='word_1_340' title='bbox 847 2919 1057 2959; x_wconf 86' lang='lat' dir='ltr'>conqueritur</span> <span class='ocrx_word' id='word_1_341' title='bbox 1069 2917 1110 2952; x_wconf 91' lang='lat' dir='ltr'>de</span> 
     </span>
     <span class='ocr_line' id='line_1_53' title="bbox 238 2964 1109 3010; baseline 0.002 -10"><span class='ocrx_word' id='word_1_342' title='bbox 238 2965 400 3001; x_wconf 87' lang='lat' dir='ltr'>Helladio</span> <span class='ocrx_word' id='word_1_343' title='bbox 435 2964 670 3007; x_wconf 80' lang='lat' dir='ltr'>Cappadocum</span> <span class='ocrx_word' id='word_1_344' title='bbox 706 2964 888 3000; x_wconf 79' lang='lat' dir='ltr'>Caesarienfi</span> <span class='ocrx_word' id='word_1_345' title='bbox 923 2966 1083 3010; x_wconf 83' lang='lat' dir='ltr'>Episcopo</span> <span class='ocrx_word' id='word_1_346' title='bbox 1099 2993 1109 3010; x_wconf 89' lang='lat'><em>‚</em></span> 
     </span>
     <span class='ocr_line' id='line_1_54' title="bbox 237 3011 1109 3061; baseline 0.002 -11"><span class='ocrx_word' id='word_1_347' title='bbox 237 3015 327 3061; x_wconf 88' lang='lat' dir='ltr'>quod</span> <span class='ocrx_word' id='word_1_348' title='bbox 341 3014 399 3049; x_wconf 87' lang='lat' dir='ltr'>fibi</span> <span class='ocrx_word' id='word_1_349' title='bbox 414 3011 650 3049; x_wconf 82' lang='lat' dir='ltr'>non&#39;obtulerit</span> <span class='ocrx_word' id='word_1_350' title='bbox 667 3014 856 3050; x_wconf 83' lang='lat' dir='ltr'>facultatem</span> <span class='ocrx_word' id='word_1_351' title='bbox 878 3015 912 3051; x_wconf 70' lang='grc' dir='ltr'>ὅ(</span> <span class='ocrx_word' id='word_1_352' title='bbox 934 3016 1041 3050; x_wconf 88' lang='lat' dir='ltr'>locum</span> <span class='ocrx_word' id='word_1_353' title='bbox 1055 3030 1109 3061; x_wconf 86' lang='lat' dir='ltr'>po—</span> 
     </span>
     <span class='ocr_line' id='line_1_55' title="bbox 237 3062 1109 3111; baseline 0.003 -12"><span class='ocrx_word' id='word_1_354' title='bbox 237 3066 306 3111; x_wconf 83' lang='lat' dir='ltr'>puli</span> <span class='ocrx_word' id='word_1_355' title='bbox 329 3065 362 3099; x_wconf 91' lang='lat' dir='ltr'>in</span> <span class='ocrx_word' id='word_1_356' title='bbox 388 3064 526 3100; x_wconf 84' lang='lat' dir='ltr'>Ecclesia</span> <span class='ocrx_word' id='word_1_357' title='bbox 548 3062 712 3099; x_wconf 86' lang='lat' dir='ltr'>docendi.</span> <span class='ocrx_word' id='word_1_358' title='bbox 742 3064 783 3100; x_wconf 89' lang='lat' dir='ltr'>Et</span> <span class='ocrx_word' id='word_1_359' title='bbox 809 3063 940 3109; x_wconf 78' lang='lat' dir='ltr'>quidem</span> <span class='ocrx_word' id='word_1_360' title='bbox 963 3078 999 3100; x_wconf 86' lang='lat' dir='ltr'>ea</span> <span class='ocrx_word' id='word_1_361' title='bbox 1014 3068 1109 3103; x_wconf 88' lang='lat' dir='ltr'>unica</span> 
     </span>
     <span class='ocr_line' id='line_1_56' title="bbox 238 3114 1107 3160; baseline 0.002 -10"><span class='ocrx_word' id='word_1_362' title='bbox 238 3115 421 3160; x_wconf 81' lang='lat' dir='ltr'>Augustini</span> <span class='ocrx_word' id='word_1_363' title='bbox 435 3115 556 3149; x_wconf 92' lang='lat' dir='ltr'>concio</span> <span class='ocrx_word' id='word_1_364' title='bbox 570 3125 636 3149; x_wconf 91' lang='lat' dir='ltr'>non</span> <span class='ocrx_word' id='word_1_365' title='bbox 657 3114 719 3149; x_wconf 88' lang='lat' dir='ltr'>fuit</span> <span class='ocrx_word' id='word_1_366' title='bbox 740 3115 954 3150; x_wconf 64' lang='lat' dir='ltr'>infructuosa.</span> <span class='ocrx_word' id='word_1_367' title='bbox 981 3116 1107 3152; x_wconf 85' lang='lat' dir='ltr'>Totam</span> 
     </span>
     <span class='ocr_line' id='line_1_57' title="bbox 238 3164 1106 3209; baseline 0 -9"><span class='ocrx_word' id='word_1_368' title='bbox 238 3176 381 3209; x_wconf 86' lang='lat' dir='ltr'>namque</span> <span class='ocrx_word' id='word_1_369' title='bbox 413 3164 621 3199; x_wconf 88' lang='lat' dir='ltr'>Cirthensem</span> <span class='ocrx_word' id='word_1_370' title='bbox 653 3166 821 3201; x_wconf 81' lang='lat' dir='ltr'>civitatem</span> <span class='ocrx_word' id='word_1_371' title='bbox 854 3165 871 3199; x_wconf 73' lang='lat' dir='ltr'>a</span> <span class='ocrx_word' id='word_1_372' title='bbox 908 3167 1044 3201; x_wconf 90' lang='lat' dir='ltr'>Donato</span> <span class='ocrx_word' id='word_1_373' title='bbox 1066 3169 1106 3203; x_wconf 84' lang='lat' dir='ltr'>ad</span> 
     </span>
     <span class='ocr_line' id='line_1_58' title="bbox 239 3214 1105 3255; baseline 0.001 -4"><span class='ocrx_word' id='word_1_374' title='bbox 239 3216 409 3251; x_wconf 83' lang='lat' dir='ltr'>Christum</span> <span class='ocrx_word' id='word_1_375' title='bbox 431 3214 615 3255; x_wconf 86' lang='lat' dir='ltr'>transtulit,</span> <span class='ocrx_word' id='word_1_376' title='bbox 640 3215 723 3249; x_wconf 81' lang='lat' dir='ltr'>adeo</span> <span class='ocrx_word' id='word_1_377' title='bbox 746 3226 779 3248; x_wconf 91' lang='lat' dir='ltr'>ut</span> <span class='ocrx_word' id='word_1_378' title='bbox 795 3215 981 3249; x_wconf 85' lang='lat' dir='ltr'>Cirthenses</span> <span class='ocrx_word' id='word_1_379' title='bbox 994 3218 1105 3253; x_wconf 89' lang='lat' dir='ltr'>solem·</span> 
     </span>
     <span class='ocr_line' id='line_1_59' title="bbox 239 3264 1104 3309; baseline 0.002 -9"><span class='ocrx_word' id='word_1_380' title='bbox 239 3278 315 3301; x_wconf 88' lang='lat' dir='ltr'>nem</span> <span class='ocrx_word' id='word_1_381' title='bbox 336 3277 377 3299; x_wconf 85' lang='lat' dir='ltr'>ex</span> <span class='ocrx_word' id='word_1_382' title='bbox 401 3264 576 3300; x_wconf 88' lang='lat' dir='ltr'>intervallo</span> <span class='ocrx_word' id='word_1_383' title='bbox 609 3264 649 3299; x_wconf 89' lang='lat' dir='ltr'>ad</span> <span class='ocrx_word' id='word_1_384' title='bbox 672 3265 894 3309; x_wconf 86' lang='lat' dir='ltr'>Augustinum</span> <span class='ocrx_word' id='word_1_385' title='bbox 915 3266 1104 3303; x_wconf 85' lang='lat' dir='ltr'>destinarint</span> 
     </span>
     <span class='ocr_line' id='line_1_60' title="bbox 236 3315 1105 3362; baseline 0.002 -11"><span class='ocrx_word' id='word_1_386' title='bbox 236 3316 462 3360; x_wconf 83' lang='lat' dir='ltr'>legationem,</span> <span class='ocrx_word' id='word_1_387' title='bbox 489 3315 518 3348; x_wconf 91' lang='lat' dir='ltr'>ei</span> <span class='ocrx_word' id='word_1_388' title='bbox 540 3315 658 3360; x_wconf 79' lang='lat' dir='ltr'>gratias</span> <span class='ocrx_word' id='word_1_389' title='bbox 681 3327 835 3360; x_wconf 85' lang='lat' dir='ltr'>agentes,</span> <span class='ocrx_word' id='word_1_390' title='bbox 861 3326 999 3362; x_wconf 88' lang='lat' dir='ltr'>eumque</span> <span class='ocrx_word' id='word_1_391' title='bbox 1022 3318 1060 3351; x_wconf 86' lang='lat' dir='ltr'>ad</span> <span class='ocrx_word' id='word_1_392' title='bbox 1075 3320 1105 3353; x_wconf 91' lang='lat' dir='ltr'>se</span> 
     </span>
     <span class='ocr_line' id='line_1_61' title="bbox 239 3364 1102 3408; baseline 0.002 -7"><span class='ocrx_word' id='word_1_393' title='bbox 239 3367 433 3406; x_wconf 83' lang='lat' dir='ltr'>invitantes,</span> <span class='ocrx_word' id='word_1_394' title='bbox 459 3364 588 3408; x_wconf 89' lang='lat' dir='ltr'>publico</span> <span class='ocrx_word' id='word_1_395' title='bbox 609 3364 694 3400; x_wconf 86' lang='lat' dir='ltr'>baud</span> <span class='ocrx_word' id='word_1_396' title='bbox 714 3364 812 3400; x_wconf 76' lang='lat' dir='ltr'>dubie</span> <span class='ocrx_word' id='word_1_397' title='bbox 826 3366 949 3407; x_wconf 86' lang='lat' dir='ltr'>ipsum,</span> <span class='ocrx_word' id='word_1_398' title='bbox 976 3366 997 3400; x_wconf 91' lang='lat' dir='ltr'>si</span> <span class='ocrx_word' id='word_1_399' title='bbox 1011 3368 1102 3404; x_wconf 80' lang='lat' dir='ltr'>adve-</span> 
     </span>
     <span class='ocr_line' id='line_1_62' title="bbox 239 3414 1103 3458; baseline 0.003 -8"><span class='ocrx_word' id='word_1_400' title='bbox 239 3418 331 3451; x_wconf 72' lang='lat' dir='ltr'>nisset</span> <span class='ocrx_word' id='word_1_401' title='bbox 356 3439 366 3454; x_wconf 90' lang='lat'>,</span> <span class='ocrx_word' id='word_1_402' title='bbox 393 3414 521 3451; x_wconf 87' lang='lat' dir='ltr'>honore</span> <span class='ocrx_word' id='word_1_403' title='bbox 541 3415 706 3458; x_wconf 87' lang='lat' dir='ltr'>excepturi</span> <span class='ocrx_word' id='word_1_404' title='bbox 732 3440 739 3449; x_wconf 73' lang='lat'><strong>.</strong></span> <span class='ocrx_word' id='word_1_405' title='bbox 761 3415 892 3451; x_wconf 89' lang='lat' dir='ltr'>Tantus</span> <span class='ocrx_word' id='word_1_406' title='bbox 918 3416 1103 3453; x_wconf 84' lang='lat' dir='ltr'>Conciona·</span> 
     </span>
     <span class='ocr_line' id='line_1_63' title="bbox 238 3465 1104 3512; baseline 0.001 -9"><span class='ocrx_word' id='word_1_407' title='bbox 238 3475 293 3503; x_wconf 81' lang='lat' dir='ltr'>tor</span> <span class='ocrx_word' id='word_1_408' title='bbox 319 3466 381 3501; x_wconf 87' lang='lat' dir='ltr'>fuit</span> <span class='ocrx_word' id='word_1_409' title='bbox 402 3465 526 3500; x_wconf 70' lang='lat' dir='ltr'>sanstus</span> <span class='ocrx_word' id='word_1_410' title='bbox 547 3465 752 3511; x_wconf 80' lang='lat' dir='ltr'>Augustinus</span> <span class='ocrx_word' id='word_1_411' title='bbox 772 3491 779 3499; x_wconf 92' lang='lat'><strong><em>.</em></strong></span> <span class='ocrx_word' id='word_1_412' title='bbox 820 3465 934 3502; x_wconf 85' lang='lat' dir='ltr'>Cirtha</span> <span class='ocrx_word' id='word_1_413' title='bbox 966 3478 1104 3512; x_wconf 84' lang='lat' dir='ltr'>namque</span> 
     </span>
    </p>
   </div>
   <div class='ocr_carea' id='block_1_4' title="bbox 72 3136 220 3189">
    <p class='ocr_par' dir='ltr' id='par_1_29' title="bbox 72 3136 220 3189">
     <span class='ocr_line' id='line_1_64' title="bbox 72 3136 220 3189; baseline 0.014 -18"><span class='ocrx_word' id='word_1_414' title='bbox 72 3136 131 3182; x_wconf 83' lang='lat' dir='ltr'>Ep.</span> <span class='ocrx_word' id='word_1_415' title='bbox 144 3148 220 3189; x_wconf 80' lang='lat'>130.</span> 
     </span>
    </p>
   </div>
   <div class='ocr_carea' id='block_1_5' title="bbox 235 973 1107 1070">
    <p class='ocr_par' dir='ltr' id='par_1_30' title="bbox 235 951 1139 2614">
     <span class='ocr_line' id='line_1_65' title="bbox 235 973 1107 1021; baseline -0.004 -9"><span class='ocrx_word' id='word_1_416' title='bbox 235 976 424 1021; x_wconf 62' lang='lat' dir='ltr'>Cirtbensbm</span> <span class='ocrx_word' id='word_1_417' title='bbox 433 973 590 1016; x_wconf 71' lang='lat' dir='ltr'>Ecclesiam</span> <span class='ocrx_word' id='word_1_418' title='bbox 596 982 784 1021; x_wconf 78' lang='lat' dir='ltr'>pergeremus</span> <span class='ocrx_word' id='word_1_419' title='bbox 798 999 806 1007; x_wconf 94' lang='lat'>.</span> <span class='ocrx_word' id='word_1_420' title='bbox 837 974 963 1011; x_wconf 76' lang='lat' dir='ltr'>Verum</span> <span class='ocrx_word' id='word_1_421' title='bbox 974 974 1041 1019; x_wconf 86' lang='lat' dir='ltr'>legi</span> <span class='ocrx_word' id='word_1_422' title='bbox 1054 975 1107 1008; x_wconf 89' lang='lat' dir='ltr'>de·</span> 
     </span>
     <span class='ocr_line' id='line_1_66' title="bbox 236 1025 1104 1070; baseline -0.007 -8"><span class='ocrx_word' id='word_1_423' title='bbox 236 1026 378 1063; x_wconf 80' lang='lat' dir='ltr'>buiffent</span> <span class='ocrx_word' id='word_1_424' title='bbox 399 1028 433 1060; x_wconf 75' lang='grc' dir='ltr'>ὅ(</span> <span class='ocrx_word' id='word_1_425' title='bbox 454 1025 619 1070; x_wconf 85' lang='lat' dir='ltr'>sequentia</span> <span class='ocrx_word' id='word_1_426' title='bbox 635 1049 642 1057; x_wconf 89' lang='lat'>.</span> <span class='ocrx_word' id='word_1_427' title='bbox 670 1025 733 1057; x_wconf 78' lang='lat' dir='ltr'>sed</span> <span class='ocrx_word' id='word_1_428' title='bbox 751 1028 823 1069; x_wconf 80' lang='lat' dir='ltr'>quia</span> <span class='ocrx_word' id='word_1_429' title='bbox 845 1026 1008 1060; x_wconf 67' lang='lat' dir='ltr'>ordinandi</span> <span class='ocrx_word' id='word_1_430' title='bbox 1030 1028 1104 1066; x_wconf 72' lang='lat' dir='ltr'>Ept-</span> 
     </span>
    </p>
   </div>
   <div class='ocr_carea' id='block_1_6' title="bbox 1956 148 2013 191">
    <p class='ocr_par' dir='ltr' id='par_1_31' title="bbox 1956 148 2013 191">
     <span class='ocr_line' id='line_1_67' title="bbox 1956 148 2013 191; baseline 0 0"><span class='ocrx_word' id='word_1_431' title='bbox 1956 148 2013 191; x_wconf 84' lang='lat'>23</span> 
     </span>
    </p>
   </div>
   <div class='ocr_carea' id='block_1_7' title="bbox 1164 220 2103 1217">
    <p class='ocr_par' dir='ltr' id='par_1_32' title="bbox 1164 220 2045 561">
     <span class='ocr_line' id='line_1_68' title="bbox 1164 220 2045 265; baseline -0.006 -6"><span class='ocrx_word' id='word_1_432' title='bbox 1164 233 1233 259; x_wconf 88' lang='lat' dir='ltr'>erat</span> <span class='ocrx_word' id='word_1_433' title='bbox 1266 222 1462 264; x_wconf 75' lang='lat' dir='ltr'>amplissima</span> <span class='ocrx_word' id='word_1_434' title='bbox 1495 221 1598 256; x_wconf 78' lang='lat' dir='ltr'>totius</span> <span class='ocrx_word' id='word_1_435' title='bbox 1618 220 2008 265; x_wconf 69' lang='lat' dir='ltr'>Numidiae-Metropolis</span> <span class='ocrx_word' id='word_1_436' title='bbox 2032 244 2045 260; x_wconf 93' lang='lat'>‚</span> 
     </span>
     <span class='ocr_line' id='line_1_69' title="bbox 1166 271 2045 319; baseline -0.005 -11"><span class='ocrx_word' id='word_1_437' title='bbox 1166 274 1268 319; x_wconf 85' lang='lat' dir='ltr'>prima</span> <span class='ocrx_word' id='word_1_438' title='bbox 1285 273 1403 308; x_wconf 76' lang='lat' dir='ltr'>Africa:</span> <span class='ocrx_word' id='word_1_439' title='bbox 1421 271 1551 308; x_wconf 85' lang='lat' dir='ltr'>Civitas</span> <span class='ocrx_word' id='word_1_440' title='bbox 1577 271 1647 316; x_wconf 85' lang='lat' dir='ltr'>post</span> <span class='ocrx_word' id='word_1_441' title='bbox 1671 272 1925 318; x_wconf 81' lang='lat' dir='ltr'>Carthaginem,</span> <span class='ocrx_word' id='word_1_442' title='bbox 1955 271 2045 305; x_wconf 89' lang='lat' dir='ltr'>ideo·</span> 
     </span>
     <span class='ocr_line' id='line_1_70' title="bbox 1165 321 2039 367; baseline -0.006 -10"><span class='ocrx_word' id='word_1_443' title='bbox 1165 335 1229 367; x_wconf 91' lang='lat' dir='ltr'>que</span> <span class='ocrx_word' id='word_1_444' title='bbox 1249 323 1268 358; x_wconf 72' lang='lat' dir='ltr'>a</span> <span class='ocrx_word' id='word_1_445' title='bbox 1289 321 1512 359; x_wconf 78' lang='lat' dir='ltr'>Constantino</span> <span class='ocrx_word' id='word_1_446' title='bbox 1533 332 1657 366; x_wconf 87' lang='lat' dir='ltr'>magno</span> <span class='ocrx_word' id='word_1_447' title='bbox 1670 331 1782 354; x_wconf 86' lang='lat' dir='ltr'>vocata</span> <span class='ocrx_word' id='word_1_448' title='bbox 1802 321 2039 357; x_wconf 86' lang='lat' dir='ltr'>Constantina.</span> 
     </span>
     <span class='ocr_line' id='line_1_71' title="bbox 1167 371 2045 417; baseline -0.005 -8"><span class='ocrx_word' id='word_1_449' title='bbox 1167 374 1244 409; x_wconf 85' lang='lat' dir='ltr'>Erat</span> <span class='ocrx_word' id='word_1_450' title='bbox 1267 372 1504 416; x_wconf 84' lang='lat' dir='ltr'>receptaculum</span> <span class='ocrx_word' id='word_1_451' title='bbox 1527 383 1565 408; x_wconf 88' lang='lat' dir='ltr'>ac</span> <span class='ocrx_word' id='word_1_452' title='bbox 1577 371 1680 415; x_wconf 88' lang='lat' dir='ltr'>prima</span> <span class='ocrx_word' id='word_1_453' title='bbox 1703 371 1799 417; x_wconf 87' lang='lat' dir='ltr'>origo</span> <span class='ocrx_word' id='word_1_454' title='bbox 1813 372 1963 406; x_wconf 90' lang='lat' dir='ltr'>omnium</span> <span class='ocrx_word' id='word_1_455' title='bbox 1975 372 2045 406; x_wconf 89' lang='lat' dir='ltr'>Do-</span> 
     </span>
     <span class='ocr_line' id='line_1_72' title="bbox 1166 420 2044 466; baseline -0.005 -7"><span class='ocrx_word' id='word_1_456' title='bbox 1166 423 1376 463; x_wconf 81' lang='lat' dir='ltr'>natistarum,</span> <span class='ocrx_word' id='word_1_457' title='bbox 1403 420 1550 464; x_wconf 83' lang='lat' dir='ltr'>adeoque</span> <span class='ocrx_word' id='word_1_458' title='bbox 1570 420 1750 466; x_wconf 82' lang='lat' dir='ltr'>paueiffimi</span> <span class='ocrx_word' id='word_1_459' title='bbox 1771 431 1861 455; x_wconf 89' lang='lat' dir='ltr'>erant</span> <span class='ocrx_word' id='word_1_460' title='bbox 1883 422 1917 455; x_wconf 86' lang='lat' dir='ltr'>in</span> <span class='ocrx_word' id='word_1_461' title='bbox 1934 432 1971 455; x_wconf 92' lang='lat' dir='ltr'>ea</span> <span class='ocrx_word' id='word_1_462' title='bbox 1983 421 2044 456; x_wconf 88' lang='lat' dir='ltr'>Ca-</span> 
     </span>
     <span class='ocr_line' id='line_1_73' title="bbox 1168 469 2044 518; baseline -0.002 -10"><span class='ocrx_word' id='word_1_463' title='bbox 1168 472 1284 510; x_wconf 86' lang='lat' dir='ltr'>tholici</span> <span class='ocrx_word' id='word_1_464' title='bbox 1297 498 1308 513; x_wconf 91' lang='lat'>,</span> <span class='ocrx_word' id='word_1_465' title='bbox 1334 473 1382 507; x_wconf 89' lang='lat' dir='ltr'>uti</span> <span class='ocrx_word' id='word_1_466' title='bbox 1405 481 1491 515; x_wconf 84' lang='lat' dir='ltr'>patet</span> <span class='ocrx_word' id='word_1_467' title='bbox 1511 472 1624 512; x_wconf 85' lang='lat' dir='ltr'>exiis,</span> <span class='ocrx_word' id='word_1_468' title='bbox 1652 481 1722 515; x_wconf 80' lang='lat' dir='ltr'>quae</span> <span class='ocrx_word' id='word_1_469' title='bbox 1735 469 1865 514; x_wconf 86' lang='lat' dir='ltr'>Alipius</span> <span class='ocrx_word' id='word_1_470' title='bbox 1882 473 1914 506; x_wconf 79' lang='grc' dir='ltr'>δε</span> <span class='ocrx_word' id='word_1_471' title='bbox 1928 471 2044 518; x_wconf 87' lang='lat' dir='ltr'>Augu-</span> 
     </span>
     <span class='ocr_line' id='line_1_74' title="bbox 1168 522 1711 561; baseline -0.006 -3"><span class='ocrx_word' id='word_1_472' title='bbox 1168 526 1269 561; x_wconf 80' lang='lat' dir='ltr'>stinus</span> <span class='ocrx_word' id='word_1_473' title='bbox 1281 522 1423 560; x_wconf 89' lang='lat' dir='ltr'>scribunt</span> <span class='ocrx_word' id='word_1_474' title='bbox 1434 522 1474 559; x_wconf 87' lang='lat' dir='ltr'>ad</span> <span class='ocrx_word' id='word_1_475' title='bbox 1487 522 1691 559; x_wconf 87' lang='lat' dir='ltr'>Generosum</span> <span class='ocrx_word' id='word_1_476' title='bbox 1704 545 1711 555; x_wconf 89' lang='lat'><strong>.</strong></span> 
     </span>
    </p>

    <p class='ocr_par' dir='ltr' id='par_1_33' title="bbox 1169 569 2103 1217">
     <span class='ocr_line' id='line_1_75' title="bbox 1217 569 2045 612; baseline -0.004 -3"><span class='ocrx_word' id='word_1_477' title='bbox 1217 574 1358 609; x_wconf 89' lang='lat' dir='ltr'>Mortuo</span> <span class='ocrx_word' id='word_1_478' title='bbox 1375 572 1509 608; x_wconf 78' lang='lat' dir='ltr'>tandem</span> <span class='ocrx_word' id='word_1_479' title='bbox 1531 574 1614 608; x_wconf 87' lang='lat' dir='ltr'>Sene</span> <span class='ocrx_word' id='word_1_480' title='bbox 1635 569 1822 606; x_wconf 77' lang='lat' dir='ltr'>Valentino</span> <span class='ocrx_word' id='word_1_481' title='bbox 1847 594 1858 612; x_wconf 92' lang='lat'>,</span> <span class='ocrx_word' id='word_1_482' title='bbox 1893 579 1989 611; x_wconf 88' lang='lat' dir='ltr'>atque</span> <span class='ocrx_word' id='word_1_483' title='bbox 2009 571 2045 606; x_wconf 87' lang='lat' dir='ltr'>in</span> 
     </span>
     <span class='ocr_line' id='line_1_76' title="bbox 1169 617 2043 666; baseline -0.009 -6"><span class='ocrx_word' id='word_1_484' title='bbox 1169 625 1250 660; x_wconf 89' lang='lat' dir='ltr'>Sede</span> <span class='ocrx_word' id='word_1_485' title='bbox 1274 625 1341 666; x_wconf 69' lang='lat' dir='ltr'>eius</span> <span class='ocrx_word' id='word_1_486' title='bbox 1358 621 1511 658; x_wconf 90' lang='lat' dir='ltr'>ordinato</span> <span class='ocrx_word' id='word_1_487' title='bbox 1535 633 1624 657; x_wconf 87' lang='lat' dir='ltr'>novo</span> <span class='ocrx_word' id='word_1_488' title='bbox 1648 621 1813 664; x_wconf 78' lang='lat' dir='ltr'>Episcopo</span> <span class='ocrx_word' id='word_1_489' title='bbox 1831 644 1843 659; x_wconf 85' lang='lat'>,</span> <span class='ocrx_word' id='word_1_490' title='bbox 1869 617 2043 656; x_wconf 79' lang='lat' dir='ltr'>debebatur</span> 
     </span>
     <span class='ocr_line' id='line_1_77' title="bbox 1171 668 2046 716; baseline -0.006 -7"><span class='ocrx_word' id='word_1_491' title='bbox 1171 673 1337 710; x_wconf 74' lang='lat' dir='ltr'>Numidiae</span> <span class='ocrx_word' id='word_1_492' title='bbox 1361 673 1521 708; x_wconf 86' lang='lat' dir='ltr'>Primatus</span> <span class='ocrx_word' id='word_1_493' title='bbox 1542 671 1713 716; x_wconf 85' lang='lat' dir='ltr'>Xantippo</span> <span class='ocrx_word' id='word_1_494' title='bbox 1746 671 1911 714; x_wconf 85' lang='lat' dir='ltr'>Episcopo</span> <span class='ocrx_word' id='word_1_495' title='bbox 1934 668 2046 713; x_wconf 85' lang='lat' dir='ltr'>Taga-</span> 
     </span>
     <span class='ocr_line' id='line_1_78' title="bbox 1171 718 2103 767; baseline -0.008 -9"><span class='ocrx_word' id='word_1_496' title='bbox 1171 725 1262 760; x_wconf 87' lang='lat' dir='ltr'>stensi</span> <span class='ocrx_word' id='word_1_497' title='bbox 1275 749 1283 758; x_wconf 85' lang='lat'>.</span> <span class='ocrx_word' id='word_1_498' title='bbox 1313 723 1437 758; x_wconf 74' lang='lat' dir='ltr'>Verum</span> <span class='ocrx_word' id='word_1_499' title='bbox 1459 724 1535 767; x_wconf 86' lang='lat' dir='ltr'>quia</span> <span class='ocrx_word' id='word_1_500' title='bbox 1556 722 1628 756; x_wconf 88' lang='lat' dir='ltr'>eise</span> <span class='ocrx_word' id='word_1_501' title='bbox 1643 722 1753 756; x_wconf 90' lang='lat' dir='ltr'>nescio</span> <span class='ocrx_word' id='word_1_502' title='bbox 1767 720 1856 762; x_wconf 81' lang='lat' dir='ltr'>cujus</span> <span class='ocrx_word' id='word_1_503' title='bbox 1870 719 1960 754; x_wconf 86' lang='lat' dir='ltr'>Sedis</span> <span class='ocrx_word' id='word_1_504' title='bbox 1973 718 2048 763; x_wconf 88' lang='lat' dir='ltr'>Epi·</span> <span class='ocrx_word' id='word_1_505' title='bbox 2099 736 2103 740; x_wconf 52' lang='lat'><strong><em>⁴</em></strong></span> 
     </span>
     <span class='ocr_line' id='line_1_79' title="bbox 1173 770 2048 817; baseline -0.007 -8"><span class='ocrx_word' id='word_1_506' title='bbox 1173 777 1286 817; x_wconf 81' lang='lat' dir='ltr'>scopus</span> <span class='ocrx_word' id='word_1_507' title='bbox 1308 774 1501 810; x_wconf 64' lang='lat' dir='ltr'>Victorinus</span> <span class='ocrx_word' id='word_1_508' title='bbox 1523 771 1678 817; x_wconf 87' lang='lat' dir='ltr'>opposuit</span> <span class='ocrx_word' id='word_1_509' title='bbox 1700 796 1711 812; x_wconf 92' lang='lat'>,</span> <span class='ocrx_word' id='word_1_510' title='bbox 1748 770 1892 805; x_wconf 83' lang='lat' dir='ltr'>nancisci</span> <span class='ocrx_word' id='word_1_511' title='bbox 1920 770 2048 813; x_wconf 86' lang='lat' dir='ltr'>nequiit</span> 
     </span>
     <span class='ocr_line' id='line_1_80' title="bbox 1174 819 2047 869; baseline -0.007 -11"><span class='ocrx_word' id='word_1_512' title='bbox 1174 824 1344 868; x_wconf 83' lang='lat' dir='ltr'>pacificam</span> <span class='ocrx_word' id='word_1_513' title='bbox 1367 823 1415 858; x_wconf 86' lang='lat' dir='ltr'>sui</span> <span class='ocrx_word' id='word_1_514' title='bbox 1435 822 1517 869; x_wconf 81' lang='lat' dir='ltr'>Juris</span> <span class='ocrx_word' id='word_1_515' title='bbox 1528 821 1771 866; x_wconf 78' lang='lat' dir='ltr'>posseffionem.</span> <span class='ocrx_word' id='word_1_516' title='bbox 1802 821 1854 854; x_wconf 89' lang='lat' dir='ltr'>De</span> <span class='ocrx_word' id='word_1_517' title='bbox 1875 819 1936 854; x_wconf 85' lang='lat' dir='ltr'>hac</span> <span class='ocrx_word' id='word_1_518' title='bbox 1949 819 2047 862; x_wconf 75' lang='lat' dir='ltr'>porro</span> 
     </span>
     <span class='ocr_line' id='line_1_81' title="bbox 1175 870 2047 918; baseline -0.006 -9"><span class='ocrx_word' id='word_1_519' title='bbox 1175 877 1257 909; x_wconf 86' lang='lat' dir='ltr'>inter</span> <span class='ocrx_word' id='word_1_520' title='bbox 1266 873 1476 909; x_wconf 69' lang='lat' dir='ltr'>Vistorinum</span> <span class='ocrx_word' id='word_1_521' title='bbox 1497 884 1535 907; x_wconf 85' lang='lat' dir='ltr'>ac</span> <span class='ocrx_word' id='word_1_522' title='bbox 1549 873 1757 918; x_wconf 87' lang='lat' dir='ltr'>Xantippum</span> <span class='ocrx_word' id='word_1_523' title='bbox 1776 870 1995 907; x_wconf 84' lang='lat' dir='ltr'>controversia</span> <span class='ocrx_word' id='word_1_524' title='bbox 2007 871 2047 904; x_wconf 85' lang='lat' dir='ltr'>fic</span> 
     </span>
     <span class='ocr_line' id='line_1_82' title="bbox 1175 920 2050 968; baseline -0.005 -10"><span class='ocrx_word' id='word_1_525' title='bbox 1175 925 1283 958; x_wconf 86' lang='lat' dir='ltr'>scribit</span> <span class='ocrx_word' id='word_1_526' title='bbox 1305 923 1492 960; x_wconf 86' lang='lat' dir='ltr'>Cardinalis</span> <span class='ocrx_word' id='word_1_527' title='bbox 1515 923 1676 960; x_wconf 73' lang='lat' dir='ltr'>Batonius</span> <span class='ocrx_word' id='word_1_528' title='bbox 1691 947 1702 964; x_wconf 89' lang='lat'>,</span> <span class='ocrx_word' id='word_1_529' title='bbox 1728 931 1827 968; x_wconf 85' lang='lat' dir='ltr'>agens</span> <span class='ocrx_word' id='word_1_530' title='bbox 1844 920 1885 954; x_wconf 86' lang='lat' dir='ltr'>de</span> <span class='ocrx_word' id='word_1_531' title='bbox 1912 920 2050 964; x_wconf 83' lang='lat' dir='ltr'>Synodo</span> 
     </span>
     <span class='ocr_line' id='line_1_83' title="bbox 1175 971 2046 1016; baseline -0.003 -8"><span class='ocrx_word' id='word_1_532' title='bbox 1175 973 1393 1008; x_wconf 83' lang='lat' dir='ltr'>Milevitana.</span> <span class='ocrx_word' id='word_1_533' title='bbox 1422 975 1538 1009; x_wconf 74' lang='lat' dir='ltr'>Deinde</span> <span class='ocrx_word' id='word_1_534' title='bbox 1557 974 1670 1016; x_wconf 79' lang='lat' dir='ltr'>placuit</span> <span class='ocrx_word' id='word_1_535' title='bbox 1698 972 1831 1007; x_wconf 75' lang='lat' dir='ltr'>omnibus</span> <span class='ocrx_word' id='word_1_536' title='bbox 1855 971 2014 1015; x_wconf 68' lang='lat' dir='ltr'>Episcopis</span> <span class='ocrx_word' id='word_1_537' title='bbox 2035 996 2046 1013; x_wconf 92' lang='lat'>,</span> 
     </span>
     <span class='ocr_line' id='line_1_84' title="bbox 1174 1022 2047 1067; baseline 0 -11"><span class='ocrx_word' id='word_1_538' title='bbox 1174 1034 1206 1061; x_wconf 79' lang='lat' dir='ltr'>ut</span> <span class='ocrx_word' id='word_1_539' title='bbox 1227 1022 1387 1056; x_wconf 77' lang='lat' dir='ltr'>matricula</span> <span class='ocrx_word' id='word_1_540' title='bbox 1410 1024 1444 1059; x_wconf 64' lang='grc' dir='ltr'>ὀ·</span> <span class='ocrx_word' id='word_1_541' title='bbox 1475 1023 1616 1056; x_wconf 79' lang='lat' dir='ltr'>archivus</span> <span class='ocrx_word' id='word_1_542' title='bbox 1641 1025 1801 1058; x_wconf 66' lang='lat' dir='ltr'>Numidia</span> <span class='ocrx_word' id='word_1_543' title='bbox 1823 1025 1856 1058; x_wconf 72' lang='lat' dir='ltr'>e·</span> <span class='ocrx_word' id='word_1_544' title='bbox 1885 1025 1969 1067; x_wconf 81' lang='lat' dir='ltr'>apud</span> <span class='ocrx_word' id='word_1_545' title='bbox 1986 1027 2047 1065; x_wconf 74' lang='lat' dir='ltr'>pri·</span> 
     </span>
     <span class='ocr_line' id='line_1_85' title="bbox 1174 1069 2051 1118; baseline -0.003 -10"><span class='ocrx_word' id='word_1_546' title='bbox 1174 1086 1254 1108; x_wconf 86' lang='lat' dir='ltr'>mam</span> <span class='ocrx_word' id='word_1_547' title='bbox 1273 1071 1374 1118; x_wconf 70' lang='lat' dir='ltr'>(edem</span> <span class='ocrx_word' id='word_1_548' title='bbox 1387 1069 1425 1111; x_wconf 80' lang='lat' dir='ltr'>fit</span> <span class='ocrx_word' id='word_1_549' title='bbox 1445 1096 1455 1111; x_wconf 89' lang='lat'>,</span> <span class='ocrx_word' id='word_1_550' title='bbox 1485 1074 1518 1107; x_wconf 65' lang='lat'>(5</span> <span class='ocrx_word' id='word_1_551' title='bbox 1542 1078 1573 1106; x_wconf 79' lang='lat' dir='ltr'>in</span> <span class='ocrx_word' id='word_1_552' title='bbox 1597 1076 1749 1114; x_wconf 74' lang='lat' dir='ltr'>Metropoli</span> <span class='ocrx_word' id='word_1_553' title='bbox 1770 1098 1780 1115; x_wconf 87' lang='lat'>,</span> <span class='ocrx_word' id='word_1_554' title='bbox 1813 1074 1848 1107; x_wconf 78' lang='lat' dir='ltr'>id</span> <span class='ocrx_word' id='word_1_555' title='bbox 1865 1073 1903 1114; x_wconf 83' lang='lat' dir='ltr'>est</span> <span class='ocrx_word' id='word_1_556' title='bbox 1925 1099 1934 1113; x_wconf 94' lang='lat'>‚</span> <span class='ocrx_word' id='word_1_557' title='bbox 1973 1079 2051 1108; x_wconf 86' lang='lat' dir='ltr'>con-</span> 
     </span>
     <span class='ocr_line' id='line_1_86' title="bbox 1171 1122 2052 1166; baseline -0.002 -8"><span class='ocrx_word' id='word_1_558' title='bbox 1171 1125 1304 1162; x_wconf 75' lang='lat' dir='ltr'>stantina</span> <span class='ocrx_word' id='word_1_559' title='bbox 1328 1147 1334 1154; x_wconf 93' lang='lat'><strong>.</strong></span> <span class='ocrx_word' id='word_1_560' title='bbox 1376 1126 1439 1157; x_wconf 79' lang='lat' dir='ltr'>Hac</span> <span class='ocrx_word' id='word_1_561' title='bbox 1476 1124 1594 1166; x_wconf 84' lang='lat' dir='ltr'>quidem</span> <span class='ocrx_word' id='word_1_562' title='bbox 1622 1122 1820 1160; x_wconf 73' lang='lat' dir='ltr'>constitutione</span> <span class='ocrx_word' id='word_1_563' title='bbox 1847 1127 1955 1156; x_wconf 72' lang='lat' dir='ltr'>Patres</span> <span class='ocrx_word' id='word_1_564' title='bbox 1978 1123 2052 1164; x_wconf 83' lang='lat' dir='ltr'>defi-</span> 
     </span>
     <span class='ocr_line' id='line_1_87' title="bbox 1176 1171 2051 1217; baseline -0.003 -9"><span class='ocrx_word' id='word_1_565' title='bbox 1176 1175 1254 1217; x_wconf 82' lang='lat' dir='ltr'>niisse</span> <span class='ocrx_word' id='word_1_566' title='bbox 1289 1174 1446 1208; x_wconf 82' lang='lat' dir='ltr'>voluerunt</span> <span class='ocrx_word' id='word_1_567' title='bbox 1478 1172 1696 1207; x_wconf 78' lang='lat' dir='ltr'>altercationem</span> <span class='ocrx_word' id='word_1_568' title='bbox 1735 1174 1861 1205; x_wconf 84' lang='lat' dir='ltr'>duarum</span> <span class='ocrx_word' id='word_1_569' title='bbox 1881 1171 1995 1213; x_wconf 76' lang='lat' dir='ltr'>sedium</span> <span class='ocrx_word' id='word_1_570' title='bbox 2017 1180 2051 1207; x_wconf 81' lang='lat' dir='ltr'>in</span> 
     </span>
    </p>
   </div>
   <div class='ocr_carea' id='block_1_8' title="bbox 2066 445 2215 493">
    <p class='ocr_par' dir='ltr' id='par_1_34' title="bbox 2066 445 2215 493">
     <span class='ocr_line' id='line_1_88' title="bbox 2066 445 2215 493; baseline -0.02 -11"><span class='ocrx_word' id='word_1_571' title='bbox 2066 445 2215 493; x_wconf 80' lang='lat' dir='ltr'>Ep.165.</span> 
     </span>
    </p>
   </div>
   <div class='ocr_carea' id='block_1_9' title="bbox 2072 996 2191 1043">
    <p class='ocr_par' dir='ltr' id='par_1_35' title="bbox 2072 996 2191 1043">
     <span class='ocr_line' id='line_1_89' title="bbox 2072 996 2191 1043; baseline 0.025 -11"><span class='ocrx_word' id='word_1_572' title='bbox 2072 996 2191 1043; x_wconf 48' lang='lat' dir='ltr'>Ancon</span> 
     </span>
    </p>
   </div>
   <div class='ocr_carea' id='block_1_10' title="bbox 1169 1221 2232 3568">
    <p class='ocr_par' dir='ltr' id='par_1_36' title="bbox 1169 1221 2232 3568">
     <span class='ocr_line' id='line_1_90' title="bbox 1178 1221 2051 1267; baseline -0.003 -10"><span class='ocrx_word' id='word_1_573' title='bbox 1178 1226 1326 1260; x_wconf 78' lang='lat' dir='ltr'>Numidia</span> <span class='ocrx_word' id='word_1_574' title='bbox 1347 1221 1504 1265; x_wconf 77' lang='lat' dir='ltr'>positarum</span> <span class='ocrx_word' id='word_1_575' title='bbox 1528 1247 1538 1263; x_wconf 86' lang='lat'>,</span> <span class='ocrx_word' id='word_1_576' title='bbox 1573 1234 1714 1266; x_wconf 82' lang='lat' dir='ltr'>quaenam</span> <span class='ocrx_word' id='word_1_577' title='bbox 1738 1233 1815 1263; x_wconf 61' lang='lat' dir='ltr'>paor</span> <span class='ocrx_word' id='word_1_578' title='bbox 1847 1223 1984 1255; x_wconf 64' lang='lat' dir='ltr'>habenda</span> <span class='ocrx_word' id='word_1_579' title='bbox 2007 1221 2051 1267; x_wconf 77' lang='lat' dir='ltr'>es-</span> 
     </span>
     <span class='ocr_line' id='line_1_91' title="bbox 1172 1274 2052 1318; baseline -0.003 -11"><span class='ocrx_word' id='word_1_580' title='bbox 1172 1274 1220 1318; x_wconf 80' lang='lat' dir='ltr'>set</span> <span class='ocrx_word' id='word_1_581' title='bbox 1242 1301 1248 1307; x_wconf 93' lang='lat'>.</span> <span class='ocrx_word' id='word_1_582' title='bbox 1287 1278 1322 1306; x_wconf 83' lang='lat' dir='ltr'>In</span> <span class='ocrx_word' id='word_1_583' title='bbox 1344 1275 1422 1307; x_wconf 78' lang='lat' dir='ltr'>duas</span> <span class='ocrx_word' id='word_1_584' title='bbox 1445 1280 1617 1315; x_wconf 69' lang='lat' dir='ltr'>provincia:</span> <span class='ocrx_word' id='word_1_585' title='bbox 1643 1276 1835 1306; x_wconf 58' lang='lat' dir='ltr'>divideoarur</span> <span class='ocrx_word' id='word_1_586' title='bbox 1859 1275 2015 1305; x_wconf 62' lang='lat' dir='ltr'>Nrtmzdta</span> <span class='ocrx_word' id='word_1_587' title='bbox 2040 1295 2052 1311; x_wconf 94' lang='lat'>,</span> 
     </span>
     <span class='ocr_line' id='line_1_92' title="bbox 1176 1321 2053 1367; baseline -0.006 -8"><span class='ocrx_word' id='word_1_588' title='bbox 1176 1326 1336 1367; x_wconf 82' lang='lat' dir='ltr'>eademque</span> <span class='ocrx_word' id='word_1_589' title='bbox 1368 1325 1435 1357; x_wconf 79' lang='lat' dir='ltr'>duae</span> <span class='ocrx_word' id='word_1_590' title='bbox 1461 1323 1549 1355; x_wconf 77' lang='lat' dir='ltr'>dic‘Iae</span> <span class='ocrx_word' id='word_1_591' title='bbox 1571 1325 1728 1356; x_wconf 40' lang='lat' dir='ltr'>Nufm‘dtae</span> <span class='ocrx_word' id='word_1_592' title='bbox 1753 1348 1763 1363; x_wconf 88' lang='lat'>,</span> <span class='ocrx_word' id='word_1_593' title='bbox 1799 1334 1831 1356; x_wconf 83' lang='lat' dir='ltr'>ur</span> <span class='ocrx_word' id='word_1_594' title='bbox 1856 1323 1923 1355; x_wconf 73' lang='lat' dir='ltr'>ac&#39;la</span> <span class='ocrx_word' id='word_1_595' title='bbox 1950 1321 2053 1364; x_wconf 79' lang='lat' dir='ltr'>sextae</span> 
     </span>
     <span class='ocr_line' id='line_1_93' title="bbox 1176 1367 2055 1417; baseline -0.002 -11"><span class='ocrx_word' id='word_1_596' title='bbox 1176 1367 1280 1415; x_wconf 68' lang='lat' dir='ltr'>Synodt</span> <span class='ocrx_word' id='word_1_597' title='bbox 1304 1373 1552 1417; x_wconf 65' lang='lat' dir='ltr'>Cartbaginenfir</span> <span class='ocrx_word' id='word_1_598' title='bbox 1576 1373 1795 1411; x_wconf 66' lang='lat' dir='ltr'>demonstrant.-</span> <span class='ocrx_word' id='word_1_599' title='bbox 1830 1375 1873 1405; x_wconf 76' lang='lat' dir='ltr'>Ob</span> <span class='ocrx_word' id='word_1_600' title='bbox 1899 1375 1987 1416; x_wconf 75' lang='lat' dir='ltr'>idque</span> <span class='ocrx_word' id='word_1_601' title='bbox 2009 1372 2055 1404; x_wconf 78' lang='lat' dir='ltr'>al-</span> 
     </span>
     <span class='ocr_line' id='line_1_94' title="bbox 1177 1422 2055 1466; baseline 0 -11"><span class='ocrx_word' id='word_1_602' title='bbox 1177 1429 1298 1459; x_wconf 67' lang='lat' dir='ltr'>tercatio</span> <span class='ocrx_word' id='word_1_603' title='bbox 1330 1422 1431 1459; x_wconf 82' lang='lat' dir='ltr'>oborta</span> <span class='ocrx_word' id='word_1_604' title='bbox 1453 1429 1532 1457; x_wconf 69' lang='lat' dir='ltr'>inter</span> <span class='ocrx_word' id='word_1_605' title='bbox 1555 1426 1747 1463; x_wconf 68' lang='lat' dir='ltr'>Xantippum</span> <span class='ocrx_word' id='word_1_606' title='bbox 1769 1424 1949 1466; x_wconf 59' lang='lat' dir='ltr'>Epistopum</span> <span class='ocrx_word' id='word_1_607' title='bbox 1975 1427 2055 1455; x_wconf 84' lang='lat' dir='ltr'>Con-</span> 
     </span>
     <span class='ocr_line' id='line_1_95' title="bbox 1174 1473 2054 1518; baseline -0.005 -11"><span class='ocrx_word' id='word_1_608' title='bbox 1174 1474 1316 1518; x_wconf 75' lang='lat' dir='ltr'>stantinae</span> <span class='ocrx_word' id='word_1_609' title='bbox 1335 1497 1345 1512; x_wconf 91' lang='lat'>‚</span> <span class='ocrx_word' id='word_1_610' title='bbox 1383 1476 1598 1516; x_wconf 77' lang='lat' dir='ltr'>Numidiaeque</span> <span class='ocrx_word' id='word_1_611' title='bbox 1632 1477 1792 1506; x_wconf 55' lang='lat' dir='ltr'>Panum</span> <span class='ocrx_word' id='word_1_612' title='bbox 1818 1500 1826 1513; x_wconf 82' lang='grc'>,</span> <span class='ocrx_word' id='word_1_613' title='bbox 1864 1476 1897 1508; x_wconf 65' lang='lat' dir='ltr'>l&amp;</span> <span class='ocrx_word' id='word_1_614' title='bbox 1935 1473 2054 1505; x_wconf 69' lang='lat' dir='ltr'>Villori-</span> 
     </span>
     <span class='ocr_line' id='line_1_96' title="bbox 1179 1519 2048 1566; baseline -0.003 -7"><span class='ocrx_word' id='word_1_615' title='bbox 1179 1537 1249 1559; x_wconf 77' lang='lat' dir='ltr'>num</span> <span class='ocrx_word' id='word_1_616' title='bbox 1266 1522 1443 1566; x_wconf 73' lang='lat' dir='ltr'>Episcopum</span> <span class='ocrx_word' id='word_1_617' title='bbox 1456 1525 1583 1556; x_wconf 71' lang='lat' dir='ltr'>alterius</span> <span class='ocrx_word' id='word_1_618' title='bbox 1598 1532 1734 1559; x_wconf 64' lang='lat' dir='ltr'>civita-ts</span> <span class='ocrx_word' id='word_1_619' title='bbox 1746 1549 1754 1563; x_wconf 88' lang='lat'>‚</span> <span class='ocrx_word' id='word_1_620' title='bbox 1785 1527 1956 1556; x_wconf 76' lang='lat' dir='ltr'>Primatum</span> <span class='ocrx_word' id='word_1_621' title='bbox 1974 1519 2048 1563; x_wconf 69' lang='lat' dir='ltr'>ejus·</span> 
     </span>
     <span class='ocr_line' id='line_1_97' title="bbox 1180 1571 2074 1616; baseline -0.003 -10"><span class='ocrx_word' id='word_1_622' title='bbox 1180 1576 1247 1610; x_wconf 85' lang='lat' dir='ltr'>dem</span> <span class='ocrx_word' id='word_1_623' title='bbox 1266 1571 1414 1616; x_wconf 80' lang='lat' dir='ltr'>universae</span> <span class='ocrx_word' id='word_1_624' title='bbox 1431 1580 1598 1616; x_wconf 61' lang='lat' dir='ltr'>provinciae</span> <span class='ocrx_word' id='word_1_625' title='bbox 1617 1573 1673 1615; x_wconf 79' lang='lat' dir='ltr'>fibi</span> <span class='ocrx_word' id='word_1_626' title='bbox 1695 1576 1901 1608; x_wconf 55' lang='lat' dir='ltr'>vindi-cantem</span> <span class='ocrx_word' id='word_1_627' title='bbox 1924 1598 1931 1605; x_wconf 82' lang='lat'><strong>.</strong></span> <span class='ocrx_word' id='word_1_628' title='bbox 1962 1571 2074 1612; x_wconf 19' lang='lat' dir='ltr'>Varii*</span> 
     </span>
     <span class='ocr_line' id='line_1_98' title="bbox 1182 1623 2056 1666; baseline -0.005 -7"><span class='ocrx_word' id='word_1_629' title='bbox 1182 1623 1233 1660; x_wconf 88' lang='lat' dir='ltr'>hic</span> <span class='ocrx_word' id='word_1_630' title='bbox 1256 1635 1456 1660; x_wconf 88' lang='lat' dir='ltr'>concurrunt</span> <span class='ocrx_word' id='word_1_631' title='bbox 1477 1635 1599 1662; x_wconf 84' lang='lat' dir='ltr'>errores</span> <span class='ocrx_word' id='word_1_632' title='bbox 1622 1650 1629 1658; x_wconf 89' lang='lat'><em>.</em></span> <span class='ocrx_word' id='word_1_633' title='bbox 1667 1624 1776 1659; x_wconf 88' lang='lat' dir='ltr'>Primo</span> <span class='ocrx_word' id='word_1_634' title='bbox 1795 1649 1805 1665; x_wconf 89' lang='lat'>,</span> <span class='ocrx_word' id='word_1_635' title='bbox 1835 1624 2022 1666; x_wconf 83' lang='lat' dir='ltr'>Xantippus</span> <span class='ocrx_word' id='word_1_636' title='bbox 2045 1646 2056 1661; x_wconf 88' lang='lat'><em>‚</em></span> 
     </span>
     <span class='ocr_line' id='line_1_99' title="bbox 1181 1673 2191 1733; baseline -0.003 -23"><span class='ocrx_word' id='word_1_637' title='bbox 1181 1674 1258 1711; x_wconf 85' lang='lat' dir='ltr'>dum</span> <span class='ocrx_word' id='word_1_638' title='bbox 1289 1675 1470 1711; x_wconf 82' lang='lat' dir='ltr'>Primatum</span> <span class='ocrx_word' id='word_1_639' title='bbox 1507 1674 1671 1718; x_wconf 82' lang='lat' dir='ltr'>praetendit</span> <span class='ocrx_word' id='word_1_640' title='bbox 1707 1698 1717 1714; x_wconf 92' lang='lat'>‚</span> <span class='ocrx_word' id='word_1_641' title='bbox 1753 1686 1821 1711; x_wconf 85' lang='lat' dir='ltr'>erat</span> <span class='ocrx_word' id='word_1_642' title='bbox 1848 1673 2058 1719; x_wconf 76' lang='lat' dir='ltr'>Tagastensis</span> <span class='ocrx_word' id='word_1_643' title='bbox 2084 1697 2112 1733; x_wconf 78' lang='lat' dir='ltr'><strong>E</strong></span> <span class='ocrx_word' id='word_1_644' title='bbox 2152 1704 2191 1731; x_wconf 84' lang='lat'>21</span> 
     </span>
     <span class='ocr_line' id='line_1_100' title="bbox 1186 1706 2232 1769; baseline 0 -9"><span class='ocrx_word' id='word_1_645' title='bbox 1186 1726 1361 1769; x_wconf 83' lang='lat' dir='ltr'>Episcopus</span> <span class='ocrx_word' id='word_1_646' title='bbox 1382 1749 1393 1765; x_wconf 86' lang='lat'>‚</span> <span class='ocrx_word' id='word_1_647' title='bbox 1421 1737 1625 1769; x_wconf 77' lang='lat' dir='ltr'>nequaquam</span> <span class='ocrx_word' id='word_1_648' title='bbox 1652 1726 1938 1760; x_wconf 84' lang='lat' dir='ltr'>Constantinensis</span> <span class='ocrx_word' id='word_1_649' title='bbox 1956 1748 1963 1756; x_wconf 86' lang='lat'><strong>·</strong></span> <span class='ocrx_word' id='word_1_650' title='bbox 1993 1723 2057 1757; x_wconf 85' lang='lat' dir='ltr'>Di·-</span> <span class='ocrx_word' id='word_1_651' title='bbox 2114 1707 2144 1741; x_wconf 67' lang='lat' dir='ltr'>P⁶</span> <span class='ocrx_word' id='word_1_652' title='bbox 2199 1706 2232 1743; x_wconf 64' lang='lat'>7⁹</span> 
     </span>
     <span class='ocr_line' id='line_1_101' title="bbox 1184 1775 2058 1820; baseline -0.002 -12"><span class='ocrx_word' id='word_1_653' title='bbox 1184 1776 1262 1809; x_wconf 79' lang='lat' dir='ltr'>ferte</span> <span class='ocrx_word' id='word_1_654' title='bbox 1276 1775 1308 1809; x_wconf 85' lang='lat' dir='ltr'>id</span> <span class='ocrx_word' id='word_1_655' title='bbox 1333 1775 1443 1812; x_wconf 82' lang='lat' dir='ltr'>scribit</span> <span class='ocrx_word' id='word_1_656' title='bbox 1457 1776 1662 1820; x_wconf 79' lang='lat' dir='ltr'>Augustinus</span> <span class='ocrx_word' id='word_1_657' title='bbox 1676 1777 1707 1809; x_wconf 91' lang='lat' dir='ltr'>in</span> <span class='ocrx_word' id='word_1_658' title='bbox 1725 1775 1870 1819; x_wconf 86' lang='lat' dir='ltr'>Epistola</span> <span class='ocrx_word' id='word_1_659' title='bbox 1882 1776 1920 1810; x_wconf 86' lang='lat' dir='ltr'>ad</span> <span class='ocrx_word' id='word_1_660' title='bbox 1933 1776 2058 1809; x_wconf 69' lang='lat' dir='ltr'>distum</span> 
     </span>
     <span class='ocr_line' id='line_1_102' title="bbox 1183 1823 2060 1869; baseline -0.005 -9"><span class='ocrx_word' id='word_1_661' title='bbox 1183 1825 1393 1861; x_wconf 63' lang='lat' dir='ltr'>Victorinum</span> <span class='ocrx_word' id='word_1_662' title='bbox 1409 1850 1416 1858; x_wconf 93' lang='lat'><strong>.</strong></span> <span class='ocrx_word' id='word_1_663' title='bbox 1446 1827 1607 1861; x_wconf 77' lang='lat' dir='ltr'>Batonius</span> <span class='ocrx_word' id='word_1_664' title='bbox 1632 1828 1664 1860; x_wconf 90' lang='lat' dir='ltr'>in</span> <span class='ocrx_word' id='word_1_665' title='bbox 1690 1827 1775 1860; x_wconf 69' lang='lat' dir='ltr'>dissa</span> <span class='ocrx_word' id='word_1_666' title='bbox 1791 1825 1968 1869; x_wconf 84' lang='lat' dir='ltr'>Augustini</span> <span class='ocrx_word' id='word_1_667' title='bbox 1984 1823 2060 1866; x_wconf 90' lang='lat' dir='ltr'>Epi-</span> 
     </span>
     <span class='ocr_line' id='line_1_103' title="bbox 1183 1875 2063 1918; baseline -0.007 -7"><span class='ocrx_word' id='word_1_668' title='bbox 1183 1875 1264 1911; x_wconf 76' lang='lat' dir='ltr'>stola</span> <span class='ocrx_word' id='word_1_669' title='bbox 1278 1877 1372 1918; x_wconf 89' lang='lat' dir='ltr'>ponit</span> <span class='ocrx_word' id='word_1_670' title='bbox 1387 1877 1538 1912; x_wconf 65' lang='lat' dir='ltr'>lectiones</span> <span class='ocrx_word' id='word_1_671' title='bbox 1548 1877 1651 1910; x_wconf 88' lang='lat' dir='ltr'>duas:</span> <span class='ocrx_word' id='word_1_672' title='bbox 1679 1875 1715 1909; x_wconf 91' lang='lat' dir='ltr'>In</span> <span class='ocrx_word' id='word_1_673' title='bbox 1729 1885 1865 1916; x_wconf 90' lang='lat' dir='ltr'>corpore</span> <span class='ocrx_word' id='word_1_674' title='bbox 1883 1875 1980 1917; x_wconf 88' lang='lat' dir='ltr'>ponit</span> <span class='ocrx_word' id='word_1_675' title='bbox 2002 1877 2063 1906; x_wconf 79' lang='lat' dir='ltr'>Ta-</span> 
     </span>
     <span class='ocr_line' id='line_1_104' title="bbox 1177 1922 2058 1969; baseline 0.001 -13"><span class='ocrx_word' id='word_1_676' title='bbox 1177 1924 1312 1968; x_wconf 83' lang='lat' dir='ltr'>gastenfis</span> <span class='ocrx_word' id='word_1_677' title='bbox 1323 1949 1333 1963; x_wconf 90' lang='lat'>,</span> <span class='ocrx_word' id='word_1_678' title='bbox 1361 1926 1395 1959; x_wconf 89' lang='lat' dir='ltr'>in</span> <span class='ocrx_word' id='word_1_679' title='bbox 1408 1927 1555 1969; x_wconf 81' lang='lat' dir='ltr'>margine</span> <span class='ocrx_word' id='word_1_680' title='bbox 1567 1922 1831 1966; x_wconf 76' lang='lat' dir='ltr'>constantiniensis</span> <span class='ocrx_word' id='word_1_681' title='bbox 1844 1948 1851 1956; x_wconf 94' lang='lat'><strong>.</strong></span> <span class='ocrx_word' id='word_1_682' title='bbox 1880 1924 1928 1959; x_wconf 86' lang='lat' dir='ltr'>At</span> <span class='ocrx_word' id='word_1_683' title='bbox 1944 1931 2058 1968; x_wconf 86' lang='lat' dir='ltr'>putem</span> 
     </span>
     <span class='ocr_line' id='line_1_105' title="bbox 1183 1973 2060 2015; baseline 0.007 -11"><span class='ocrx_word' id='word_1_684' title='bbox 1183 1974 1271 2015; x_wconf 92' lang='lat' dir='ltr'>quod</span> <span class='ocrx_word' id='word_1_685' title='bbox 1293 1974 1356 2004; x_wconf 85' lang='lat' dir='ltr'>fine</span> <span class='ocrx_word' id='word_1_686' title='bbox 1380 1973 1598 2009; x_wconf 82' lang='lat' dir='ltr'>fundamento</span> <span class='ocrx_word' id='word_1_687' title='bbox 1619 1982 1628 2011; x_wconf 65' lang='grc' dir='ltr'>ς</span> <span class='ocrx_word' id='word_1_688' title='bbox 1668 1973 1803 2009; x_wconf 84' lang='lat' dir='ltr'>Etenim</span> <span class='ocrx_word' id='word_1_689' title='bbox 1836 1974 2060 2013; x_wconf 79' lang='lat' dir='ltr'>Lovanienses</span> 
     </span>
     <span class='ocr_line' id='line_1_106' title="bbox 1184 2022 2056 2068; baseline 0 -12"><span class='ocrx_word' id='word_1_690' title='bbox 1184 2022 1282 2056; x_wconf 82' lang='lat' dir='ltr'>nostri</span> <span class='ocrx_word' id='word_1_691' title='bbox 1305 2045 1316 2062; x_wconf 87' lang='lat'>,</span> <span class='ocrx_word' id='word_1_692' title='bbox 1343 2022 1399 2062; x_wconf 89' lang='lat' dir='ltr'>qui</span> <span class='ocrx_word' id='word_1_693' title='bbox 1423 2024 1550 2068; x_wconf 82' lang='lat' dir='ltr'>quasvis</span> <span class='ocrx_word' id='word_1_694' title='bbox 1574 2022 1752 2068; x_wconf 83' lang='lat' dir='ltr'>Augustini</span> <span class='ocrx_word' id='word_1_695' title='bbox 1775 2024 1877 2059; x_wconf 86' lang='lat' dir='ltr'>varias</span> <span class='ocrx_word' id='word_1_696' title='bbox 1900 2024 2056 2060; x_wconf 73' lang='lat' dir='ltr'>lectiones</span> 
     </span>
     <span class='ocr_line' id='line_1_107' title="bbox 1182 2069 2059 2115; baseline 0.008 -14"><span class='ocrx_word' id='word_1_697' title='bbox 1182 2069 1425 2110; x_wconf 78' lang='lat' dir='ltr'>diligentiffime</span> <span class='ocrx_word' id='word_1_698' title='bbox 1445 2071 1688 2114; x_wconf 80' lang='lat' dir='ltr'>conquisierunt</span> <span class='ocrx_word' id='word_1_699' title='bbox 1708 2093 1719 2109; x_wconf 82' lang='lat'>,</span> <span class='ocrx_word' id='word_1_700' title='bbox 1743 2083 1842 2115; x_wconf 85' lang='lat' dir='ltr'>atque</span> <span class='ocrx_word' id='word_1_701' title='bbox 1864 2075 2059 2109; x_wconf 86' lang='lat' dir='ltr'>accuratiffi-</span> 
     </span>
     <span class='ocr_line' id='line_1_108' title="bbox 1183 2117 2058 2161; baseline 0.01 -11"><span class='ocrx_word' id='word_1_702' title='bbox 1183 2117 1234 2152; x_wconf 77' lang='lat' dir='ltr'>me</span> <span class='ocrx_word' id='word_1_703' title='bbox 1246 2117 1333 2159; x_wconf 85' lang='lat' dir='ltr'>typis</span> <span class='ocrx_word' id='word_1_704' title='bbox 1347 2117 1582 2155; x_wconf 85' lang='lat' dir='ltr'>mandaverunt</span> <span class='ocrx_word' id='word_1_705' title='bbox 1595 2144 1606 2161; x_wconf 93' lang='lat'>,</span> <span class='ocrx_word' id='word_1_706' title='bbox 1631 2120 1725 2154; x_wconf 84' lang='lat' dir='ltr'>istam</span> <span class='ocrx_word' id='word_1_707' title='bbox 1739 2122 1860 2157; x_wconf 82' lang='lat' dir='ltr'>vatiam</span> <span class='ocrx_word' id='word_1_708' title='bbox 1883 2124 2058 2161; x_wconf 66' lang='lat' dir='ltr'>lectionem</span> 
     </span>
     <span class='ocr_line' id='line_1_109' title="bbox 1183 2167 2056 2214; baseline 0.007 -13"><span class='ocrx_word' id='word_1_709' title='bbox 1183 2178 1250 2201; x_wconf 90' lang='lat' dir='ltr'>non</span> <span class='ocrx_word' id='word_1_710' title='bbox 1274 2178 1412 2201; x_wconf 88' lang='lat' dir='ltr'>norunt.</span> <span class='ocrx_word' id='word_1_711' title='bbox 1441 2167 1585 2214; x_wconf 87' lang='lat' dir='ltr'>Ideoque</span> <span class='ocrx_word' id='word_1_712' title='bbox 1606 2170 1682 2205; x_wconf 88' lang='lat' dir='ltr'>dico</span> <span class='ocrx_word' id='word_1_713' title='bbox 1704 2169 1788 2206; x_wconf 89' lang='lat' dir='ltr'>hanc</span> <span class='ocrx_word' id='word_1_714' title='bbox 1807 2174 2056 2209; x_wconf 85' lang='lat' dir='ltr'>altercationem</span> 
     </span>
     <span class='ocr_line' id='line_1_110' title="bbox 1183 2217 2056 2268; baseline 0.009 -19"><span class='ocrx_word' id='word_1_715' title='bbox 1183 2217 1269 2259; x_wconf 86' lang='lat' dir='ltr'>prius</span> <span class='ocrx_word' id='word_1_716' title='bbox 1282 2228 1404 2253; x_wconf 82' lang='lat' dir='ltr'>moram</span> <span class='ocrx_word' id='word_1_717' title='bbox 1417 2217 1509 2254; x_wconf 73' lang='lat' dir='ltr'>fuisse</span> <span class='ocrx_word' id='word_1_718' title='bbox 1521 2219 1590 2261; x_wconf 89' lang='lat' dir='ltr'>post</span> <span class='ocrx_word' id='word_1_719' title='bbox 1607 2231 1747 2255; x_wconf 89' lang='lat' dir='ltr'>mortem</span> <span class='ocrx_word' id='word_1_720' title='bbox 1776 2221 1879 2268; x_wconf 76' lang='lat' dir='ltr'>Alipii</span> <span class='ocrx_word' id='word_1_721' title='bbox 1901 2223 2056 2268; x_wconf 80' lang='lat' dir='ltr'>Episcopi</span> 
     </span>
     <span class='ocr_line' id='line_1_111' title="bbox 1182 2266 2058 2314; baseline 0.011 -15"><span class='ocrx_word' id='word_1_722' title='bbox 1182 2266 1412 2311; x_wconf 79' lang='lat' dir='ltr'>Tagastensis,</span> <span class='ocrx_word' id='word_1_723' title='bbox 1440 2279 1476 2303; x_wconf 81' lang='lat' dir='ltr'>ac</span> <span class='ocrx_word' id='word_1_724' title='bbox 1501 2269 1672 2305; x_wconf 89' lang='lat' dir='ltr'>Valentini</span> <span class='ocrx_word' id='word_1_725' title='bbox 1696 2271 1873 2314; x_wconf 86' lang='lat' dir='ltr'>Primatis,</span> <span class='ocrx_word' id='word_1_726' title='bbox 1899 2284 1990 2308; x_wconf 89' lang='lat' dir='ltr'>anno</span> <span class='ocrx_word' id='word_1_727' title='bbox 2013 2275 2058 2309; x_wconf 89' lang='lat' dir='ltr'>se·</span> 
     </span>
     <span class='ocr_line' id='line_1_112' title="bbox 1181 2317 2058 2365; baseline 0.01 -15"><span class='ocrx_word' id='word_1_728' title='bbox 1181 2317 1292 2351; x_wconf 88' lang='lat' dir='ltr'>cundo</span> <span class='ocrx_word' id='word_1_729' title='bbox 1306 2330 1362 2353; x_wconf 88' lang='lat' dir='ltr'>aut</span> <span class='ocrx_word' id='word_1_730' title='bbox 1373 2319 1472 2355; x_wconf 86' lang='lat' dir='ltr'>tertio</span> <span class='ocrx_word' id='word_1_731' title='bbox 1486 2319 1579 2363; x_wconf 84' lang='lat' dir='ltr'>Papae</span> <span class='ocrx_word' id='word_1_732' title='bbox 1600 2320 1764 2355; x_wconf 82' lang='lat' dir='ltr'>Caelestini</span> <span class='ocrx_word' id='word_1_733' title='bbox 1778 2347 1786 2356; x_wconf 85' lang='lat'><strong>.</strong></span> <span class='ocrx_word' id='word_1_734' title='bbox 1815 2322 1942 2365; x_wconf 87' lang='lat' dir='ltr'>Nequit</span> <span class='ocrx_word' id='word_1_735' title='bbox 1961 2323 2058 2359; x_wconf 89' lang='lat' dir='ltr'>fuisse</span> 
     </span>
     <span class='ocr_line' id='line_1_113' title="bbox 1181 2368 2056 2417; baseline 0.011 -18"><span class='ocrx_word' id='word_1_736' title='bbox 1181 2376 1270 2400; x_wconf 89' lang='lat' dir='ltr'>mota</span> <span class='ocrx_word' id='word_1_737' title='bbox 1283 2368 1390 2404; x_wconf 80' lang='lat' dir='ltr'>statim</span> <span class='ocrx_word' id='word_1_738' title='bbox 1405 2369 1473 2410; x_wconf 87' lang='lat' dir='ltr'>post</span> <span class='ocrx_word' id='word_1_739' title='bbox 1487 2379 1625 2404; x_wconf 90' lang='lat' dir='ltr'>mortem</span> <span class='ocrx_word' id='word_1_740' title='bbox 1654 2370 1756 2414; x_wconf 83' lang='lat' dir='ltr'>Alipii</span> <span class='ocrx_word' id='word_1_741' title='bbox 1767 2396 1777 2412; x_wconf 86' lang='lat'>,</span> <span class='ocrx_word' id='word_1_742' title='bbox 1808 2374 1863 2417; x_wconf 90' lang='lat' dir='ltr'>qui</span> <span class='ocrx_word' id='word_1_743' title='bbox 1882 2374 1988 2416; x_wconf 89' lang='lat' dir='ltr'>primo</span> <span class='ocrx_word' id='word_1_744' title='bbox 2001 2385 2056 2409; x_wconf 86' lang='lat' dir='ltr'>aut</span> 
     </span>
     <span class='ocr_line' id='line_1_114' title="bbox 1182 2418 2055 2462; baseline 0.007 -11"><span class='ocrx_word' id='word_1_745' title='bbox 1182 2418 1326 2453; x_wconf 87' lang='lat' dir='ltr'>secundo</span> <span class='ocrx_word' id='word_1_746' title='bbox 1346 2429 1434 2453; x_wconf 86' lang='lat' dir='ltr'>anno</span> <span class='ocrx_word' id='word_1_747' title='bbox 1455 2419 1548 2462; x_wconf 84' lang='lat' dir='ltr'>Papae</span> <span class='ocrx_word' id='word_1_748' title='bbox 1568 2420 1733 2455; x_wconf 85' lang='lat' dir='ltr'>Bonifacii</span> <span class='ocrx_word' id='word_1_749' title='bbox 1756 2423 1898 2456; x_wconf 88' lang='lat' dir='ltr'>creditur</span> <span class='ocrx_word' id='word_1_750' title='bbox 1916 2423 2033 2457; x_wconf 81' lang='lat' dir='ltr'>obiiffe</span> <span class='ocrx_word' id='word_1_751' title='bbox 2046 2449 2055 2458; x_wconf 87' lang='lat'>.</span> 
     </span>
     <span class='ocr_line' id='line_1_115' title="bbox 1184 2467 2055 2516; baseline 0.007 -16"><span class='ocrx_word' id='word_1_752' title='bbox 1184 2467 1314 2502; x_wconf 87' lang='lat' dir='ltr'>Etenim</span> <span class='ocrx_word' id='word_1_753' title='bbox 1338 2468 1443 2511; x_wconf 88' lang='lat' dir='ltr'>primo</span> <span class='ocrx_word' id='word_1_754' title='bbox 1463 2469 1626 2505; x_wconf 85' lang='lat' dir='ltr'>Bonifacii</span> <span class='ocrx_word' id='word_1_755' title='bbox 1651 2482 1740 2506; x_wconf 88' lang='lat' dir='ltr'>anno</span> <span class='ocrx_word' id='word_1_756' title='bbox 1752 2473 1814 2507; x_wconf 87' lang='lat' dir='ltr'>fuit</span> <span class='ocrx_word' id='word_1_757' title='bbox 1831 2473 1965 2516; x_wconf 80' lang='lat' dir='ltr'>Alipius</span> <span class='ocrx_word' id='word_1_758' title='bbox 1978 2484 2055 2516; x_wconf 88' lang='lat' dir='ltr'>pro-.</span> 
     </span>
     <span class='ocr_line' id='line_1_116' title="bbox 1179 2517 2056 2560; baseline 0.006 -8"><span class='ocrx_word' id='word_1_759' title='bbox 1179 2517 1280 2552; x_wconf 71' lang='lat' dir='ltr'>fectus</span> <span class='ocrx_word' id='word_1_760' title='bbox 1304 2519 1495 2554; x_wconf 84' lang='lat' dir='ltr'>Ravennam</span> <span class='ocrx_word' id='word_1_761' title='bbox 1520 2521 1559 2553; x_wconf 88' lang='lat' dir='ltr'>ad</span> <span class='ocrx_word' id='word_1_762' title='bbox 1584 2522 1707 2555; x_wconf 83' lang='lat' dir='ltr'>sacrum</span> <span class='ocrx_word' id='word_1_763' title='bbox 1736 2523 1965 2558; x_wconf 80' lang='lat' dir='ltr'>Comitatum.</span> <span class='ocrx_word' id='word_1_764' title='bbox 1995 2524 2056 2560; x_wconf 84' lang='lat' dir='ltr'>Fa·</span> 
     </span>
     <span class='ocr_line' id='line_1_117' title="bbox 1180 2568 2054 2614; baseline 0.008 -13"><span class='ocrx_word' id='word_1_765' title='bbox 1180 2568 1349 2603; x_wconf 73' lang='lat' dir='ltr'>miliat-iter</span> <span class='ocrx_word' id='word_1_766' title='bbox 1368 2568 1413 2603; x_wconf 85' lang='lat' dir='ltr'>ibi</span> <span class='ocrx_word' id='word_1_767' title='bbox 1438 2570 1510 2604; x_wconf 89' lang='lat' dir='ltr'>usus</span> <span class='ocrx_word' id='word_1_768' title='bbox 1534 2570 1578 2603; x_wconf 86' lang='lat' dir='ltr'>est</span> <span class='ocrx_word' id='word_1_769' title='bbox 1606 2570 1721 2605; x_wconf 79' lang='lat' dir='ltr'>illustri</span> <span class='ocrx_word' id='word_1_770' title='bbox 1745 2573 1879 2608; x_wconf 88' lang='lat' dir='ltr'>Comite</span> <span class='ocrx_word' id='word_1_771' title='bbox 1896 2573 2054 2614; x_wconf 85' lang='lat' dir='ltr'>Valerio,</span> 
     </span>
     <span class='ocr_line' id='line_1_118' title="bbox 1179 2620 2056 2669; baseline 0.007 -17"><span class='ocrx_word' id='word_1_772' title='bbox 1179 2621 1367 2663; x_wconf 82' lang='lat' dir='ltr'>accepitque</span> <span class='ocrx_word' id='word_1_773' title='bbox 1388 2620 1428 2654; x_wconf 86' lang='lat' dir='ltr'>ab</span> <span class='ocrx_word' id='word_1_774' title='bbox 1451 2632 1492 2655; x_wconf 92' lang='lat' dir='ltr'>eo</span> <span class='ocrx_word' id='word_1_775' title='bbox 1519 2621 1664 2663; x_wconf 78' lang='lat' dir='ltr'>quaedam</span> <span class='ocrx_word' id='word_1_776' title='bbox 1688 2633 1836 2666; x_wconf 82' lang='lat' dir='ltr'>excerpta</span> <span class='ocrx_word' id='word_1_777' title='bbox 1846 2623 1988 2657; x_wconf 86' lang='lat' dir='ltr'>exlibris</span> <span class='ocrx_word' id='word_1_778' title='bbox 2003 2625 2056 2669; x_wconf 85' lang='lat' dir='ltr'>Ju-</span> 
     </span>
     <span class='ocr_line' id='line_1_119' title="bbox 1180 2668 2053 2717; baseline 0.009 -16"><span class='ocrx_word' id='word_1_779' title='bbox 1180 2669 1258 2702; x_wconf 87' lang='lat' dir='ltr'>liani</span> <span class='ocrx_word' id='word_1_780' title='bbox 1283 2668 1474 2716; x_wconf 78' lang='lat' dir='ltr'>pelagiani,</span> <span class='ocrx_word' id='word_1_781' title='bbox 1502 2670 1651 2705; x_wconf 81' lang='lat' dir='ltr'>adversus</span> <span class='ocrx_word' id='word_1_782' title='bbox 1673 2672 1791 2707; x_wconf 87' lang='lat' dir='ltr'>librum</span> <span class='ocrx_word' id='word_1_783' title='bbox 1816 2674 1996 2717; x_wconf 80' lang='lat' dir='ltr'>Augustini</span> <span class='ocrx_word' id='word_1_784' title='bbox 2011 2675 2053 2709; x_wconf 86' lang='lat' dir='ltr'>de</span> 
     </span>
     <span class='ocr_line' id='line_1_120' title="bbox 1179 2718 2052 2767; baseline 0.007 -16"><span class='ocrx_word' id='word_1_785' title='bbox 1179 2718 1620 2763; x_wconf 74' lang='lat' dir='ltr'>nuptiis&amp;concupiscentia</span> <span class='ocrx_word' id='word_1_786' title='bbox 1635 2747 1642 2753; x_wconf 94' lang='lat'><em>.</em></span> <span class='ocrx_word' id='word_1_787' title='bbox 1669 2722 1772 2757; x_wconf 84' lang='lat' dir='ltr'>Tunc</span> <span class='ocrx_word' id='word_1_788' title='bbox 1795 2723 1813 2756; x_wconf 71' lang='lat' dir='ltr'>a</span> <span class='ocrx_word' id='word_1_789' title='bbox 1826 2725 2052 2767; x_wconf 83' lang='lat' dir='ltr'>maledicoJu-</span> 
     </span>
     <span class='ocr_line' id='line_1_121' title="bbox 1178 2768 2054 2815; baseline 0.005 -12"><span class='ocrx_word' id='word_1_790' title='bbox 1178 2768 1270 2805; x_wconf 86' lang='lat' dir='ltr'>liano</span> <span class='ocrx_word' id='word_1_791' title='bbox 1294 2770 1468 2803; x_wconf 76' lang='lat' dir='ltr'>infamatus</span> <span class='ocrx_word' id='word_1_792' title='bbox 1487 2772 1551 2804; x_wconf 87' lang='lat' dir='ltr'>fuit</span> <span class='ocrx_word' id='word_1_793' title='bbox 1572 2796 1582 2811; x_wconf 96' lang='lat'>,</span> <span class='ocrx_word' id='word_1_794' title='bbox 1611 2773 1699 2815; x_wconf 91' lang='lat' dir='ltr'>quod</span> <span class='ocrx_word' id='word_1_795' title='bbox 1725 2774 1840 2807; x_wconf 86' lang='lat' dir='ltr'>caussae</span> <span class='ocrx_word' id='word_1_796' title='bbox 1864 2775 1923 2807; x_wconf 87' lang='lat' dir='ltr'>suae</span> <span class='ocrx_word' id='word_1_797' title='bbox 1944 2774 2054 2808; x_wconf 78' lang='lat' dir='ltr'>adver·</span> 
     </span>
     <span class='ocr_line' id='line_1_122' title="bbox 1178 2820 2055 2868; baseline 0.005 -16"><span class='ocrx_word' id='word_1_798' title='bbox 1178 2820 1230 2852; x_wconf 89' lang='lat' dir='ltr'>sus</span> <span class='ocrx_word' id='word_1_799' title='bbox 1254 2821 1424 2854; x_wconf 87' lang='lat' dir='ltr'>veritatem</span> <span class='ocrx_word' id='word_1_800' title='bbox 1447 2821 1636 2855; x_wconf 86' lang='lat' dir='ltr'>obtinendae</span> <span class='ocrx_word' id='word_1_801' title='bbox 1656 2824 1759 2868; x_wconf 78' lang='lat' dir='ltr'>gratia</span> <span class='ocrx_word' id='word_1_802' title='bbox 1785 2848 1795 2865; x_wconf 86' lang='lat'>,</span> <span class='ocrx_word' id='word_1_803' title='bbox 1831 2824 1930 2859; x_wconf 80' lang='lat' dir='ltr'>Afros</span> <span class='ocrx_word' id='word_1_804' title='bbox 1951 2835 2055 2866; x_wconf 85' lang='lat' dir='ltr'>equos</span> 
     </span>
     <span class='ocr_line' id='line_1_123' title="bbox 1179 2869 2055 2915; baseline 0.007 -13"><span class='ocrx_word' id='word_1_805' title='bbox 1179 2869 1305 2904; x_wconf 84' lang='lat' dir='ltr'>Comiti</span> <span class='ocrx_word' id='word_1_806' title='bbox 1329 2870 1512 2906; x_wconf 84' lang='lat' dir='ltr'>adduxisset</span> <span class='ocrx_word' id='word_1_807' title='bbox 1526 2895 1533 2903; x_wconf 87' lang='lat'>.</span> <span class='ocrx_word' id='word_1_808' title='bbox 1561 2872 1664 2908; x_wconf 87' lang='lat' dir='ltr'>Tunc</span> <span class='ocrx_word' id='word_1_809' title='bbox 1686 2884 1741 2915; x_wconf 88' lang='lat' dir='ltr'>per</span> <span class='ocrx_word' id='word_1_810' title='bbox 1768 2874 1971 2907; x_wconf 79' lang='lat' dir='ltr'>occasionem</span> <span class='ocrx_word' id='word_1_811' title='bbox 1986 2874 2055 2908; x_wconf 86' lang='lat' dir='ltr'>Ro·</span> 
     </span>
     <span class='ocr_line' id='line_1_124' title="bbox 1178 2921 2053 2966; baseline 0.007 -14"><span class='ocrx_word' id='word_1_812' title='bbox 1178 2931 1265 2953; x_wconf 78' lang='lat' dir='ltr'>mam</span> <span class='ocrx_word' id='word_1_813' title='bbox 1278 2921 1405 2955; x_wconf 83' lang='lat' dir='ltr'>acceffit</span> <span class='ocrx_word' id='word_1_814' title='bbox 1417 2945 1427 2960; x_wconf 92' lang='lat'>,</span> <span class='ocrx_word' id='word_1_815' title='bbox 1456 2922 1657 2956; x_wconf 84' lang='lat' dir='ltr'>salutaturus</span> <span class='ocrx_word' id='word_1_816' title='bbox 1679 2922 1799 2966; x_wconf 83' lang='lat' dir='ltr'>Papam</span> <span class='ocrx_word' id='word_1_817' title='bbox 1815 2923 2025 2958; x_wconf 85' lang='lat' dir='ltr'>Bonifacium</span> <span class='ocrx_word' id='word_1_818' title='bbox 2040 2949 2053 2965; x_wconf 87' lang='lat'>,</span> 
     </span>
     <span class='ocr_line' id='line_1_125' title="bbox 1176 2970 2048 3019; baseline 0.006 -17"><span class='ocrx_word' id='word_1_819' title='bbox 1176 2970 1288 3014; x_wconf 84' lang='lat' dir='ltr'>estque</span> <span class='ocrx_word' id='word_1_820' title='bbox 1313 2970 1354 3004; x_wconf 87' lang='lat' dir='ltr'>ab</span> <span class='ocrx_word' id='word_1_821' title='bbox 1377 2971 1436 3005; x_wconf 91' lang='lat' dir='ltr'>illo</span> <span class='ocrx_word' id='word_1_822' title='bbox 1460 2972 1687 3006; x_wconf 67' lang='lat' dir='ltr'>officiofiffime*</span> <span class='ocrx_word' id='word_1_823' title='bbox 1707 2973 1850 3014; x_wconf 81' lang='lat' dir='ltr'>hospitio</span> <span class='ocrx_word' id='word_1_824' title='bbox 1874 2984 2048 3019; x_wconf 85' lang='lat' dir='ltr'>exceptus.</span> 
     </span>
     <span class='ocr_line' id='line_1_126' title="bbox 1174 3020 2052 3067; baseline 0.003 -14"><span class='ocrx_word' id='word_1_825' title='bbox 1174 3020 1276 3054; x_wconf 86' lang='lat' dir='ltr'>Tunc</span> <span class='ocrx_word' id='word_1_826' title='bbox 1296 3022 1444 3057; x_wconf 89' lang='lat' dir='ltr'>interfuit</span> <span class='ocrx_word' id='word_1_827' title='bbox 1466 3023 1605 3065; x_wconf 89' lang='lat' dir='ltr'>septimo</span> <span class='ocrx_word' id='word_1_828' title='bbox 1619 3022 1866 3067; x_wconf 73' lang='lat' dir='ltr'>Carthaginensi</span> <span class='ocrx_word' id='word_1_829' title='bbox 1883 3023 2052 3065; x_wconf 79' lang='lat' dir='ltr'>concilio,</span> 
     </span>
     <span class='ocr_line' id='line_1_127' title="bbox 1173 3070 2049 3116; baseline 0.002 -12"><span class='ocrx_word' id='word_1_830' title='bbox 1173 3070 1284 3111; x_wconf 85' lang='lat' dir='ltr'>estque</span> <span class='ocrx_word' id='word_1_831' title='bbox 1293 3070 1358 3105; x_wconf 67' lang='lat' dir='ltr'>una</span> <span class='ocrx_word' id='word_1_832' title='bbox 1369 3083 1443 3105; x_wconf 90' lang='lat' dir='ltr'>cum</span> <span class='ocrx_word' id='word_1_833' title='bbox 1457 3072 1529 3106; x_wconf 86' lang='lat' dir='ltr'>aliis</span> <span class='ocrx_word' id='word_1_834' title='bbox 1551 3072 1823 3107; x_wconf 81' lang='lat' dir='ltr'>eminentioribus</span> <span class='ocrx_word' id='word_1_835' title='bbox 1840 3075 1958 3107; x_wconf 74' lang='lat' dir='ltr'>Africae</span> <span class='ocrx_word' id='word_1_836' title='bbox 1974 3073 2049 3116; x_wconf 87' lang='lat' dir='ltr'>Epi-</span> 
     </span>
     <span class='ocr_line' id='line_1_128' title="bbox 1175 3120 2053 3167; baseline 0.006 -15"><span class='ocrx_word' id='word_1_837' title='bbox 1175 3120 1279 3164; x_wconf 86' lang='lat' dir='ltr'>scopis</span> <span class='ocrx_word' id='word_1_838' title='bbox 1303 3121 1344 3155; x_wconf 87' lang='lat' dir='ltr'>ab</span> <span class='ocrx_word' id='word_1_839' title='bbox 1369 3121 1528 3156; x_wconf 84' lang='lat' dir='ltr'>Honorio</span> <span class='ocrx_word' id='word_1_840' title='bbox 1553 3123 1705 3167; x_wconf 86' lang='lat' dir='ltr'>Augusto</span> <span class='ocrx_word' id='word_1_841' title='bbox 1730 3134 1861 3158; x_wconf 87' lang='lat' dir='ltr'>vocatus</span> <span class='ocrx_word' id='word_1_842' title='bbox 1885 3124 1924 3157; x_wconf 84' lang='lat' dir='ltr'>ad</span> <span class='ocrx_word' id='word_1_843' title='bbox 1946 3124 2053 3165; x_wconf 82' lang='lat' dir='ltr'>Syno—</span> 
     </span>
     <span class='ocr_line' id='line_1_129' title="bbox 1173 3170 2048 3216; baseline 0.005 -13"><span class='ocrx_word' id='word_1_844' title='bbox 1173 3170 1250 3204; x_wconf 89' lang='lat' dir='ltr'>dum</span> <span class='ocrx_word' id='word_1_845' title='bbox 1267 3171 1412 3205; x_wconf 84' lang='lat' dir='ltr'>Italicam</span> <span class='ocrx_word' id='word_1_846' title='bbox 1426 3196 1436 3212; x_wconf 90' lang='lat'>,</span> <span class='ocrx_word' id='word_1_847' title='bbox 1464 3172 1633 3206; x_wconf 84' lang='lat' dir='ltr'>auditurus</span> <span class='ocrx_word' id='word_1_848' title='bbox 1645 3183 1682 3207; x_wconf 88' lang='lat' dir='ltr'>ac</span> <span class='ocrx_word' id='word_1_849' title='bbox 1703 3173 1902 3216; x_wconf 83' lang='lat' dir='ltr'>judicaturus</span> <span class='ocrx_word' id='word_1_850' title='bbox 1915 3173 2048 3215; x_wconf 85' lang='lat' dir='ltr'>turbas,</span> 
     </span>
     <span class='ocr_line' id='line_1_130' title="bbox 1171 3221 2049 3266; baseline 0.003 -13"><span class='ocrx_word' id='word_1_851' title='bbox 1171 3232 1250 3263; x_wconf 88' lang='lat' dir='ltr'>quas</span> <span class='ocrx_word' id='word_1_852' title='bbox 1277 3221 1394 3254; x_wconf 81' lang='lat' dir='ltr'>Romae</span> <span class='ocrx_word' id='word_1_853' title='bbox 1417 3221 1568 3256; x_wconf 73' lang='lat' dir='ltr'>adversus</span> <span class='ocrx_word' id='word_1_854' title='bbox 1590 3221 1711 3266; x_wconf 82' lang='lat' dir='ltr'>Papam</span> <span class='ocrx_word' id='word_1_855' title='bbox 1736 3224 1944 3259; x_wconf 87' lang='lat' dir='ltr'>Bonifacium</span> <span class='ocrx_word' id='word_1_856' title='bbox 1969 3234 2049 3257; x_wconf 88' lang='lat' dir='ltr'>con—</span> 
     </span>
     <span class='ocr_line' id='line_1_131' title="bbox 1170 3270 2048 3306; baseline 0 -3"><span class='ocrx_word' id='word_1_857' title='bbox 1170 3271 1284 3304; x_wconf 87' lang='lat' dir='ltr'>citarat</span> <span class='ocrx_word' id='word_1_858' title='bbox 1299 3270 1434 3305; x_wconf 81' lang='lat' dir='ltr'>schisma</span> <span class='ocrx_word' id='word_1_859' title='bbox 1452 3271 1661 3306; x_wconf 81' lang='lat' dir='ltr'>Eulalianum</span> <span class='ocrx_word' id='word_1_860' title='bbox 1674 3298 1680 3304; x_wconf 94' lang='lat'><strong>.</strong></span> <span class='ocrx_word' id='word_1_861' title='bbox 1694 3273 1908 3306; x_wconf 85' lang='lat' dir='ltr'>Postmodum</span> <span class='ocrx_word' id='word_1_862' title='bbox 1923 3271 1964 3306; x_wconf 88' lang='lat' dir='ltr'>de</span> <span class='ocrx_word' id='word_1_863' title='bbox 1979 3274 2048 3306; x_wconf 85' lang='lat' dir='ltr'>san.</span> 
     </span>
     <span class='ocr_line' id='line_1_132' title="bbox 1170 3320 2046 3367; baseline 0.003 -13"><span class='ocrx_word' id='word_1_864' title='bbox 1170 3322 1223 3354; x_wconf 70' lang='lat' dir='ltr'>sto</span> <span class='ocrx_word' id='word_1_865' title='bbox 1258 3320 1373 3363; x_wconf 85' lang='lat' dir='ltr'>Alipio</span> <span class='ocrx_word' id='word_1_866' title='bbox 1407 3320 1490 3355; x_wconf 89' lang='lat' dir='ltr'>nihil</span> <span class='ocrx_word' id='word_1_867' title='bbox 1515 3322 1653 3364; x_wconf 86' lang='lat' dir='ltr'>amplius</span> <span class='ocrx_word' id='word_1_868' title='bbox 1685 3324 1836 3357; x_wconf 86' lang='lat' dir='ltr'>audimus</span> <span class='ocrx_word' id='word_1_869' title='bbox 1860 3346 1870 3362; x_wconf 91' lang='lat'><em>‚</em></span> <span class='ocrx_word' id='word_1_870' title='bbox 1906 3322 2046 3367; x_wconf 75' lang='lat' dir='ltr'>ideoque</span> 
     </span>
     <span class='ocr_line' id='line_1_133' title="bbox 1169 3372 2047 3415; baseline 0.003 -12"><span class='ocrx_word' id='word_1_871' title='bbox 1169 3380 1300 3413; x_wconf 90' lang='lat' dir='ltr'>oportet</span> <span class='ocrx_word' id='word_1_872' title='bbox 1315 3382 1390 3404; x_wconf 86' lang='lat' dir='ltr'>eum</span> <span class='ocrx_word' id='word_1_873' title='bbox 1402 3373 1486 3405; x_wconf 87' lang='lat' dir='ltr'>circa</span> <span class='ocrx_word' id='word_1_874' title='bbox 1499 3382 1536 3405; x_wconf 88' lang='lat' dir='ltr'>ea</span> <span class='ocrx_word' id='word_1_875' title='bbox 1549 3382 1695 3415; x_wconf 88' lang='lat' dir='ltr'>tempora</span> <span class='ocrx_word' id='word_1_876' title='bbox 1708 3384 1748 3405; x_wconf 87' lang='lat' dir='ltr'>ex</span> <span class='ocrx_word' id='word_1_877' title='bbox 1763 3372 1822 3406; x_wconf 87' lang='lat' dir='ltr'>hac</span> <span class='ocrx_word' id='word_1_878' title='bbox 1835 3373 1899 3407; x_wconf 86' lang='lat' dir='ltr'>vita</span> <span class='ocrx_word' id='word_1_879' title='bbox 1912 3374 2047 3406; x_wconf 81' lang='lat' dir='ltr'>seceffis-</span> 
     </span>
     <span class='ocr_line' id='line_1_134' title="bbox 1169 3419 2046 3465; baseline 0.005 -12"><span class='ocrx_word' id='word_1_880' title='bbox 1169 3421 1200 3453; x_wconf 91' lang='lat' dir='ltr'>se</span> <span class='ocrx_word' id='word_1_881' title='bbox 1213 3419 1253 3453; x_wconf 86' lang='lat' dir='ltr'>ad</span> <span class='ocrx_word' id='word_1_882' title='bbox 1271 3420 1438 3455; x_wconf 85' lang='lat' dir='ltr'>meliorem</span> <span class='ocrx_word' id='word_1_883' title='bbox 1452 3446 1459 3453; x_wconf 94' lang='lat'>.</span> <span class='ocrx_word' id='word_1_884' title='bbox 1488 3421 1536 3454; x_wconf 87' lang='lat' dir='ltr'>At</span> <span class='ocrx_word' id='word_1_885' title='bbox 1565 3421 1640 3454; x_wconf 79' lang='lat' dir='ltr'>vero</span> <span class='ocrx_word' id='word_1_886' title='bbox 1662 3421 1820 3465; x_wconf 86' lang='lat' dir='ltr'>Xantippi</span> <span class='ocrx_word' id='word_1_887' title='bbox 1843 3434 1917 3456; x_wconf 90' lang='lat' dir='ltr'>cum</span> <span class='ocrx_word' id='word_1_888' title='bbox 1933 3422 2046 3459; x_wconf 68' lang='lat' dir='ltr'>Vino-</span> 
     </span>
     <span class='ocr_line' id='line_1_135' title="bbox 1170 3469 2045 3511; baseline 0.002 -7"><span class='ocrx_word' id='word_1_889' title='bbox 1170 3470 1243 3505; x_wconf 90' lang='lat' dir='ltr'>rino</span> <span class='ocrx_word' id='word_1_890' title='bbox 1268 3469 1307 3506; x_wconf 85' lang='lat' dir='ltr'>lis</span> <span class='ocrx_word' id='word_1_891' title='bbox 1333 3470 1378 3505; x_wconf 86' lang='lat' dir='ltr'>est</span> <span class='ocrx_word' id='word_1_892' title='bbox 1402 3472 1581 3507; x_wconf 85' lang='lat' dir='ltr'>recentior:</span> <span class='ocrx_word' id='word_1_893' title='bbox 1608 3471 1740 3507; x_wconf 87' lang='lat' dir='ltr'>Moveri</span> <span class='ocrx_word' id='word_1_894' title='bbox 1764 3472 1853 3508; x_wconf 89' lang='lat' dir='ltr'>enim</span> <span class='ocrx_word' id='word_1_895' title='bbox 1876 3472 2045 3511; x_wconf 78' lang='lat' dir='ltr'>dumtaxat</span> 
     </span>
     <span class='ocr_line' id='line_1_136' title="bbox 1887 3532 1995 3568; baseline -0.009 -9"><span class='ocrx_word' id='word_1_896' title='bbox 1887 3532 1995 3568; x_wconf 83' lang='lat' dir='ltr'>potuit</span> 
     </span>
    </p>
   </div>
  </div>
 </body>
</html>
