2384 3770
383 171 481 205 202

347 245 400 278 vel
427 243 655 287 profeffionem
681 241 818 288 Regulae
844 240 935 286 ejus.-
961 243 1019 286 qui
1045 242 1135 277 enim
1150 239 1218 275 Au-

345 295 514 336 gustinum
541 294 710 335 imitatur,
737 306 774 328 ac
802 293 968 338 Regulam
994 293 1028 326 <Sc
1055 293 1217 327 Ordinem

345 344 414 386 ejus
440 345 612 388 profitetur
635 368 646 385 ,
673 345 700 378 is
726 345 770 378 est
798 345 830 377 δε
856 344 976 380 dicitur
1003 342 1216 387 Augustinia·

342 404 405 429 nus
422 421 429 428 .
448 395 530 430 Vox
556 397 704 428 Romanus
730 394 769 428 de
794 393 923 427 formali
950 392 1110 437 significat
1139 393 1219 426 nati-

344 447 481 481 vitatem
506 446 541 480 in
568 445 647 479 urbe
675 445 808 481 Roma:
834 445 890 486 qui
917 443 1007 476 enim
1034 442 1150 476 Romae
1166 454 1216 476 na·

341 508 394 533 tus
418 497 486 536 est,
514 497 541 529 is
567 496 688 530 dicitur
705 495 899 529 Romanus.
928 493 974 526 At
1000 494 1077 527 vero
1105 494 1217 527 nativi-

345 558 394 582 tas
421 547 575 582 Romana
599 570 610 586 ,
649 545 791 581 imitatio
831 543 1045 588 Augustini,
1082 544 1161 578 fides
1187 544 1218 577 &

345 596 500 642 professio
527 596 653 630 Christi
676 620 686 634 ,
726 605 772 627 res
800 593 871 627 vere
897 593 1092 627 universales
1122 596 1215 628 sunt:

343 649 493 691 adeoque
528 646 591 679 istae
628 646 760 688 praefatae
799 654 896 677 voces
924 643 964 677 de
989 636 1123 677 for‘mali
1149 655 1215 678 rem

342 696 584 736 universalem,
614 705 681 728 non
708 704 776 728 rem
803 693 998 738 singularem
1024 694 1217 737 signis-icant.

392 761 425 796 5.
455 750 557 781 Altera
580 747 713 790 definitio
743 744 806 784 est:
842 744 922 778 Vox
956 743 1146 777 universalis
1172 744 1217 777 est

342 811 431 840 vox,
460 810 531 842 quae
558 795 661 841 potest
689 794 911 834 affirmative,
938 794 1080 830 univoce
1103 818 1114 834 ,
1139 792 1218 827 divi-

341 851 425 889 sim‘,
450 849 483 882 &
511 857 586 879 curn
615 845 662 879 sui
689 845 766 880 reali
795 844 1075 887 multiplicatione
1103 843 1217 887 praedi-

341 901 445 934 dicari
459 900 499 931 de
513 896 646 938 multis3
678 906 744 928 vox
764 895 840 928 vero
866 894 1035 939 singularis
1061 894 1105 928 est
1121 918 1131 934 ‚
1151 906 1219 938 quae

341 947 551 985 affirmative,
581 946 744 985 univoce,
770 945 919 984 divisim,
951 954 1075 978 aecum
1102 945 1153 978 sui
1175 956 1219 978 re·

340 1001 384 1035 ali
419 995 697 1038 multiplicatione
734 1005 802 1028 non
843 993 946 1038 potest
975 994 1138 1038 praedicari
1178 995 1219 1028 de

338 1048 473 1084 multis.
501 1044 582 1081 Vox
610 1045 779 1090 singularis
810 1044 920 1088 itaque
947 1044 1051 1088 potest
1070 1044 1219 1088 praedica—

339 1100 366 1132 ri
394 1098 435 1133 de
459 1097 574 1132 multis
598 1121 611 1137 ‚
657 1107 692 1130 ut
719 1095 827 1131 statim.
855 1094 1027 1138 dicebam;
1067 1094 1121 1128 sed
1152 1106 1218 1128 non

339 1159 417 1188 cum
444 1147 520 1183 reali
548 1147 597 1181 sui
622 1170 632 1190 ,
662 1146 711 1184 vel
739 1147 849 1190 potius
876 1145 1021 1179 formalis
1046 1144 1217 1189 significati

339 1201 390 1235 sui
417 1196 721 1242 multiplicatione.
750 1195 856 1231 Unde
881 1195 991 1232 omnis
1019 1205 1082 1228 vox
1111 1195 1218 1238 praedi-

339 1249 453 1284 cabilis
480 1248 521 1282 de
549 1247 660 1281 multis
671 1258 746 1281 cum
777 1245 854 1280 reali
866 1245 1147 1289 multiplicatione
1172 1245 1218 1278 sui

339 1299 514 1345 significati
543 1298 692 1332 formalis
718 1296 764 1330 est
793 1308 860 1330 vox
888 1295 1099 1329 universalis.
1130 1299 1220 1329 Ratio

340 1350 379 1390 est
401 1363 408 1382 :
446 1349 538 1396 Quia
567 1360 632 1382 vox
657 1346 827 1391 singularis
854 1346 899 1379 est
928 1357 994 1380 vox
1021 1345 1061 1379 de
1089 1346 1218 1379 formali

341 1400 535 1445 significans
562 1407 629 1432 rem
656 1397 855 1441 singularem
878 1408 887 1438 ;
926 1407 993 1430 vox
1032 1396 1220 1430 universalis

339 1451 386 1485 est
414 1459 478 1483 vox
503 1448 543 1483 de
576 1447 710 1486 formali
737 1447 925 1491 significans
953 1457 1022 1480 rem
1061 1447 1220 1480 universa-

338 1499 423 1535 lem:
451 1500 542 1543 atqui
566 1510 614 1533 res
641 1496 831 1532 universalis
856 1496 903 1530 est
931 1507 980 1530 res
1010 1496 1222 1540 praedicabilis

338 1548 379 1585 de
406 1549 519 1584 multis
545 1559 620 1582 cum
650 1547 696 1581 sui
735 1547 813 1580 reali
840 1547 1145 1588 multiplicatione.-
1173 1557 1222 1580 res

338 1600 415 1634 νετὸ
454 1599 626 1643 singularis
663 1597 709 1631 est
747 1607 794 1629 res
823 1607 890 1630 non
927 1597 1141 1639 praedicabilis
1180 1597 1221 1631 de

339 1650 455 1685 multis
478 1660 554 1683 cum
583 1648 633 1684 sui¹
659 1645 736 1681 reali
772 1644 1051 1689 multiplicatione
1076 1661 1087 1680 .-
1117 1648 1219 1690 potest

339 1701 475 1744 quidem
504 1697 665 1742 praedicari
694 1696 735 1730 de
762 1695 877 1730 multis
896 1708 911 1737 ;
949 1696 1001 1730 sed
1042 1708 1110 1730 non
1142 1708 1221 1730 cum

339 1751 387 1783 sui
416 1748 495 1782 reali
517 1747 822 1791 multiplicatione.
854 1745 943 1789 Ergo
964 1745 1083 1781 eodem
1110 1746 1222 1790 jure&

339 1797 445 1834 modo
469 1795 682 1841 judicandum
707 1820 719 1837 ,
753 1797 786 1831 &
814 1793 1118 1839 philosophandum
1157 1796 1224 1835 est,

338 1851 381 1885 de
399 1859 479 1883 voce
506 1846 706 1887 universali,
730 1846 765 1880 &
791 1845 946 1891 singulari
972 1871 980 1880 .
1008 1849 1055 1881 De
1084 1858 1139 1890 quo
1157 1847 1223 1889 plu-

339 1912 376 1935 ra
402 1906 434 1932 in
461 1902 591 1942 Logica.

392 1950 422 1986 6.
445 1950 511 1983 Ubi
535 1943 736 1982 advertenda
761 1944 807 1978 est
835 1942 974 1987 pulchra
1001 1945 1223 1987 reciprocatio

342 2001 435 2036 vocis
461 1998 633 2043 singularis
670 1997 704 2035 ὃ(
731 1995 924 2029 universalis
952 1995 986 2027 in
1018 1996 1077 2027 suo
1105 1993 1224 2038 signifi-

340 2062 418 2088 cato
445 2048 600 2093 primario
626 2046 660 2080 &
684 2043 876 2080 secundario
899 2070 906 2076 .
947 2044 1036 2077 Nam
1065 2045 1224 2088 significa·

341 2110 414 2137 tum
440 2099 631 2143 primarium
655 2095 748 2129 vocis
768 2093 941 2136 singularis.
973 2092 1018 2125 est
1041 2093 1225 2126 secundari-

342 2149 398 2186 tim
420 2148 639 2193 significatum
665 2143 757 2177 vocis
785 2141 1001 2180 universalis,
1028 2141 1062 2174 δε
1079 2141 1224 2175 econtra

342 2200 565 2246 significatum
586 2193 775 2238 primarium
801 2191 891 2225 vocis
915 2191 1106 2225 universalis
1117 2190 1162 2224 est
1185 2193 1227 2224 se-

343 2249 540 2285 cundarium
561 2245 780 2290 significatum
805 2240 894 2274 vocis
909 2240 1095 2285 singularis.
1119 2241 1227 2285 Signi·

345 2303 483 2335 ficatum
509 2297 631 2339 quippe
653 2293 743 2325 vocis
775 2290 946 2334 singularis
973 2290 1155 2333 principale
1182 2291 1225 2324 est

344 2353 450 2386 forma
471 2343 617 2391 quaedam
645 2341 849 2386 singularis3
891 2339 1111 2383 significatum
1153 2338 1229 2373 vero

344 2398 526 2447 principale
557 2393 646 2428 vocis
671 2391 862 2425 universalis
885 2389 928 2423 cst
943 2391 1059 2424 -forma
1081 2391 1228 2433 quaedam

345 2446 534 2486 universalis
559 2458 570 2480 .·
596 2443 688 2487 atqui
700 2441 812 2476 formae
835 2441 1035 2474 universales
1048 2441 1229 2485 suntsigni-

344 2504 441 2537 ficata
455 2494 644 2532 secundaria
659 2503 782 2526 vocum
808 2491 1048 2535 singularium,
1073 2492 1231 2525 &formae

346 2551 524 2596 singulares
551 2550 621 2580 sunt
645 2543 827 2589 significata
851 2539 1039 2577 secundaria
1063 2552 1182 2575 vocum
1198 2553 1230 2574 u—

347 2599 567 2638 niversalium
583 2610 594 2630 .·
622 2592 795 2638 ergoillud
809 2616 820 2632 ,
841 2591 931 2635 quod
941 2591 986 2624 est
1010 2591 1230 2635 significatum

347 2651 541 2697 primatium
568 2646 601 2679 in
624 2656 705 2678 voce
725 2642 903 2688 singulari,
927 2640 973 2675 est
1003 2640 1231 2678 secundarium

347 2704 384 2737 in
407 2711 487 2736 voce
505 2695 706 2736 universali,
728 2694 763 2728 δε
789 2694 807 2725 ε
829 2691 944 2726 contra
969 2717 976 2725 .
1007 2692 1157 2725 Probatur
1181 2697 1236 2726 mi·

350 2763 426 2787 nor:
453 2748 544 2797 Qia
580 2771 591 2789 ‚
628 2756 666 2780 ut
699 2745 765 2788 jam,
789 2742 860 2777 dixi
895 2740 1073 2777 hincinde
1107 2743 1232 2786 aliquo-

347 2804 409 2836 ties
431 2827 442 2843 ,
475 2798 591 2835 omnia
619 2796 677 2830 illa
698 2819 709 2835 ,
734 2792 906 2836 dequibus
933 2792 1044 2836 aliqua
1080 2804 1145 2827 vox
1159 2803 1231 2834 prae·

353 2854 503 2891 dicatur,
526 2857 583 2885 aut
594 2845 713 2890 quibus
737 2841 908 2877 subiicitur
921 2841 1134 2883 affirmative,
1160 2842 1233 2875 sunt

351 2904 440 2937 illius
465 2898 648 2945 significata
670 2893 887 2929 secundaria:
919 2892 1011 2936 atqui
1037 2903 1133 2926 voces
1163 2893 1231 2926 uni.

353 2952 488 2987 versales
509 2948 551 2985 de-
568 2946 667 2983 rebus,
696 2943 915 2990 singularibus
945 2942 1139 2976 affirmative
1163 2952 1233 2985 prae·

354 3002 506 3041 dicantur
520 3023 530 3042 ,
552 2999 586 3033 ἀ
609 3007 707 3031 voces
731 2994 908 3039 singulares
930 2992 1025 3026 rebus
1050 2992 1234 3025 universali·
1256 3016 1257 3019 η

355 3054 416 3088 bus
441 3047 634 3086 affirmative
662 3045 900 3081 subiiciuntur:
925 3040 1005 3087 ergo
1027 3054 1080 3077 res
1098 3043 1235 3086 singula-

356 3115 405 3138 res
432 3105 507 3137 sunt
530 3097 711 3144 significata
735 3093 923 3129 secundaria
955 3104 1078 3127 vocum
1112 3093 1237 3126 univer-

358 3155 473 3187 salium
494 3173 505 3190 ,
535 3149 568 3184 δε
592 3159 641 3183 res
664 3145 859 3181 universales
889 3145 964 3178 sunt
987 3142 1163 3187 significata
1195 3144 1234 3176 se·

360 3203 515 3237 cundaria
538 3209 658 3234 vocum
685 3195 899 3240 singularium
926 3220 932 3226 .
966 3194 1121 3230 Praetereci
1149 3206 1160 3226 .·
1177 3192 1238 3226 Ac-

361 3254 469 3295 ceptio
498 3248 673 3295 personalis
705 3256 845 3280 vocatur
869 3245 983 3288 paffim
1003 3245 1241 3286 acceptio-pro

365 3302 553 3344 significatis
576 3295 774 3334 secundariis
794 3309 802 3328 :
826 3295 923 3338 atqui
957 3295 1110 3338 acceptio
1139 3295 1241 3337 perso-

364 3350 446 3383 nalis
471 3351 516 3383 est
544 3348 693 3392 acceptio
717 3346 807 3380 vocis
834 3346 1025 3380 communis
1046 3355 1104 3388 pro
1127 3345 1175 3378 sui
1198 3345 1241 3377 in·

365 3399 537 3434 ferior-,ibus
557 3411 564 3429 :
599 3399 679 3442 ergo
705 3397 865 3430 inferiora
887 3397 942 3430 seu
963 3395 1139 3438 singularia
1172 3395 1242 3428 sunt

367 3448 549 3494 significata
573 3448 758 3480 secundaria
783 3445 875 3481 vocis
898 3446 1090 3480 universalis
1105 3470 1112 3478 .

422 3508 453 3547 7,
485 3499 555 3531 Dico
571 3494 717 3538 secunda:
742 3497 910 3532 Definitio
926 3497 1017 3540 supra
1040 3494 1113 3530 data
1135 3519 1145 3536 ‚
1171 3495 1205 3530 ὅ(
1229 3494 1244 3528 ὲ
1268 3508 1270 3511 ·

1268 1912 1272 1921 0

1271 2013 1273 2021 ι

1271 2038 1274 2111 ἰ

997 135 1157 205 D1s1>ss
1196 132 1298 203 XIl.
1349 159 1488 204 Dun-
1527 159 1562 205 Ι.

1279 251 1331 276 me
1349 244 1492 277 refutata
1504 253 1563 286 pro
1591 250 1672 275 voce
1689 239 1890 282 universali,
1913 239 1992 276 recte
2018 238 2152 284 quadrat

1280 293 1353 327 voci
1378 294 1552 328 communi
1575 305 1582 324 :
1620 304 1686 327 vox
1707 291 1818 335 itaque
1841 290 2026 327 communis
2047 290 2090 324 est
2117 289 2154 321 il-

1280 343 1333 384 la«,
1358 355 1427 387 quae
1449 342 1640 378 affirmative
1666 367 1677 383 ‚
1700 339 1841 376 univoce
1866 366 1877 382 ‚
1901 341 2027 376 divisim
2046 337 2155 385 praedi-

1279 403 1371 427 catur
1394 394 1435 428 de
1454 394 1566 428 multis
1580 419 1587 426 .
1613 392 1667 428 Ut
1682 403 1779 426 voces
1800 395 1881 424 Deus
1894 415 1905 431 ,
1926 390 2008 424 hom
2021 416 2032 432 ,
2056 389 2155 429 albus,

1279 449 1362 486 mger
1375 467 1386 483 ,
1408 443 1584 478 humanitas
1598 468 1608 483 ,
1634 445 1732 477 deitas
1745 467 1756 482 ,
1775 444 1832 476 &a
1857 445 1948 475 Ratio
1968 438 2004 480 est
2028 452 2040 475 ι
2065 441 2157 488 Qa

1277 503 1408 536 oportet
1429 492 1653 538 philosophari
1666 494 1707 528 de
1721 504 1800 527 voce
1822 491 1996 528 communi
2019 489 2158 535 insigni.

1281 543 1436 583 sicando,
1459 543 1535 577 sicut
1555 542 1827 588 philosophamur
1847 542 1887 576 de
1907 543 1982 575 ente
2004 548 2158 573 commu-

1282 594 1315 627 ni
1339 595 1374 627 in
1397 593 1549 629 effende:
1577 593 1667 637 atqui
1689 605 1747 627 ens
1767 603 1945 628 commune
1968 591 2001 624 in
2025 587 2159 623 essendo

1279 645 1322 678 est
1344 643 1425 677 illud
1446 668 1457 684 ,
1482 643 1570 687 quod
1594 642 1742 676 inexistit
1765 643 1902 683 multis,
1928 641 1994 675 sive
2026 638 2159 675 interim

1282 696 1315 728 in
1338 694 1403 727 illis
1422 693 1537 727 multis
1559 693 1687 726 realiter
1708 691 1963 735 multiplicetur,
1987 690 2054 724 sive
2078 698 2158 722 non:

1283 755 1357 778 narn
1381 743 1526 777 Effentia
1541 743 1666 776 Divina
1686 742 1758 776 vere
1781 742 1826 776 est
1842 742 1945 777 forma
1959 738 2159 775 communis:

1281 795 1358 839 quia
1381 793 1528 828 inexistit
1551 792 1664 828 multis
1690 790 1863 836 suppositis
1884 803 1894 834 ;
1919 792 1952 825 in
1971 789 2089 834 quibus
2114 798 2163 821 ta-

1282 855 1355 878 men
1379 855 1447 878 non
1471 843 1709 888 multiplicatur
1726 842 1862 877 realiter.
1898 839 1989 886 Ergo
2014 838 2163 872 similiter

1283 907 1351 929 vox
1378 895 1569 928 communis
1600 894 1634 927 in
1663 893 1881 938 significando
1908 891 1954 925 est
1975 891 2038 930 ,illa
2056 912 2069 932 ‚
2091 899 2162 931 quae

1282 945 1386 989 potest
1409 943 1600 979 affirmative
1626 943 1789 987 praedicari
1814 943 1856 977 de
1882 940 1999 976 multis
2017 965 2028 981 ‚
2055 949 2161 982 neque

1281 1006 1362 1039 opus
1390 994 1488 1029 habet
1514 995 1593 1028 reali
1622 992 1900 1037 multiplicatione
1926 991 1994 1032 sui,
2019 999 2075 1024 aut
2104 1000 2162 1031 po-

1282 1047 1348 1080 tius
1376 1044 1425 1079 sui
1451 1044 1601 1079 formalis
1628 1043 1804 1088 significati
1827 1066 1835 1076 .
1859 1041 1966 1079 Unde
1993 1041 2079 1074 inter
2105 1050 2163 1071 vo·

1282 1107 1335 1130 ces
1362 1106 1557 1131 communes
1583 1094 1701 1136 aliquas
1728 1094 1801 1128 sunt
1822 1092 2020 1136 singulares,·
2047 1090 2162 1132 aliquae

1284 1148 1358 1180 sunt
1386 1145 1602 1180 universales:
1632 1143 1796 1189 habetque
1823 1143 1854 1177 se
1880 1153 1946 1179 vox
1973 1138 2162 1175 communis

1283 1196 1323 1230 ad
1350 1195 1547 1239 singularem
1573 1194 1655 1228 sicut
1681 1193 1842 1228 excedens
1877 1191 1911 1225 &
1937 1190 2061 1226 excessa
2084 1202 2095 1223 .·
2122 1187 2163 1222 ad

1283 1245 1497 1280 universalem
1528 1244 1606 1278 vero
1634 1244 1715 1279 sicut
1742 1244 1854 1277 minus
1880 1241 2098 1276 communis:
2125 1248 2162 1272 ut

1282 1295 1500 1331 consideranti
1526 1294 1621 1330 facile
1650 1293 1795 1339 patebit.

1498 1393 1839 1431 DUBIUM
1900 1391 1954 1427 11.

1283 1498 1370 1543 ,Quid
1378 1496 1417 1538 fit
1431 1508 1492 1531 vox
1501 1500 1630 1538 primae,
1644 1495 1721 1538 quid
1729 1505 1791 1528 vox
1799 1491 1940 1537 firundae
1949 1493 2121 1526 intentionis
2136 1486 2157 1518 s?

1284 1594 1315 1635 8.
1407 1597 1487 1631 Cire
1512 1593 1566 1630 hic
1592 1604 1746 1639 oportet,
1771 1592 1851 1639 quid
1872 1592 1910 1627 sit
1938 1591 2065 1636 prima,
2085 1586 2167 1631 quid

1422 1646 1563 1680 secunda
1590 1645 1757 1680 intentio.
1784 1646 1863 1692 Qa
1889 1645 1925 1677 in
1952 1653 1985 1676 re
2012 1640 2169 1674 Thorni-

1283 1696 1338 1730 stae
1366 1696 1472 1730 multa
1498 1696 1615 1730 dicunt
1633 1720 1645 1736 ,
1674 1705 1767 1740 quae,
1799 1694 1879 1737 quia
1907 1704 1976 1726 non
2003 1690 2172 1735 intelligo,

1286 1747 1358 1791 ipsis
1384 1745 1583 1790 exponenda
1595 1747 1777 1788 relinquo.
1802 1743 1953 1777 Intentio
1979 1750 2170 1776 autemtam

1284 1797 1390 1840 prima
1416 1820 1427 1836 ,
1453 1807 1551 1841 quam
1579 1796 1722 1830 secunda
1749 1793 1906 1828 dividitur
1932 1793 1965 1826 in
1994 1790 2169 1824 formalem

1283 1846 1544 1890 &ehje-stivam:
1576 1845 1665 1879 unde
1679 1843 1884 1878 intentiones
1912 1843 1945 1876 in
1975 1841 2166 1876 universum

1286 1898 1361 1931 sunt
1389 1907 1554 1940 quatuor,
1581 1897 1652 1930 dua:
1676 1894 1850 1934 formales,
1876 1891 2012 1936 duaeque
2038 1889 2172 1932 objecti-

1286 1957 1354 1978 vae.
1380 1949 1442 1977 Pro
1464 1958 1595 1988 quarum
1616 1945 1768 1979 intelli-au
1786 1953 1857 1976 ante
1889 1948 1988 1976 omnia
2006 1939 2173 1984 supponen-

1287 1995 1360 2029 dum
1382 1993 1419 2035 est
1443 2019 1450 2026 .
1476 1994 1578 2040 Quod
1607 2005 1674 2028 vox
1699 1998 1827 2025 intentio
1854 1991 1908 2025 hic
1936 2002 2003 2024 non
2033 1989 2172 2032 accipia-

1288 2055 1341 2079 tur
1378 2057 1436 2087 pro
1475 2044 1668 2078 intentione
1694 2041 1875 2076 voluntatis
1903 2041 1937 2075 in
1967 2041 2066 2074 finem
2095 2050 2172 2073 ten·-

1289 2093 1415 2135 dentis;
1442 2091 1494 2125 sed
1522 2105 1581 2133 pro
1608 2096 1680 2126 adiu
1709 2093 1914 2124 intellestus..
1944 2090 1999 2122 Est
2030 2090 2176 2132 ergoin-

1288 2142 1396 2175 tentio
1423 2140 1488 2174 hoc
1511 2140 1591 2174 *loco
1620 2141 1708 2172 idem
1733 2163 1746 2178 ,
1783 2140 1872 2181 quod
1911 2149 2092 2181 conceptus
2118 2139 2172 2171 seu

1272 2193 1373 2237 ¹aelus
1397 2189 1579 2224 intellectus
1602 2189 1637 2223 in
1663 2188 1801 2232 aliquod
1816 2187 1979 2230 objectum
1993 2187 2170 2221 tendentis.

1290 2239 1396 2276 Unde
1423 2241 1501 2273 ficut
1529 2248 1710 2282 conceptus
1737 2238 1770 2270 in
1798 2237 1974 2271 formalem
2001 2238 2033 2271 δε
2064 2237 2174 2280 objec-

1274 2294 1394 2322 ·tivum
1422 2287 1585 2323 dividitur
1607 2299 1617 2330 ;
1654 2288 1696 2320 sic
1723 2287 1821 2320 etiam
1849 2285 1996 2319 intentio
2023 2288 2057 2319 in
2084 2285 2177 2327 obje-

1292 2341 1414 2373 stivam
1443 2339 1475 2372 ὅ(
1502 2338 1678 2372 formalem
1704 2336 1809 2370 dividi
1838 2334 1949 2369 debet.
1980 2334 2172 2379 Conceptus

1291 2391 1348 2424 seu
1376 2388 1518 2423 intentio
1547 2388 1693 2423 formalis
1719 2388 1763 2421 est
1793 2386 1952 2423 actusille
1979 2386 2177 2423 intellectus,

1292 2451 1359 2484 quo
1385 2440 1530 2482 aliquam
1543 2448 1608 2471 rem
1621 2438 1852 2480 concipimus,
1880 2436 2001 2479 quoin
2029 2436 2174 2479 aliquam

1293 2500 1359 2524 rem
1386 2489 1554 2523 tendimus
1575 2513 1582 2521 .
1620 2489 1813 2529 Conceptus
1844 2486 1922 2519 vero
1949 2487 2001 2518 seu
2030 2486 2173 2519 intentio

1292 2539 1452 2582 objectiva
1479 2539 1524 2572 est
1549 2549 1596 2572 res
1623 2537 1664 2570 ab
1692 2536 1859 2569 intellectu
1890 2545 2051 2577 concepta
2080 2535 2175 2568 &in-

1293 2599 1403 2624 tenta:
1433 2600 1460 2621 v.
1473 2600 1504 2632 g.
1527 2598 1601 2621 cum
1630 2586 1789 2629 concipio
1818 2583 1987 2623 homines,
2018 2586 2105 2618 astus
2132 2584 2169 2616 il·

1293 2640 1349 2680 le,
1375 2650 1446 2683 quo
1473 2638 1655 2680 concipio,
1680 2646 1816 2671 vocatur
1843 2645 2024 2678 conceptus
2052 2636 2106 2673 seu
2127 2627 2177 2667 in·
2217 2666 2221 2669 ,

1293 2690 1400 2725 tentio
1413 2687 1581 2722 formalis:
1608 2686 1683 2730 quia
1711 2686 1869 2721 nimirum
1882 2684 1928 2718 est
1955 2685 2086 2724 forma,
2107 2695 2178 2727 quae

1293 2740 1327 2773 in
1350 2749 1468 2784 genere
1495 2737 1642 2771 formalis
1669 2736 1786 2770 caussae
1812 2747 1864 2769 me
1891 2734 1971 2768 facit
1998 2733 2179 2769 intenden-

1294 2801 1360 2824 tem
1387 2790 1421 2823 &
1447 2788 1721 2833 concipientem,
1744 2784 1849 2819 homo
1864 2783 1966 2826 vero,
1989 2795 2087 2829 quem
2100 2796 2178 2818 con·

1295 2840 1404 2884 cipio,
1435 2848 1574 2873 vocatur
1596 2847 1776 2879 conceptus
1803 2836 1856 2869 seu
1880 2835 2024 2869 intentio
2046 2834 2179 2877 objecti-

1296 2903 1334 2925 va
1350 2904 1360 2924 :
1387 2889 1465 2934 quia
1486 2890 1641 2922 nimirum
1665 2886 1710 2920 est
1732 2884 1898 2928 objeiium
1912 2909 1924 2926 ‚
1946 2885 1981 2919 in
2007 2883 2098 2928 quod
2111 2895 2179 2918 ten-

1295 2940 1339 2975 do
1351 2939 1461 2985 ,quod
1474 2938 1629 2982 concipio
1642 2960 1649 2969 .
1676 2936 1740 2970 His
1754 2936 1863 2979 positis
1877 2960 1887 2976 ‚
1909 2936 2062 2983 quaeritur
2076 2959 2087 2975 ,
2100 2931 2180 2977 quid

1297 2993 1357 3026 sint
1380 3000 1497 3025 omnes
1525 2988 1573 3022 hae
1597 2986 1801 3021 intentiones
1817 2987 1834 3019 ἓ-

1350 3051 1379 3089 9.
1410 3038 1498 3084 Resp.
1525 3040 1557 3073 <a
1579 3038 1645 3071 dico.
1660 3038 1783 3080 prima:
1809 3034 1919 3069 Prima
1935 3033 2079 3069 intentio
2092 3031 2181 3075 obje-

1298 3091 1380 3126 aiva
1395 3090 1441 3126 est
1454 3101 1500 3124 res
1522 3088 1644 3133 quaevis
1668 3085 1753 3121 nude
1776 3085 1956 3119 secundum
1985 3085 2015 3117 se
2030 3085 2179 3127 spestata:

1299 3143 1363 3175 sive
1391 3142 1430 3175 sit
1459 3139 1552 3174 realis
1578 3139 1613 3173 δε
1636 3147 1708 3171 vera
1734 3160 1746 3176 ,
1773 3136 1838 3168 sive
1864 3134 2001 3169 rationis
2025 3134 2058 3168 δε
2084 3133 2178 3176 fi&a;

1301 3194 1389 3225 astus
1400 3191 1476 3225 vero
1496 3189 1678 3226 intellectus
1693 3211 1703 3227 ,
1720 3196 1787 3230 quo
1806 3185 1905 3220 talem
1918 3196 1985 3218 rem
1999 3182 2181 3223 secundum

1303 3244 1333 3276 se
1368 3242 1603 3284 concipimus,
1626 3237 1672 3272 est
1697 3237 1801 3280 prima
1835 3235 1980 3269 intentio
2011 3233 2187 3273 formalis,

1304 3304 1335 3325 v.
1355 3303 1386 3336 g.
1401 3290 1525 3332 homo,
1543 3290 1653 3328 Deus,
1682 3286 1779 3330 lapis,
1811 3285 1922 3320 album
1936 3309 1951 3326 „
1969 3285 2064 3319 dulce
2085 3307 2096 3322 ,
2123 3283 2186 3314 sta-

1305 3343 1354 3376 tio
1370 3366 1380 3382 ‚
1402 3342 1516 3382 seffio,
1531 3339 1704 3381 chymera,
1726 3347 1822 3370 mons
1845 3334 2033 3372 sine-valle„
2057 3332 2183 3375 hyppo-

1307 3403 1437 3431 taurus,
1461 3394 1495 3426 ὃς
1521 3388 1757 3425 similiaomnia
1782 3411 1793 3428 ,
1825 3394 1984 3421 vocantur
2010 3382 2119 3427 primae
2138 3384 2183 3414 in-

1308 3443 1475 3476 tentiones
1490 3437 1679 3484 objefflvae5
1704 3439 1791 3471 astus
1804 3435 1886 3470 νετὸ
1907 3434 2098 3473 intellectus,
2115 3432 2184 3475 qui·

1310 3493 1369 3528 bus
1379 3493 1436 3528 illa
1448 3489 1655 3535 concipimus
1664 3512 1675 3531 ‚
1693 3497 1853 3524 vocantur
1865 3486 1974 3532 prima:
1985 3482 2192 3520 intentiones

2075 3533 2143 3568 for-
