2384 3770
320 103 455 155 VAtj
491 105 681 171 Quiri).
719 105 938 168 QuAEsr.
973 103 1229 150 AD'CAT.
1263 107 1350 150 Ac
1386 104 1554 151 SYNQ'
1592 106 1784 153 Soter.

253 194 311 227 &a
340 189 430 235 Ergo
442 189 617 224 involvunt
628 189 726 223 etiam
740 187 1014 233 significationem
1035 196 1121 220 cate-

254 242 432 287 gorematis
452 250 528 273 cum
540 234 777 284 significatione
788 237 1098 281 syncategorematis
1110 249 1118 268 :

255 291 334 336 erge
357 292 430 324 sunt
443 290 542 323 etiam
556 301 652 324 voces
666 290 775 324 mixtae
785 300 800 328 ;
819 288 854 320 δε
865 298 934 320 non
958 286 1119 329 simplices

250 340 592 385 syncategorematicae
606 365 614 372 .
638 335 987 380 adprimumrespondeo
1009 347 1119 380 negan-

254 393 293 425 do
304 398 443 424 minorem
456 405 466 424 :
489 400 563 424 nam
578 415 588 429 ‚
610 399 644 423 ut
656 389 741 422 dubio
759 391 861 428 primo
871 387 960 427 dixi,
983 397 1048 420 vox
1073 387 1118 420 lo·

250 443 325 486 gice
336 443 470 485 simplex
481 439 566 474 idem
577 437 727 481 est,'qu0d
741 448 807 470 vox
819 436 1031 481 grammatice
1042 437 1118 470 fim-

251 493 327 535 plex
347 505 354 523 :
374 492 540 536 atquivox
562 498 645 521 nemo
657 487 702 521 est
727 487 938 531 grammatice
958 487 1093 530 fimplex
1106 500 1118 521 .-

250 542 332 587 ergo
342 543 387 576 est
399 541 496 576 etiam
508 537 616 583 logice
636 537 787 580 simplex.
813 539 862 570 Ad
878 536 1040 580 secundum
1059 536 1117 580 res·

246 594 380 634 pondeo:
406 591 465 624 ista
478 589 567 632 figna
581 588 916 632 syncategorematica
938 588 973 621 in
989 588 1044 622 sua
1061 599 1117 621 or-

250 642 375 676 dinaria
385 652 422 674 ac
433 639 490 673 fibi
502 637 611 672 debita
623 637 867 682 significatione
879 649 947 672 non
970 637 1115 671 include-

249 703 283 725 re
292 690 561 736 significationem
574 689 662 722 vocis
692 688 775 721 homo
787 714 797 730 ,
818 699 923 733 neque
936 687 1115 731 cujuscum-

248 752 311 785 que
331 740 462 775 alterius
494 739 743 783 categorematis
764 751 772 770 :
797 739 977 780 aliquando
1005 748 1115 773 tamen

247 791 388 835 supponi
416 801 473 833 pro
494 788 679 833 significato
702 789 793 822 vocis
819 788 901 822 bomo
926 814 936 830 ‚
969 797 1025 821 aut
1057 788 1114 821 ali-

248 841 340 883 cujns
361 839 492 875 alterius
516 839 766 883 categorematis
787 851 794 869 :
831 849 898 872 non
922 837 999 879 quia
1020 847 1116 871 voces

247 890 357 924 mixtae
380 891 473 932 sunt3
502 889 554 923 sed
566 889 640 931 quia
660 889 694 921 in
716 898 876 921 contextu
898 886 1061 921 orationis
1072 898 1113 921 ex

246 940 397 984 singulari
422 938 592 984 privilegio
626 936 667 970 ab
699 936 890 971 hominibus
922 948 1042 970 vocum
1077 948 1114 970 ac

248 990 426 1024 locutionis
452 990 514 1023 suae
540 987 730 1022 brevitatem
758 986 951 1021 venantibus
962 985 1114 1031 quando·-

247 1052 311 1084 que
323 1040 538 1075 mixtizantur
563 1049 601 1073 ac
628 1037 1001 1081 categorematizantur:
1026 1045 1060 1072 ut
1071 1038 1114 1069 di-

246 1096 281 1123 xi
303 1091 373 1123 dub.
399 1102 431 1126 2.
449 1089 520 1132 sec'l.
541 1099 576 1134 4.

296 1152 351 1186 51.
381 1144 469 1174 Petes
483 1138 630 1181 secundo:
654 1137 849 1185 Quotuplex
871 1137 908 1171 fit
921 1148 987 1171 vox
1002 1139 1115 1180 synca-

246 1191 502 1237 tegorematica?
527 1188 699 1231 Respondeo
720 1201 730 1224 ς
752 1198 866 1222 vocem
890 1189 1114 1232 syncategore-

244 1240 399 1273 maticam
416 1240 479 1273 effe
495 1239 589 1271 illam
603 1262 613 1278 ‚
634 1249 705 1281 quae
726 1238 773 1272 est
793 1237 939 1272 affestiva
961 1238 996 1272 &
1010 1237 1115 1272 modi-

243 1289 374 1323 ficativa
406 1286 662 1333 significationis
683 1288 771 1321 vocis
811 1290 1112 1332 categorematicae:

242 1339 392 1383 adeoque
401 1339 502 1372 varias
514 1337 602 1381 posse
614 1336 765 1381 assignari
780 1337 870 1371 illius
882 1338 1002 1382 species
1016 1362 1025 1370 .
1035 1338 1113 1371 Alia

241 1389 287 1422 est
302 1413 312 1429 ,
333 1400 406 1431 quae
425 1387 530 1433 magis
551 1397 626 1421 nata
647 1388 693 1420 est
718 1387 907 1422 modificare
928 1387 1111 1433 significati-

241 1446 342 1473 onem
354 1438 531 1482 praedicatI.
559 1437 683 1485 Qales
694 1437 768 1471 sunt
786 1437 938 1480 pleraque
949 1437 1110 1471 adverbia:

241 1499 272 1522 v.
284 1500 315 1534 g.
326 1488 547 1529 celeriter-‚dofle
558 1512 569 1528 ‚
580 1488 812 1530 bene,eleganter
822 1509 834 1526 ,
859 1488 917 1520 &a
932 1487 1111 1530 Huiusmo-

241 1538 276 1572 di
294 1540 381 1573 enim
401 1539 701 1582 syncategoremata
723 1546 882 1570 vocantur
902 1535 921 1569 ὲ
942 1536 1112 1572 Gramma·

231 1588 315 1622 ·ticis
325 1588 478 1623 adverbia
491 1601 498 1620 :
512 1588 552 1621 ee
560 1585 650 1631 quod
660 1586 853 1621 modificent
865 1611 874 1626 ,
885 1586 917 1620 ὅ(
927 1587 1014 1630 quali
1029 1587 1111 1622 adii-

236 1639 368 1673 ciantur
389 1640 423 1672 in
444 1646 607 1672 contextu
632 1637 792 1671 orationis
826 1636 867 1671 ad
900 1636 1110 1681 significatio·

230 1700 314 1723 -nem
331 1689 420 1723 verbi
444 1702 455 1722 .-
477 1688 529 1722 vel
550 1687 658 1732 potius
682 1687 723 1721 ad
744 1687 1018 1732 significationem
1041 1699 1108 1731 par-

236 1738 342 1784 ticipii
362 1739 414 1774 vel
434 1737 581 1782 expresse
603 1737 695 1781 pofiti
708 1762 719 1778 ‚
743 1739 792 1771 vel
817 1738 850 1770 in
864 1736 962 1771 verbo
983 1737 1108 1773 inclusi.

235 1789 389 1824 Dicimus
401 1789 511 1822 enim:
534 1798 625 1830 equus
636 1787 673 1827 est
685 1799 807 1821 currens
820 1788 953 1821 celeriter
963 1813 974 1829 ‚
999 1791 1108 1823 Petrus

235 1839 274 1880 est
284 1839 356 1873 bene
366 1839 481 1880 dorius,
495 1839 626 1880 loquitur
636 1839 803 1882 eleganter,
825 1838 882 1871 &a
911 1837 1019 1881 Atqui
1039 1851 1106 1883 pat-

226 1890 387 1933 ·ticipium
399 1887 564 1924 ordinarie
576 1888 610 1922 in
634 1898 793 1922 contextu
807 1888 968 1922 orationis
977 1889 1020 1923 est
1032 1901 1107 1933 prat:-

235 1937 381 1972 dicatum
401 1952 412 1971 .-
436 1948 516 1981 ergo
537 1937 688 1970 adverbia
709 1939 782 1970 sunt
804 1938 1106 1980 syncategoremata

223 1987 344 2033 ⁴tnagis
364 1997 440 2022 nata
460 1985 649 2021 modificare
672 1984 941 2029 fignificationem
956 1987 1104 2029 praedica-

235 2037 263 2071 ti
283 2061 292 2070 .
320 2037 399 2071 Alia
421 2035 467 2069 est
490 2059 501 2075 ‚
522 2047 592 2079 quae
613 2036 719 2079 magis
741 2046 818 2070 nata
837 2035 883 2069 est
915 2037 1105 2072 modificare

234 2087 510 2131 significationem
533 2084 682 2126 subjecti.
714 2084 817 2118 Tales
838 2086 911 2117 sunt
932 2086 1045 2119 omnia
1069 2088 1103 2119 fi-

231 2147 296 2182 gna
314 2134 647 2179 syncategorematica
661 2146 673 2166 .·
695 2132 774 2167 hinc
795 2133 884 2167 enim
908 2135 1102 2178 propofitior

230 2197 287 2221 nes
310 2185 467 2220 habentes
489 2183 695 2228 praedicatum
715 2184 828 2227 aliquo
839 2184 896 2217 tali
919 2184 1013 2229 signo
1034 2196 1101 2219 mo-

229 2236 401 2271 dificatum
414 2260 424 2275 ,
445 2245 472 2268 v.
483 2246 515 2278 g.
527 2233 595 2267 hae:
624 2236 731 2266 Petrus
741 2233 778 2272 ast
790 2235 890 2266 nullus
903 2244 995 2275 equus
1008 2257 1020 2274 ‚
1038 2247 1099 2268 om.

231 2291 280 2319 nis
290 2285 372 2318 bomo
393 2283 430 2323 est
454 2294 537 2316 omne
546 2282 673 2324 risibile,
697 2283 807 2315 vocari
829 2283 936 2316 solent
960 2286 1100 2326 proposi-

229 2336 339 2370 tiones
360 2334 502 2368 inusitati
524 2332 702 2366 sermonis.
729 2334 793 2374 Ego
816 2340 919 2368 tamen
929 2331 979 2365 boc
990 2334 1099 2366 limita-

200 2392 202 2395 ’
228 2398 292 2419 rem
303 2383 435 2428 adsigna
445 2381 650 2425 universalia:
674 2381 761 2425 signa
784 2382 904 2425 qu1ppe
925 2382 1098 2424 particula·-

227 2437 275 2469 ria
298 2445 365 2470 tam
387 2432 500 2468 usitate
524 2433 655 2476 possunt
680 2431 870 2465 modificare
890 2432 1095 2476 significatio-

226 2496 303 2519 nem
326 2483 488 2527 praedicati
513 2506 524 2522 ,
565 2492 662 2524 quam
689 2481 817 2523 subjecti
851 2495 859 2514 ι
897 2483 1096 2517 usitatissime

225 2535 345 2580 quippe
357 2533 514 2566 dicimus:
545 2533 653 2564 Petrus
664 2530 702 2570 est
711 2532 819 2573 aliquis
831 2529 913 2564 bomo
922 2555 932 2571 ,
945 2531 984 2571 est
1005 2535 1094 2574 quod-

225 2588 299 2619 dam
309 2584 443 2623 animal,
467 2581 506 2622 est
519 2582 643 2624 aliquod
650 2580 770 2622 album,
792 2582 850 2615 &aa
868 2581 947 2616 Alia
969 2583 1015 2615 est
1029 2593 1092 2617 ma-

223 2637 275 2682 gis
287 2645 361 2668 nata
375 2631 564 2666 modificare
574 2629 844 2675 significationem
865 2631 1005 2675 copulae.
1023 2631 1091 2667 Ta-

224 2689 271 2720 les
282 2686 355 2718 sunt
368 2681 432 2715 haec
444 2679 595 2714 adverbia
611 2694 621 2714 ι
630 2681 996 2725 neceffari3‚contingenter
1008 2706 1019 2722 ‚
1026 2682 1090 2725 pos-

219 2737 366 2779 fibrium,
388 2730 593 2772 impoffiblliter
616 2730 837 2772 ‚essentialium
854 2733 911 2765 &a
936 2743 1006 2776 quae
1016 2732 1091 2767 faci-

222 2796 282 2820 unt
295 2781 548 2827 propositionem
557 2782 619 2815 effe
634 2779 798 2814 medalem
811 2805 818 2812 .
844 2779 924 2815 >Alia
936 2782 981 2815 est
993 2781 1088 2818 indif-

222 2839 328 2873 ferens
339 2832 379 2869 ad
390 2830 645 2866 modificandam
658 2829 930 2874 significationem
940 2842 1008 2865 tam
1017 2843 1087 2875 prae-

223 2885 347 2924 dicati,
359 2893 457 2926 quam
469 2880 602 2925 subjeai
616 2904 624 2912 .
653 2879 754 2914 Tales
766 2881 840 2914 sunt
862 2891 977 2915 omnes
997 2883 1087 2917 casus

220 2934 350 2978 obliqui
374 2932 548 2967 nominum
562 2956 570 2964 .
595 2929 686 2965 Tam
708 2931 791 2964 reste
814 2931 904 2964 enim
923 2930 1084 2966 dicimus:

219 2987 294 3021 liber
304 2987 388 3017 Petri
408 2983 444 3023 est
456 2993 563 3015 aureus
573 3006 583 3022 ‚
605 2992 704 3026 quam
718 2984 828 3014 Petrus
840 2979 876 3020 est
879 2980 1020 3022 famulus
1026 2983 1057 3024 J
1059 2994 1084 3015 o-

219 3042 328 3070 anm’s.
353 3034 394 3067 Et
407 3033 492 3076 apud
505 3043 557 3066 me
574 3032 674 3066 etiam
686 3031 764 3065 talia
775 3032 849 3065 sunt
861 3032 975 3066 omnia
994 3031 1083 3076 figna

221 3083 553 3130 syncategorematica
566 3081 783 3126 particularia.

270 3147 326 3183 32.
338 3138 427 3166 Ratio
436 3137 516 3171 vera,
525 3144 583 3167 cur
594 3142 704 3178 putem
716 3132 747 3165 δι
761 3131 891 3165 afferam
903 3130 990 3174 signa
1001 3133 1080 3176 syn·

218 3185 489 3231 categorematica
507 3182 714 3226 particularia
736 3192 804 3215 tam
828 3181 980 3216 ordinate
1002 3206 1013 3223 ,
1038 3195 1076 3218 ac

217 3235 330 3272 usitate
349 3234 492 3266 construi
517 3244 591 3267 cum
612 3231 805 3276 praedicato,
830 3242 927 3275 quam
944 3243 1019 3267 cum
1034 3235 1078 3268 su-

217 3288 320 3330 bjecto
332 3309 343 3324 ‚
353 3282 391 3322 est
402 3281 464 3316 baec
476 3295 487 3315 .-
500 3283 587 3324 quia,
598 3291 633 3316 ut
645 3282 741 3316 habet
752 3281 954 3316 famoflffima
968 3284 1077 3328 regula

218 3339 302 3381 Juris
313 3359 323 3376 ,
332 3337 453 3366 tacitum
463 3334 540 3365 idem
550 3341 686 3374 operatur
698 3333 778 3374 quod
787 3332 946 3374 expressum
960 3344 967 3364 t
990 3334 1077 3369 unde

215 3388 325 3424 omnis
345 3395 434 3423 vox,
457 3394 523 3426 quae
536 3383 569 3415 in
592 3393 749 3417 contextu
765 3381 924 3417 orationis
945 3384 1077 3425 ponitur

213 3437 335 3473 tacite,
362 3431 466 3476 potest
492 3433 573 3475 poni
602 3432 768 3475 expresse,
793 3432 826 3466 &
854 3442 953 3467 omne
965 3433 1075 3476 synca-

314 3482 421 3523 Christ.
441 3483 520 3525 Lupi
531 3487 630 3526 Opera
641 3485 722 3516 Tom-
734 3485 807 3519 XII.

1932 121 2022 168 155

1183 186 1474 230 tegoremavpotest
1501 186 1592 220 istius
1617 192 1867 234 categorematis
1887 191 2051 237 significa·¹

1180 239 1306 273 tionem
1330 234 1520 270 modificare
1544 238 1708 280 expresse,
1734 242 1822 284 cujus
1833 241 2055 287 significatio-t

1180 296 1256 320 nem
1273 285 1442 325 modificat
1467 286 1585 320 tacite.
1614 287 1717 329 Atqui
1739 291 1829 333 signa
1853 295 2048 338 syncatego-

1179 335 1331 375 rematica
1346 337 1549 379 particularia
1560 335 1713 370 modifica
1721 348 1755 370 nt
1769 340 2045 383 significationem

1162 391 1165 426 ᾖ
1179 385 1413 428 quuscumque
1441 387 1608 430 praedicati
1623 388 1812 421 communis
1837 402 1900 425 tam
1923 392 2045 437 negati,

1162 428 1277 480 lquam
1303 436 1454 473 affirmati
1476 436 1593 472 tacite:
1616 448 1696 481 ergo
1707 436 1805 469 etiam
1819 438 2046 489 cujuscumque

1161 465 1339 529 lpraedicati
1372 487 1646 530 significationem
1695 488 1827 530 possunt
1860 492 2046 527 modificare

1178 535 1341 578 expresse:
1370 537 1498 580 possunt
1511 562 1521 578 ,
1545 538 1681 581 inquam
1693 560 1705 577 ,
1729 536 1920 576 modificare
1936 540 2046 576 usitate

1178 585 1212 624 ἀ
1236 586 1407 622 ordinate.
1447 589 1595 625 Probatur
1619 593 1731 622 minor:
1755 587 1831 632 quia
1853 589 2048 633 syncatego*

1175 647 1264 671 rema
1285 637 1563 681 significationem
1586 637 1767 681 praedicati,
1791 648 1847 672 aut
1868 638 2051 679 cujuscum-

1174 697 1238 730 que
1254 686 1387 726 alterius
1408 688 1657 732 categorematis
1676 688 1866 728 modificate
1883 689 1981 723 tacite
2001 688 2048 723 est

1175 738 1442 782 syncategorema
1476 749 1518 772 ex
1553 749 1642 782 parte
1677 738 1838 782 praedicati
1859 739 2048 774 subaudiri:

1174 788 1237 821 sive
1258 787 1302 826 est
1315 788 1592 832 significationem
1605 790 1916 834 syncategorematis
1927 790 2049 833 expres·

1174 837 1209 871 se
1229 848 1298 872 non
1321 838 1416 881 positi
1441 840 1475 873 in
1502 839 1675 882 praedicato
1700 839 1928 884 subintelligi,
1950 850 1987 874 ac
2010 840 2046 872 in

1174 887 1413 933 significatione
1425 888 1588 932 praedicati
1611 889 1753 925 includi.
1782 890 1887 933 Atqui
1912 891 1944 923 in
1954 889 2048 934 signi-

1176 938 1332 971 ficatione
1343 937 1572 983 cujuscumque
1584 940 1748 984 praedicati
1761 942 1948 975 communis
1961 964 1971 980 ‚
1980 951 2049 973 tam

1178 988 1289 1031 negati
1317 999 1415 1032 quam
1427 990 1601 1030 affirmati,
1629 989 1912 1035 subintelligitur,
1936 1002 1973 1027 ac
2000 990 2049 1024 in·

1176 1037 1320 1074 cluditur
1346 1037 1542 1086 significatio
1564 1064 1574 1079 ,
1614 1040 1662 1073 vis
1684 1064 1696 1080 ,
1721 1051 1758 1074 ac
1784 1039 1940 1083 emphafis
1966 1041 2049 1085 figni

1177 1089 1505 1132 syncategorematici
1538 1089 1739 1132 particularis
1764 1103 1772 1128 ;
1805 1101 1882 1134 ergo
1917 1091 2049 1135 fignum

1179 1138 1549 1183 syncategorematicum
1577 1139 1772 1182 particulare
1796 1138 1894 1178 tacite
1921 1140 2050 1175 modifi-

1177 1198 1228 1221 cat
1240 1188 1514 1232 significationem
1526 1189 1760 1232 cujuscumque
1783 1190 1945 1233 praedicati
1959 1201 2050 1230 com-

1178 1240 1306 1280 munis;
1335 1238 1482 1277 Probatur
1496 1244 1613 1273 minor.-
1632 1239 1712 1283 quia
1723 1238 1770 1273 hae
1794 1239 2048 1283 praedicationes:

1178 1291 1286 1328 Petrus
1304 1287 1343 1327 est
1364 1288 1470 1329 homo,
1496 1292 1604 1323 Petrus
1629 1289 1667 1330 est
1692 1291 1805 1332 aliquis
1826 1289 1909 1326 homo
1930 1315 1937 1322 .
1964 1290 2049 1325 Item

1176 1336 1245 1371 hae:
1270 1341 1376 1372 Petrus
1400 1350 1459 1374 non
1476 1339 1514 1380 est
1537 1351 1648 1387 equus,
1673 1343 1782 1373 Petrus
1796 1352 1854 1374 non
1878 1340 1915 1381 est
1936 1341 2049 1384 aliquIs

1152 1431 1155 1435 ⁴
1173 1398 1262 1430 equus
1284 1401 1292 1421 ε
1328 1389 1401 1423 sunt
1433 1389 1531 1433 plane
1572 1390 1754 1432 synonimae
1776 1415 1784 1423 .
1837 1391 1881 1424 Et
1916 1401 2051 1435 genera-

1174 1437 1246 1471 liter
1285 1440 1395 1473 0mnis
1432 1438 1617 1483 praedicatio
1668 1441 1820 1475 constans
1874 1441 2049 1484 praedicato

1173 1488 1342 1522 communi
1367 1489 1509 1524 solitarie
1531 1491 1664 1534 sumpto
1697 1492 1742 1524 est
1774 1490 1917 1525 omnino
1952 1492 2049 1533 syno-

1174 1539 1265 1571 nima
1304 1550 1381 1573 curn
1428 1539 1662 1581 praedicatione
1710 1541 1882 1574 constante
1929 1541 2047 1574 codem

1172 1586 1345 1630 praedicato
1379 1590 1549 1623 communi
1581 1601 1636 1633 per
1671 1591 2047 1634 syncategorematicum

1172 1638 1298 1682 signum
1325 1639 1518 1684 particulare
1564 1638 1760 1677 modificato
1785 1664 1793 1672 .
1829 1639 1934 1682 Atqui
1975 1651 2048 1682 prae-

1170 1687 1352 1722 dicationes
1379 1689 1559 1731 synonimae
1585 1690 1647 1724 esse
1673 1689 1794 1724 debent
1821 1688 1965 1733 ejusdem
1980 1691 2047 1733 pla-

1171 1749 1212 1772 ne
1225 1750 1281 1782 per
1294 1739 1408 1773 omnia
1425 1738 1692 1784 significationis:
1719 1750 1826 1784 neque
1854 1752 1919 1774 una
1938 1740 2044 1783 potest

1169 1787 1337 1823 includere
1359 1789 1487 1832 aliquid
1508 1790 1776 1835 significationis,
1793 1791 1883 1833 quod
1905 1801 1973 1824 non
1996 1791 2045 1823 in-

1167 1838 1317 1875 cludatur
1331 1840 1365 1874 in
1379 1839 1442 1875 alia
1455 1866 1463 1874 .
1495 1839 1601 1884 Atqui
1615 1841 1752 1875 ulterius
1765 1839 1949 1883 praedicatio
1960 1844 2044 1888 con,-

1170 1890 1254 1923 stans
1281 1890 1456 1933 praedicato
1481 1902 1537 1933 per
1550 1892 1815 1934 syncategorema
1843 1889 2041 1924 modificato

1167 1939 1311 1973 includit
1338 1940 1370 1972 in
1400 1940 1430 1973 se
1456 1940 1767 1985 syncategorematis
1794 1940 1885 1983 istius
1910 1940 2039 1986 signifi-r

1166 1989 1348 2023 cationem:
1375 1989 1526 2033 quaelibet
1553 1991 1695 2034 namque
1720 1989 1907 2034 praedicatio
1935 1991 2043 2026 inclu-

1166 2038 1214 2072 dit
1255 2037 1513 2081 fignificationes
1537 2040 1690 2072 omnium
1717 2051 1836 2075 vocum
1865 2041 1899 2080 in
1928 2041 1958 2076 se
1985 2053 2041 2076 ex·

1167 2085 1266 2128 presse
1279 2086 1454 2129 positarum
1467 2111 1474 2119 .
1506 2088 1595 2131 Ergo
1608 2089 1756 2122 similiter
1770 2090 1912 2132 ejusdem
1926 2092 2041 2134 synca-

1163 2136 1371 2181 tegorematis
1393 2136 1669 2180 fignificationem
1684 2138 1824 2172 includit
1848 2140 2039 2182 praedicatio

1163 2184 1316 2219 constans
1324 2185 1440 2219 eodem
1455 2185 1627 2230 praedicato
1646 2187 1787 2223 solitarie
1800 2190 1930 2233 sumpto
1947 2215 1954 2223 .
1967 2193 2038 2226 Pro-

1162 2235 1250 2268 batur
1263 2237 1379 2275 major:
1396 2237 1471 2278 quia
1482 2235 1544 2269 511ae
1557 2237 1800 2279 praedicationes
1813 2241 1886 2274 sunt
1899 2241 2038 2284 synoni-

1163 2295 1222 2317 mae
1232 2309 1242 2324 ,
1255 2295 1324 2327 quae
1335 2285 1486 2319 constant
1501 2285 1620 2319 eisdem
1636 2290 1789 2320 extremis
1800 2290 1917 2323 eodem
1930 2293 2034 2328 modo

1160 2336 1300 2376 acceptis
1315 2347 1322 2366 ι
1341 2334 1386 2367 hai
1397 2335 1488 2368 enim
1502 2335 1576 2368 ssint
1587 2334 1727 2378 ejusdem
1743 2337 1837 2380 plane
1851 2339 1934 2373 inter
1947 2342 1977 2374 se
1998 2343 2032 2376 si-

1159 2384 1402 2426 gnificationis.
1431 2384 1535 2428 Atqui
1561 2385 1824 2428 praedicationes,
1848 2388 1888 2422 de
1911 2390 2031 2429 quibus

1159 2432 1215 2466 hic
1238 2434 1388 2478 agimus,
1409 2435 1558 2469 constant
1569 2435 1687 2469 eisdem
1711 2438 1884 2479 extremis,
1901 2448 1936 2471 ut
1956 2439 2030 2483 sup-

1154 2489 1291 2523 ponimus
1307 2498 1318 2517 .-
1341 2485 1374 2518 &
1389 2483 1447 2518 ista
1461 2494 1604 2519 extrema
1617 2486 1733 2521 eodem
1746 2486 1847 2522 modo
1861 2488 2028 2532 accipiun-

1157 2543 1228 2566 tur.
1258 2533 1346 2579 Ergo
1369 2534 1433 2568 istae
1455 2535 1698 2578 pradicationes
1725 2538 1800 2571 sunt
1820 2539 2024 2580 synonimae.

1157 2583 1243 2616 Prob.
1254 2589 1326 2617 min.
1340 2585 1416 2628 quia
1425 2585 1447 2618 si
1461 2586 1525 2619 ista:
1536 2584 1780 2629 pradicationes
1794 2589 1914 2622 fuerint
1927 2601 2024 2636 nega-

1155 2633 1229 2667 tiva:
1250 2658 1261 2673 ,
1297 2634 1463 2677 praedicata
1491 2636 1665 2679 capiuntur
1711 2638 1899 2681 copulative
1936 2653 1943 2672 ε
1997 2643 2023 2676 fi

1156 2693 1234 2718 vero
1267 2685 1388 2718 fuerint
1404 2685 1602 2720 affirmativae
1641 2685 1832 2722 universales
1851 2711 1863 2728 ‚
1909 2691 2023 2733 praedi·

1153 2742 1224 2768 cata
1253 2737 1426 2778 capiuntur
1453 2735 1591 2770 confuse
1613 2748 1621 2768 :
1654 2735 1677 2768 si
1701 2748 1776 2771 vero
1794 2739 1915 2773 fuerint
1936 2741 2019 2775 affir-v

1153 2784 1283 2818 mativae
1304 2784 1500 2829 fingulares‚
1526 2785 1787 2826 velindefinitae‚
1810 2788 1860 2822 vel
1882 2789 2019 2832 particu÷

1153 2833 1252 2873 lares,
1283 2837 1455 2878 praedicata
1469 2837 1641 2879 capiuntur
1651 2836 1887 2872 determinate:
1909 2845 2019 2882 utipa-

1150 2883 1227 2916 tebit
1236 2895 1274 2918 ex
1285 2884 1371 2925 infra
1381 2885 1513 2919 dicendis
1525 2887 1562 2920 de
1567 2885 1718 2929 speciebus
1737 2895 1944 2930 acceptionum.
1958 2891 2015 2924 Er-

1148 2943 1195 2977 go
1208 2933 1274 2968 istae
1287 2936 1543 2979 praedicationes,
1554 2937 1595 2970 de
1610 2936 1730 2979 quibus
1740 2935 1922 2983 hicagitur,
1936 2942 2016 2974 seme

1129 3013 1135 3020 .
1148 2994 1203 3026 per
1213 2985 1365 3019 constant
1375 2985 1495 3020 eisdem
1508 2987 1661 3030 extremis
1673 2987 1789 3022 eodem
1813 2989 1915 3024 modo
1927 3002 2015 3025 acce·

1146 3034 1209 3075 ptis
1218 3059 1227 3067 .
1241 3043 1355 3070 Contra
1366 3035 1444 3069 bunc
1457 3034 1618 3079 discursum
1625 3038 1693 3078 fieri
1705 3040 1824 3079 quidem
1831 3041 1946 3082 possunt
1957 3042 2012 3074 ali·

1144 3095 1204 3125 qua
1213 3095 1389 3128 argumenta
1401 3098 1410 3125 ς
1426 3085 1483 3128 [ἑά
1496 3088 1550 3120 illa
1562 3086 1668 3127 differo
1682 3092 1716 3119 in
1726 3088 1819 3124 altum
1831 3091 1923 3124 locum
1938 3115 1949 3131 ‚
1961 3091 2010 3126 ubi

1125 3136 1126 3139 ’
1143 3135 1259 3178 regulas
1267 3134 1495 3180 suppofitionum
1507 3145 1653 3178 exponam
1664 3162 1672 3169 .

1178 3185 1246 3233 53.
1274 3188 1363 3219 netes
1375 3187 1488 3218 tertio.-
1517 3187 1573 3220 An
1586 3187 1701 3223 divisio
1722 3189 1811 3224 vocis
1823 3189 2009 3233 significati-

1142 3246 1186 3268 vae
1203 3234 1238 3269 in
1250 3246 1458 3280 categorema
1471 3235 1505 3269 &
1515 3237 1777 3282 syncategorema
1789 3239 2008 3285 sitadaequata?

1141 3284 1309 3329 Resp.neg.
1336 3284 1504 3318 Probatur:
1533 3286 1610 3329 quia
1629 3288 1745 3323 divisio
1768 3289 1937 3332 adaequata
1958 3293 2004 3326 est

1140 3334 1195 3368 illa
1215 3359 1225 3374 ‚
1248 3335 1282 3368 in
1305 3346 1368 3378 qua
1381 3334 1524 3370 membra
1537 3336 1719 3379 dividentia
1740 3339 1868 3374 nullum
1881 3339 2004 3376 habent

1139 3385 1283 3420 medium
1297 3386 1482 3429 negationis
1492 3385 1576 3420 intra
1587 3385 1778 3431 sphaeram&
1790 3389 2001 3426 latitudinem

1137 3434 1187 3470 sui
1197 3434 1307 3470 divisi:
1329 3436 1424 3480 atqui
1443 3445 1648 3482 categorema
1675 3439 1708 3474 δε
1729 3440 1998 3497 Γγησειῑεξοῐειῃῃ

1536 3489 1572 3523 Ο
1620 3498 1644 3524 2
1867 3497 1952 3523 intra
