2384 3770
794 193 799 196 .
842 152 927 198 Da
961 149 1105 197 Nm.
1143 145 1343 199 Arm-:t-
1380 152 1526 197 Loo.

270 234 323 271 oli:
338 233 482 279 receptio
505 237 676 282 fignificati
688 236 833 272 formalis
851 234 980 270 alterius
995 232 1086 268 vocis
1097 236 1162 269 su··

274 292 330 329 pta
351 286 403 325 se,
428 286 481 319 vel
502 288 594 330 supra
604 289 698 325 ,suum
710 287 948 331 significatum:
973 286 1065 328 atqui
1079 281 1146 318 haec

275 334 360 368 nihil
385 336 480 377 sunt,
505 348 564 372 nec
587 339 650 375 effe
669 337 797 380 possunt
823 333 934 374 aliud,
959 345 1056 378 quam
1079 345 1148 377 pro-

274 384 359 420 latio
380 385 516 421 duarum
538 397 655 423 vocum
677 396 752 420 cum
766 383 951 422 intentione
963 385 1143 431 significan·

274 436 333 475 di,
358 436 447 478 quod
469 437 683 482 significatum
703 434 839 469 formale
865 435 963 468 unius
990 434 1147 477 inexistat

274 484 369 519 alteri
392 487 488 526 voci,
516 486 568 520 vel
591 486 726 523 ⁴alterius
750 488 839 521 ,vocis
859 485 1064 529 fignificato:
1092 497 1146 529 per

274 535 368 569 istam
397 536 488 570 enirn
510 535 730 569 intentionem
757 535 879 569 dicitur
891 547 957 569 una
973 547 1040 571 vox
1054 536 1147 580 figni-

273 586 409 620 ficatum
429 587 520 619 suum
539 586 676 628 fonnale
695 587 786 629 supra
805 585 902 630 aliam
926 596 1048 631 ponere
1074 610 1086 627 ‚
1112 587 1146 620 &

273 635 337 669 alia
357 635 572 680 significatum
590 635 728 670 formale
751 636 882 670 alterius
899 636 989 678 supra
1011 637 1043 671 se
1069 635 1147 671 reci-

273 695 347 728 pere
373 708 381 716 .
408 683 498 728 Ergo
524 708 536 725 ‚
560 685 624 719 &c.
645 687 805 730 Adeoque
832 685 1009 730 appellatio
1029 710 1042 727 ,
1078 696 1145 720 tam

270 734 395 816 astfija,
420 745 518 784 quam
535 736 678 787 paffiva,
706 737 751 771 est
779 747 852 780 ,vera
879 737 968 771 vocis
995 737 1055 771 suae
1077 736 1145 793 sup-

271 795 315 830 po
329 794 390 819 itio
401 809 410 818 .

495 887 519 921 S
544 885 574 919 Ε
600 886 632 920 C
655 885 695 918 T
719 884 735 919 1
759 887 795 923 Ο
863 886 920 926 ΠΙ.

436 986 504 1019 Alia
529 985 666 1030 quaedam
691 986 730 1019 de
753 986 971 1037 appellation-

271 1093 324 1123 10-
457 1086 522 1132 Ria
542 1085 649 1120 adhuc
677 1087 844 1129 supersunt
867 1086 1002 1120 dubiola
1026 1110 1033 1117 .
1076 1088 1144 1130 prl-

469 1147 549 1170 mum
571 1137 610 1180 est
631 1150 638 1168 ε
667 1137 851 1183 Qomodo
872 1137 1048 1180 appellatio
1069 1137 1144 1169 acti-

269 1195 308 1218 va
333 1187 368 1220 &
393 1185 783 1232 paliivadistinguahtur?
808 1189 977 1227 Secundum
993 1186 1030 1226 est
1048 1200 1059 1219 .·
1089 1185 1142 1229 An

268 1237 446 1279 appellatio
466 1237 505 1271 sit
539 1237 714 1280 suppositio
738 1237 913 1280 personalis
935 1262 946 1277 ,
986 1236 1119 1279 simplex
1135 1260 1145 1276 ,

268 1286 321 1316 vel
352 1279 560 1328 materialis?
594 1290 728 1319 Terttum
760 1287 798 1325 est
828 1300 835 1319 :
870 1287 1056 1335 Qomodo
1079 1286 1142 1319 sese

267 1332 409 1368 habeant
432 1335 608 1382 appellatio
631 1336 664 1369 ὅ(
687 1337 884 1382 proppositio
903 1340 918 1376 ’;
955 1338 1008 1371 seu
1035 1335 1144 1379 praedi·

267 1384 386 1418 catio?
412 1387 461 1417 Ad
474 1391 607 1427 primum
628 1387 712 1418 dico:
740 1386 849 1422 Hasce
861 1386 1094 1431 appellationes
1107 1385 1140 1418 in

268 1433 378 1477 aliquo
401 1436 448 1469 sui
475 1436 602 1479 realiter
626 1435 783 1480 distingui
802 1462 812 1476 ‚
843 1437 876 1471 in
890 1436 1005 1480 aliquo
1017 1436 1142 1476 realiter

267 1483 483 1518 identificari.
510 1486 702 1529 Appellatio
728 1487 866 1530 quippe,
897 1497 933 1519 ut
958 1485 1023 1527 iam
1046 1485 1141 1525 dixi,

264 1533 349 1569 dicit
371 1533 461 1579 duo?
488 1535 641 1569 videlicet
666 1545 784 1569 vocum
809 1534 1003 1578 appellantis
1027 1535 1061 1568 &
1082 1547 1141 1578 ap-

265 1583 390 1626 pellata
410 1585 626 1627 prolationem
640 1610 650 1624 ,
676 1596 751 1622 cum
773 1580 912 1628 quadani
934 1582 1140 1637 significandi

267 1634 452 1668 intentione
464 1648 474 1667 :
503 1638 535 1668 in
550 1636 735 1678 prolatione
747 1636 873 1680 realiter
885 1635 1140 1679 distinguuntur3

267 1683 302 1716 in
321 1684 506 1730 interitione
528 1685 605 1718 vero
620 1684 826 1728 significandi
848 1686 978 1719 realiter
993 1683 1138 1719 identifiss

266 1743 400 1779 cantur.
426 1738 516 1780 Ratio
538 1734 576 1774 est
595 1736 691 1775 clara:
726 1735 816 1782 Qia
836 1734 1010 1779 appellatio
1026 1735 1141 1778 paffiva

265 1783 421 1828 importat
442 1784 660 1830 prolationem
687 1786 777 1831 vocis
802 1786 970 1828 appellaxae
994 1797 1008 1826 ‚·
1035 1785 1141 1827 appel-

262 1833 347 1867 latio
374 1832 449 1868 vero
486 1835 586 1869 aetiva
623 1835 779 1882 importat
806 1834 1022 1878 prolationem
1050 1835 1139 1878 vocis

262 1884 477 1927 appellantia:
505 1885 618 1927 atqui,
645 1885 723 1918 ficut
752 1896 817 1919 vox
843 1886 1011 1929 appellans
1031 1885 1140 1918 &vox

265 1934 427 1979 appellata
448 1933 601 1967 differunt
624 1935 751 1968 realiter
770 1958 781 1974 ‚
818 1936 864 1967 ita
899 1944 1029 1976 quoque
1054 1930 1140 1977 ἀῖὶῖε·

265 1991 343 2015 runt
370 1991 479 2025 earum
503 1982 722 2029 prolationes:
748 1994 828 2027 ergo
839 1995 880 2015 ex
894 1982 979 2024 parte
990 1982 1139 2024 prolatio·

266 2033 318 2064 nis
344 2029 392 2076 liae
418 2032 490 2066 duae
510 2032 745 2078 appellationes
756 2032 910 2074 differunt
924 2033 1068 2071 realiter.
1094 2033 1142 2063 sic

264 2087 354 2114 etlam
373 2088 450 2122 „rquo
461 2082 581 2114 alterlus
593 2081 629 2122 est
641 2083 740 2114 clara:
771 2082 860 2129 Qia
875 2082 1053 2126 appellatio
1065 2080 1140 2114 asti·

263 2140 304 2163 va
322 2129 403 2162 dicit
424 2130 642 2170 intentionem
668 2130 870 2173 fignificandi
883 2151 894 2172 ‚
920 2130 1008 2173 quod
1022 2128 1139 2173 fignifi—

261 2188 372 2214 catum
399 2178 536 2218 formale
563 2179 651 2223 vocis
689 2175 1061 2224 appellantis'inexistat
1088 2179 1138 2215 vel

263 2228 338 2263 voci
365 2229 530 2272 appellatae
555 2253 566 2268 ,
593 2229 643 2261 vel
669 2228 850 2274 significato
876 2228 974 2270 ejus3
1002 2229 1138 2271 appella-

263 2279 313 2311 tio
340 2278 417 2311 vero
449 2276 566 2321 paffiva
600 2277 682 2310 dicit
709 2277 930 2322 intentionem¹
956 2277 1135 2320 fignifican-

263 2326 321 2366 di,
346 2324 436 2373 quod¹
454 2326 537 2360 ‘voci
562 2326 730 2373 appellatae
752 2349 762 2364 ‚
792 2325 842 2359 vel
869 2325 937 2367 ejus
957 2325 1138 2369 significato

263 2375 415 2415 inexistat
440 2375 657 2422 significatum
671 2374 808 2408 formale
820 2376 909 2409 vocis
921 2375 1114 2418 appellantis
1130 2387 1136 2406 :

262 2426 352 2470 atqui
381 2426 428 2459 hae
452 2423 522 2459 duae
548 2425 754 2459 intentiones
775 2436 842 2457 non
857 2424 1136 2463 aliterdifferunt,

261 2487 359 2521 quam
387 2477 438 2509 via
460 2475 604 2509 Colonia
619 2475 832 2519 Moguntiam
846 2499 856 2514 ,
883 2475 917 2509 δε
931 2476 980 2508 via
994 2475 1136 2519 Mogun-

262 2527 307 2560 tia
328 2525 535 2568 Coloniam:
562 2536 640 2569 ergo
669 2525 716 2558 bae
742 2525 811 2559 duat
838 2526 1073 2568 appellationes
1103 2526 1136 2569 in>

260 2576 319 2610 ista
346 2576 532 2609 intentione
560 2587 628 2621 non
654 2572 904 2621 distinguuntur
929 2599 940 2614 ‚
966 2574 1021 2609 sed
1047 2575 1135 2608 reali·

263 2636 313 2661 ter
338 2625 601 2662 identificantur.
775 2628 778 2632 ⁴

315 2686 366 2711 11-
398 2673 452 2707 Ad
477 2675 655 2706 secundum
668 2674 848 2715 respondeo
860 2686 901 2714 eo
915 2674 1036 2714 modo,
1067 2686 1134 2717 quo

260 2723 412 2768 respondi
425 2721 558 2770 disp.17.
580 2722 620 2756 de
635 2722 885 2766 Ampliatione,
914 2724 1004 2762 Statu
1017 2726 1052 2758 &
1072 2725 1132 2758 Di·

260 2776 450 2819 strat‘lione.
478 2776 551 2818 Dico
569 2784 652 2816 ergo:
679 2772 783 2819 Qod
807 2773 863 2806 sub
890 2784 1052 2817 conceptu
1067 2775 1134 2816 Ap-

261 2825 396 2871 pellatio
423 2834 528 2867 neque
552 2823 588 2856 fit
616 2823 793 2869 suppositio
827 2822 960 2864 fimplex
980 2847 991 2864 ,
1032 2834 1134 2870 neque

260 2874 454 2918 materialis,
486 2884 589 2917 neque
616 2872 813 2916 personali33
841 2872 893 2908 sed
917 2872 961 2906 est
987 2873 1134 2919 quaedam·

261 2924 439 2968 suppositio
464 2923 482 2966 a
508 2923 611 2966 tribus
638 2923 702 2956 illis
723 2922 864 2967 diversa:
894 2933 928 2956 ut
944 2922 1074 2965 planum
1086 2924 1130 2957 est

259 2973 462 3015 examinanti
475 2967 672 3019 singularum
684 2973 890 3011 definitiones
906 2997 912 3004 .
941 2974 987 3006 At
1001 2972 1074 3005 vero
1087 2974 1129 3007 lo-

259 3025 393 3076 quendo
420 3034 516 3067 prout
533 3035 579 3057 res
596 3024 656 3056 sese
684 3022 778 3057 habet
802 3022 919 3066 aparte
931 3019 996 3062 rei,
1023 3023 1128 3066 appel-

260 3076 342 3110 latio
367 3072 541 3116 aliquando
559 3074 604 3107 est
615 3073 961 3116 suppositioffsimplex,
987 3073 1131 3115 aliquan·
1152 3090 1155 3093 ·

261 3125 307 3158 do
330 3122 528 3168 personalis,
551 3123 730 3169 aliquando
753 3123 943 3159 materialis2
975 3134 1128 3167 v.g.cum
1152 3124 1154 3126 ’

260 3175 337 3209 dico
363 3199 372 3215 ,
399 3179 490 3222 Romo
508 3173 546 3214 est
566 3175 682 3207 animal
702 3199 711 3212 ‚
741 3184 811 3214 tarn
832 3172 1007 3215 appellatio
1028 3175 1127 3209 astiva
1151 3210 1154 3219 ἶ

261 3225 351 3258 νοεῖς
368 3225 496 3262 animal,
526 3235 622 3272 quam
643 3225 759 3265 paffiva
774 3223 860 3256 vocis
873 3222 971 3262 bomo,
998 3222 1042 3257 est
1059 3226 1128 3267 sup-

261 3275 379 3318 politio
401 3273 592 3318 personalis.
620 3275 709 3309 Cum
725 3273 799 3307 dico
814 3298 823 3312 ‚
851 3272 1008 3316 BliHrtest
1018 3273 1126 3315 bliHri,

260 3335 398 3369 utraque
429 3322 605 3366 appellatio
632 3324 677 3357 est
710 3323 883 3367 suppositio
921 3324 1096 3359 materialis
1117 3350 1124 3357 .

260 3375 347 3409 Cum
372 3372 450 3413 vero
473 3373 550 3406 dico
576 3397 586 3412 ‚
617 3377 712 3416 Homo
731 3374 768 3413 est
784 3372 894 3416 speciei
913 3396 923 3411 ,
952 3374 1126 3416 appellatio

261 3424 375 3467 passiva
398 3422 530 3466 subjecti
553 3424 597 3456 est
621 3424 795 3467 suppositio
808 3422 967 3465 fimplex;
993 3425 1128 3466 appella-

260 3475 309 3515 tio
331 3471 407 3509 vero
427 3474 530 3510 afflva
550 3472 708 3518 praedicati
731 3474 773 3508 est
787 3471 961 3517 suppositio
982 3475 1125 3518 persona·

1205 235 1250 270 lis
1262 261 1270 269 .
1294 234 1384 269 Cum
1403 233 1479 268 vero
1496 231 1574 268 dicti
1586 258 1597 275 ‚
1621 239 1710 270 Homo
1732 238 1771 278 est
1790 250 1894 274 nomen
1907 264 1919 281 ,
1938 241 2083 285 rappella·

1207 285 1259 320 t-io
1282 283 1397 328 paffiya
1414 283 1548 327 ,subjefiii
1571 283 1618 318 est
1641 286 1818 330 ,suppositio
1833 291 2027 334 materialis3
2049 302 2083 328 at

1209 333 1286 375 yet-o
1301 334 1483 377 ¹appellatio
1515 335 1618 378 apstiva
1647 338 1814 381 ,praedicati
1836 341 1881 374 est
1903 342 2082 384 suppositio

1210 384 1382 429 personalis
1395 408 1402 416 .
1428 384 1512 430 Qae
1532 385 1652 420 omnia
1676 386 1762 419 clara
1782 389 1994 432 &manifesta
2005 393 2081 430 sunt

1205 447 1250 482 ex
1271 434 1364 468 diuis
1384 445 1456 469 tum
1477 433 1538 469 hac
1554 460 1565 476 ,
1588 443 1662 471 tum
1683 435 1910 479 disp.praeced.

1262 496 1314 522 12·
1343 486 1394 517 Ad
1413 485 1623 527 “mumdum
1649 483 1757 531 Qod
1769 487 1942 529 appellatio
1954 503 2083 536 compa·

1200 535 1271 570 -rari
1291 535 1390 578 poffit
1410 536 1462 569 vel
1485 547 1564 575 :cum
1576 535 1807 578 praedicatione
1819 536 1852 569 in
1865 547 1981 580 genere
1994 565 2005 579 ,
2031 543 2082 577 vel

1205 596 1286 631 ‚eum
1309 584 1535 629 praedicatione
1557 585 1749 626 affirmativa
1767 608 1781 630 ,›
1808 585 1858 626 vel
1878 598 1954 622 cum
1974 591 2078 631 praedi·

1207 636 1342 670 ,catione
1360 636 1529 680 negativa.
1554 635 1644 674 ,Cum
1665 635 1898 679 pradicatione
1923 638 2084 673 affirmati-

1211 697 1248 720 va
1263 683 1366 729 ¹*habet
1389 686 1422 722 se
1439 696 1478 729 ut
1500 686 1607 730 magis
1618 685 1823 727 communis:
1850 698 1927 721 nam
1951 687 2083 731 quidem

1180 740 1182 742 “
1209 736 1319 774 omnis
1338 735 1514 778 affirmatio
1531 735 1580 772 ⁴est
1600 735 1804 779 appellatio,
1831 748 1898 770 non
1927 747 2036 773 tamen
2064 738 2083 773 ὲ

1210 797 1324 820 contra
1345 785 1455 820 omnis
1469 785 1649 830 appellatio
1666 785 1714 827 est
1726 786 1900 830 affirmatio
1911 800 1922 820 :
1945 788 2083 831 appella·

1210 837 1319 871 tiones
1345 835 1465 880 quippe
1489 835 1558 870 fieri
1583 837 1713 879 possunt
1737 846 1806 873 non
1829 836 1935 883 soliim
1953 838 1989 871 in
2003 849 2082 881 prz-

1211 885 1432 920 dicationibus
1452 910 1464 927 ,
1499 886 1554 925 sed
1583 885 1687 929 'etiam
1709 886 1744 919 in
1766 887 1973 921 orationibus
1998 898 2082 922 non-

1154 978 1156 982 *
1210 937 1447 978 enuntiativi53
1474 946 1503 969 v.
1514 947 1548 981 g.
1569 947 1646 970 cum
1672 936 1772 976 dico,
1796 936 2005 978 flammatus,
2031 937 2081 972 bo-

1208 997 1256 1025 mo
1269 986 1391 1030 flodus,
1416 988 1532 1019 animal
1554 988 1700 1020 rationale
1714 1010 1725 1026 ,
1748 985 1781 1019 in
1795 986 1863 1021 istis
1872 987 2080 1031 orationibus

1209 1037 1335 1081 semper
1350 1034 1394 1070 est
1407 1037 1582 1080 appellatio
1594 1036 1682 1071 vocis
1695 1035 1882 1079 posterioris
1894 1038 1984 1080 supra
1997 1039 2081 1080 prio-

1210 1097 1295 1120 rem.
1323 1087 1410 1120 Cum
1433 1087 1662 1130 praedicatione
1687 1087 1839 1130 negativa
1866 1086 1965 1121 habet
1991 1089 2022 1123 se
2043 1097 2081 1123 ut

1210 1147 1420 1181 repugnans:
1451 1136 1539 1179 Nam
1559 1160 1571 1176 ‚
1596 1147 1632 1170 ut
1660 1134 1742 1169 mihi
1769 1137 1917 1175 videtur,
1942 1138 2083 1181 appella—

1209 1186 1258 1220 tio
1278 1187 1347 1232 fieri
1376 1187 1490 1229 nequit
1518 1186 1552 1221 in
1579 1185 1809 1233 praedicatione
1835 1187 1983 1230 negativa
2005 1201 2016 1221 .·
2045 1189 2080 1221 in

1211 1236 1462 1281 praedit-atione,
1488 1237 1622 1281 inquam
1646 1260 1657 1276 ,
1685 1236 1838 1279 negativa
1865 1237 1981 1282 nequit
2007 1247 2082 1279 prae·

1209 1288 1357 1321 dicatum
1380 1285 1541 1330 appellare
1567 1286 1660 1329 supra
1687 1285 1882 1329 subjectum.
1910 1289 2000 1329 Ratio
2021 1286 2076 1326 est:

1209 1337 1301 1384 Qia
1322 1336 1499 1380 appellatio
1524 1335 1571 1370 est
1608 1335 1783 1383 applicatio
1823 1336 1993 1379 significati
2021 1337 2084 1370 for-

1209 1389 1303 1422 malis
1340 1387 1437 1421 unius
1473 1386 1564 1421 vocis
1589 1386 1681 1430 supra
1708 1385 1925 1430 significatum
1952 1386 2084 1420 alterius

1209 1439 1298 1475 νοεῖς
1319 1449 1327 1469 :
1351 1438 1498 1479 adeoque
1525 1448 1604 1470 tunc
1631 1436 1836 1480 praedicatum
1861 1435 2001 1479 appellat
2028 1436 2083 1469 su·-

1208 1499 1263 1531 pra
1292 1486 1467 1532 subjestum
1493 1511 1504 1527 ‚
1540 1481 1675 1530 quando
1701 1486 1919 1530 fignificatum
1947 1486 2082 1519 formale

1209 1537 1371 1580 praedicati
1398 1536 1576 1579 applicatur
1594 1560 1604 1575 ,
1633 1538 1667 1569 δε
1696 1537 1829 1578 ponitur
1849 1536 1940 1578 supra
1963 1536 2085 1580 signifi-

1207 1597 1315 1620 catum
1342 1586 1492 1628 subjecti.
1522 1583 1626 1629 Atqui
1648 1585 1681 1616 in
1711 1584 1939 1627 praedicatione
1960 1585 2085 1628 negati·

1209 1648 1247 1675 va
1274 1636 1491 1681 fignificatum
1518 1634 1657 1669 formale
1670 1634 1833 1678 praedicati
1850 1645 1915 1666 non
1930 1635 2063 1678 ponitur
2075 1659 2085 1674 ,

1210 1698 1313 1730 neque
1342 1686 1522 1728 applicatur
1554 1686 1647 1726 supra
1682 1683 1899 1728 fignificatum
1923 1683 2085 1732 subjedii5

1210 1737 1261 1778 sed
1285 1735 1436 1775 tollitur,
1462 1746 1499 1767 ac
1522 1744 1706 1768 removetur
1732 1733 1772 1766 ab
1784 1745 1843 1767 eo:
1871 1733 1997 1777 ergoin
2012 1745 2085 1776 prae-

1209 1786 1375 1819 dicatione
1401 1783 1551 1828 negativa
1574 1784 1783 1827 praedicatum
1799 1785 1910 1826 nequit
1925 1782 2085 1826 appellare

1210 1837 1302 1879 supra
1326 1834 1518 1878 subjeflum.
1550 1835 1688 1867 Deinde.-
1717 1833 1833 1867 Unam
1865 1844 1978 1866 vocem
1993 1833 2084 1876 supra

1209 1886 1306 1919 aliam
1331 1884 1491 1929 appellare
1503 1884 1545 1916 est
1559 1895 1659 1917 unam
1675 1893 1786 1915 vocem
1800 1882 1978 1926 significare
1991 1884 2083 1927 suum

1209 1934 1347 1979 formale
1367 1933 1581 1976 fignificatum
1605 1931 1777 1965 inexissere
1797 1932 1847 1964 vel
1871 1931 1963 1965 alteri
1986 1933 2083 1974 voci,

1209 1983 1257 2016 vel
1283 1981 1462 2028 significato
1489 1982 1620 2022 alterius
1643 1983 1758 2016 vocis:
1797 1982 1884 2025 atqui
1916 1983 1949 2016 in
1975 1984 2083 2026 praedi-

1207 2030 1337 2066 catione
1351 2033 1500 2075 negativa
1518 2032 1722 2074 praedicatum
1737 2042 1804 2076 non
1817 2030 1974 2075 fignificat
1989 2034 2082 2066 suum

1209 2082 1347 2123 formale
1366 2081 1584 2124 fignificatum
1606 2082 1780 2125 inexistere
1810 2082 1952 2124 subjeAEio
1979 2094 1989 2123 ;
2029 2083 2082 2117 sed

1210 2130 1368 2174 significat
1393 2129 1475 2162 illud
1496 2128 1621 2173 abesse,
1647 2131 1681 2163 δε
1703 2140 1865 2163 remotum
1878 2131 2085 2175 effeasubje-

1210 2181 1262 2212 sto
1284 2191 1292 2211 ι
1328 2189 1407 2223 ergo
1430 2180 1463 2211 in
1501 2178 1728 2221 praedicatione
1759 2180 1910 2222 negativa
1930 2183 2085 2224 praedica·

1209 2240 1279 2262 turn
1303 2229 1414 2270 nequit
1436 2229 1597 2270 appellare
1619 2229 1711 2270 supra
1734 2230 1930 2271 subjeetum.

1214 2272 1216 2276 ’
1260 2288 1310 2323 ¹3·
1341 2276 1451 2316 Dico,
1480 2278 1685 2310 Praedicatum
1698 2283 1801 2318 nequir
1821 2280 1973 2321 appellare
1980 2280 2079 2324 supra)

1205 2325 1364 2367 fubjedlum
1389 2338 1396 2358 ε
1423 2326 1499 2368 quia
1524 2326 1557 2358 in
1581 2326 1810 2368 praedicanone
1832 2330 1984 2371 negativa
1997 2332 2083 2366 inter

1207 2387 1301 2420 voces
1319 2374 1459 2418 ejusdem
1486 2376 1622 2408 extremi
1650 2387 1714 2409 una
1738 2375 1841 2418 potest
1863 2377 2024 2420 appellare
2034 2382 2082 2413 su·

1206 2437 1258 2468 pra
1285 2426 1409 2467 aliam;
1436 2436 1504 2469 v,.g.
1519 2436 1595 2458 cum
1617 2424 1716 2465 dico,
1743 2427 1853 2459 Petrus
1876 2438 1933 2459 non
1945 2427 1983 2468 est
1995 2428 2078 2462 bomo

1202 2476 1290 2508 albus
1316 2500 1327 2518 ‚
1366 2487 1431 2509 vox
1454 2476 1538 2508 albus
1561 2476 1700 2518 appellat
1720 2476 1812 2518 supra
1836 2487 1952 2511 vocem
1973 2477 2077 2512 homo.

1202 2526 1285 2559 Item
1308 2536 1381 2558 cum
1405 2525 1503 2565 dico,
1531 2528 1638 2567 Equus
1666 2537 1721 2557 non
1732 2525 1769 2562 est
1781 2527 1897 2559 animal
1908 2529 2076 2568 rationale,

1202 2577 1251 2609 vel
1276 2575 1397 2620 Animal
1417 2576 1562 2609 rationale
1585 2586 1643 2607 non
1663 2574 1700 2613 est
1710 2586 1826 2618 equus,
1853 2588 1918 2610 vox
1931 2580 2077 2620 rationale

1200 2627 1337 2668 appellat
1362 2627 1455 2667 supra
1479 2634 1592 2665 vocem
1604 2625 1737 2669 animal.
1766 2626 1857 2660 Cum
1878 2638 1958 2671 ergo
1975 2628 2076 2669 dico,

1201 2676 1289 2719 quod
1313 2677 1345 2708 in
1370 2675 1597 2718 praedicatione
1612 2675 1761 2720 negativa
1778 2687 1918 2719 nequeat
1931 2678 2000 2711 fieri
2015 2690 2075 2721 ap-

1200 2725 1336 2771 pellatio
1359 2749 1369 2764 ,
1398 2735 1457 2758 nec
1479 2736 1544 2758 una
1567 2734 1631 2757 vox
1658 2724 1817 2768 appellare
1835 2727 1926 2767 supra
1947 2728 2073 2770 aliam;

1201 2775 1339 2820 intelligi
1362 2774 1457 2809 debet
1481 2774 1545 2808 hoc
1574 2775 1683 2808 sensu:
1712 2775 1750 2810 ln
1774 2774 2004 2818 praedicatione
2021 2789 2074 2810 ne-

1198 2827 1306 2875 gativa
1327 2824 1394 2858 dari
1418 2836 1485 2859 non
1511 2823 1614 2868 potest
1638 2820 1814 2868 appellatio
1839 2825 2000 2873 praedicati
2026 2828 2076 2860 su-

1199 2887 1252 2919 pra
1276 2875 1468 2917 subiestum.
1497 2874 1688 2917 Appellatio
1714 2874 1789 2908 vero
1800 2885 1986 2916 comparata
1996 2888 2072 2910 cum

1198 2925 1421 2968 praedicatione
1442 2926 1475 2959 in
1497 2924 1666 2960 communi
1684 2949 1695 2963 ‚
1720 2924 1766 2957 est
1799 2924 2074 2960 excedens&ex-

1197 2979 1277 3010 cesla
1300 2990 1311 3009 .·
1348 2975 1459 3009 multae
1489 2976 1611 3018 quippe
1636 2974 1870 3018 appellationes
1892 2987 1959 3008 non
1999 2977 2070 3009 sunt

1197 3026 1460 3068 praedicationes;
1486 3026 1518 3058 &
1529 3024 1547 3057 ἐ
1558 3034 1671 3061 contra
1686 3024 1794 3058 multae
1804 3025 2045 3068 praedicationes
2059 3051 2070 3066 ,

1195 3087 1311 3110 omnes
1334 3073 1485 3109 videlicet
1510 3074 1666 3119 negativae
1686 3098 1696 3114 ‚
1733 3085 1800 3107 non
1830 3076 1902 3108 sunt
1929 3076 2071 3118 appella-

1196 3126 1320 3167 tiones.
1352 3126 1404 3158 Ex
1430 3135 1496 3169 quo
1523 3123 1619 3162 habes
1641 3147 1651 3163 ,
1677 3124 1766 3167 quod
1792 3136 1894 3160 omne
1922 3123 2070 3168 praedica'-

1195 3186 1265 3209 tum
1305 3174 1541 3219 pradicationis
1579 3175 1777 3208 affirmativae
1807 3175 1843 3207 fit
1870 3186 1935 3209 vox
1962 3175 2068 3219 appel-

1177 3225 1294 3267 ·lans;
1333 3235 1432 3257 omne
1469 3222 1544 3257 vero
1580 3223 1646 3266 ejus
1683 3223 1858 3267 subjeetum
1892 3225 1930 3258 fit
1956 3235 2021 3259 vox
2049 3224 2066 3260 ὰ

1195 3275 1366 3319 praedicato
1392 3275 1455 3313 suo,
1469 3273 1629 3317 appellata
1641 3298 1648 3306 .

1246 3336 1297 3370 14.
1323 3325 1402 3358 Huc
1424 3324 1524 3367 usque
1535 3324 1575 3357 de
1587 3323 1978 3367 appellationiseffentia.
2006 3324 2071 3359 Di-

1193 3375 1330 3409 vifiones
1350 3373 1417 3415 ejus
1440 3373 1520 3418 fingi
1548 3374 1672 3416 poffent
1697 3375 1804 3408 variae:
1833 3373 1929 3408 unic'a
1942 3374 1988 3408 est
2010 3387 2068 3408 no-

1193 3425 1243 3459 bis
1267 3424 1437 3458 necessaria
1460 3449 1470 3463 ,
1508 3424 1541 3458 ὅ(
1565 3424 1598 3456 in
1622 3421 1740 3457 scholis
1763 3423 1857 3458 valde
1877 3424 2039 3458 ordinaria
2058 3449 2069 3464 ,

1191 3475 1256 3510 line
1281 3474 1374 3517 cujus
1400 3475 1536 3517 perfesta
1561 3474 1756 3518 cognitione
1780 3485 1822 3509 ne
1835 3472 2083 3530 Theologiatn¹

1976 3534 2025 3557 m-
