2384 3770
713 129 797 177 Da,
835 113 979 173 Dssrss
1007 126 1148 172 LOG.

256 215 511 255 minationibus.
538 212 640 260 Quod
651 213 747 249 etiam
761 216 794 249 in
823 223 964 257 quatuor
985 212 1058 245 aliis
1078 212 1130 246 de-

258 268 498 304 terminationis
509 264 672 309 speciebus
685 265 841 299 observa:
858 261 1041 296 nonenim
1054 273 1129 296 arn-

257 316 343 364 plius
354 317 459 352 dicam
475 342 482 349 .

307 378 364 415 55.
396 367 512 412 Aliqui
526 364 770 400 Alienationem
785 360 944 405 Logicam
956 373 1030 396 curn
1056 361 1130 396 Me·

257 419 411 462 taphora,
439 414 681 451 velCathacrefi
698 410 878 446 Rethorica
898 412 1128 452 confundunt,

254 467 409 503 motihac
420 471 565 502 ratione:
593 464 762 498 Alienatio
773 462 818 496 est
847 462 1018 496 translatio
1042 463 1131 496 vocis

256 519 497 563 significatione
523 513 649 559 propria
684 511 723 545 ad
745 513 884 548 alienam
910 523 917 543 ε
952 512 1042 556 atqui
1067 511 1130 546 hoc

255 569 360 612 ipsum
378 567 427 602 est
446 562 641 608 Metaphora
654 587 666 603 ,
686 563 719 597 δε
739 562 938 597 Cathacresis
973 576 985 596 :
1010 574 1090 607 ergo
1101 573 1129 596 a·

256 618 394 653 lienatio
417 615 543 660 Logica
567 613 654 648 idem
680 613 821 648 omnino
843 613 888 646 est
913 624 988 646 cum
1025 611 1129 646 Meta-

256 667 357 712 phora
372 691 384 706 ,
411 666 462 699 seu
490 662 672 698 Cathacrefi
686 688 693 696 .
722 664 783 697 Sed
791 670 894 696 errant
916 664 1015 707 longe.
1039 663 1129 710 Quia

256 715 450 760 Metaphora
473 716 506 749 &
536 712 737 748 Cathaetesis
757 724 825 747 nou
860 713 932 746 sunt
959 714 1067 755 Tropi
1095 724 1129 746 o-

256 766 411 806 rationis,
438 765 490 799 sed
502 765 674 799 dictionis:
697 763 730 797 id
742 763 787 796 est
798 787 811 802 ,
838 763 912 796 sunt
926 762 1033 805 Tropi
1045 785 1056 802 ,
1070 763 1127 806 qui

254 817 407 852 in'unica
429 814 572 849 dictione
591 812 792 857 reperiuntur
805 838 813 852 ,
843 823 880 846 ac
894 812 1107 854 subjeilantur
1120 834 1128 842 .

255 865 361 909 Atqui
372 865 530 900 alienatio
542 875 610 898 non
624 863 727 907 potest
748 862 877 905 reperiri
903 874 942 895 ac
963 861 1126 904 subjestati

255 917 290 951 in
304 915 400 950 unica
414 927 517 953 voce·.
537 914 588 948 sed
603 923 660 956 pto
685 913 743 945 suo
764 911 906 954 subjesto
922 911 1127 947 essentialiter

250 966 392 1009 >requirit
402 966 442 1000 ad
455 964 563 999 minus
573 962 652 997 duas
660 972 770 996 voces:
798 971 897 995 unam
910 972 980 1004 quae
992 961 1127 1001 alienet,

259 1015 359 1050 aliam
376 1026 439 1059 que
450 1014 607 1049 alienetur
618 1036 626 1045 .
655 1012 745 1056 Ergo
758 1010 926 1045 Alienatio
939 1023 1044 1054 neque
1055 1011 1126 1044 Me-

256 1065 414 1110 taphora,
443 1075 547 1108 neque
568 1062 766 1097 Cathaeresis
801 1062 863 1096 effe
895 1062 1026 1104 .potest;
1051 1061 1124 1095 licet

257 1115 409 1151 cumillis
420 1115 561 1159 aliquam
572 1111 816 1148 similitudinem
830 1109 1026 1147 habeat:tam
1038 1111 1125 1146 enim

258 1166 430 1200 Alienatio
443 1190 455 1206 ‚
474 1175 571 1207 quam
585 1161 780 1198 Cathacresis
792 1162 826 1196 &
839 1159 1034 1205 Metaphora
1053 1162 1125 1195 sunt

257 1216 349 1250 vocis
361 1217 378 1249 a
390 1216 518 1259 propria
529 1214 570 1248 ad
581 1212 852 1258 significationem
867 1213 1011 1246 alienam
1029 1213 1124 1246 trans·

255 1265 397 1308 portatio
410 1288 418 1296 .
447 1264 585 1297 Diverso
597 1274 706 1297 tamen
718 1263 819 1296 modo
833 1274 839 1293 :
856 1263 943 1296 Nam
955 1262 1126 1296 Alienatio

217 1331 219 1333 ·
255 1313 301 1348 est
315 1314 388 1348 talis
399 1312 628 1357 transportatio
640 1312 804 1346 mediante
817 1311 924 1354 aliqua
947 1323 1027 1345 voce
1050 1312 1125 1344 alie-

255 1374 380 1406 nante;
407 1374 439 1398 at
451 1362 528 1399 vero
538 1360 732 1405 Metaphora
745 1386 756 1402 ‚
781 1361 814 1395 &
837 1361 1038 1396 Cathacresis
1053 1363 1124 1394 sunt

254 1414 330 1448 talis
353 1413 584 1458 transportatio
603 1412 668 1447 fine
679 1411 858 1446 ministerio
880 1411 1016 1454 alicujus
1038 1412 1125 1446 vocis

255 1464 428 1497 alienantis
440 1487 448 1496 .
471 1464 512 1498 V.
525 1475 556 1508 g.
567 1474 642 1496 cum
654 1462 730 1496 dico
741 1486 751 1502 ‚
779 1464 879 1494 Prata
893 1464 993 1494 rident
1007 1485 1018 1500 ,
1028 1472 1118 1502 equus

253 1513 445 1555 adificatur,
467 1514 523 1546 &a
554 1512 617 1545 isiae
631 1521 727 1544 voces
750 1511 872 1548 rident,
897 1511 931 1543 <5
956 1510 1123 1552 ‘edificatur

246 1561 637 1605 vliabentMetriphoram,
663 1559 971 1602 autCathacresim;
999 1571 1124 1594 nonta-

253 1624 329 1648 men
341 1612 587 1647 Alienationem
601 1625 607 1644 z
619 1610 707 1658 Qia
723 1611 981 1654 transportantur
996 1610 1013 1643 ὲ
1027 1610 1123 1655 signi-

252 1663 408 1698 ficatione
417 1663 544 1707 propria
555 1662 594 1696 ad
606 1663 746 1695 alienam
759 1659 825 1693 fine
837 1659 1019 1694 ministerio
1031 1662 1123 1695 vocis

251 1712 442 1747 alienantis.
469 1712 557 1746 Nam
572 1722 634 1745 vox
643 1718 739 1752 prata
752 1733 762 1749 ,
789 1711 832 1749 &K
848 1720 911 1744 vox
935 1721 1046 1752 equus,
1071 1722 1120 1745 ne-

204 1770 213 1778 *
244 1773 413 1805 quaquam
438 1773 533 1797 voces
553 1762 734 1795 alienantes
759 1760 829 1793 sunt
857 1783 864 1790 .
892 1759 986 1793 Licet
1013 1771 1122 1794 tamen

244 1812 452 1847 Cathacresis
461 1836 474 1854 ,
495 1812 528 1845 δε
542 1808 737 1854 Metaphora
749 1820 816 1843 non
831 1809 893 1843 sint
918 1819 996 1849 verae
1007 1810 1123 1846 aliena-

248 1863 381 1901 tiones,
409 1863 483 1896 sunt
495 1871 603 1895 tamen
628 1871 707 1895 verae
731 1870 850 1895 vocum
864 1860 1098 1905 suppositiones
1114 1875 1125 1897 .·

252 1921 289 1946 ut
299 1911 392 1946 facile
403 1910 524 1956 patebit
535 1910 750 1946 consideranti
763 1934 770 1945 .

480 2011 502 2045 S
529 2009 558 2042 E
585 2010 615 2045 C
640 2008 678 2042 T
702 2008 718 2042 I
742 2010 777 2044 Ο
826 2009 910 2043 111.

399 2110 599 2151 Explicantur
618 2111 689 2141 aldae
710 2110 965 2141 determinationis

615 2157 724 2202 species
731 2180 739 2192 .

244 2259 304 2308 »56-
344 2258 446 2346 V
458 2261 515 2293 Ox
529 2257 724 2301 restringens
735 2255 780 2290 est
795 2266 862 2289 vox
873 2279 884 2294 ,
904 2266 975 2298 quae
999 2253 1116 2298 signifi-

475 2308 637 2341 cationem
650 2305 781 2339 alterius
794 2305 883 2338 vocis
894 2303 1060 2346 restringit
1085 2303 1117 2335 δε

249 2356 482 2397 limitatzldest
496 2369 507 2389 .·
531 2356 586 2388 Est
600 2367 685 2395 vox,
711 2365 781 2398 quae
804 2354 903 2387 aliam
930 2362 1043 2386 vocem
1061 2352 1115 2385 sibi

243 2408 433 2450 adjunctam
448 2406 596 2450 pauciora
609 2404 786 2449 significata
797 2401 915 2438 habere
927 2402 1020 2436 facit.
1037 2400 1115 2435 Vox

244 2458 387 2491 restriaa
398 2456 443 2492 est
463 2456 517 2490 illa
529 2480 539 2495 ,
553 2454 644 2497 cujus
652 2453 847 2499 significatio
858 2452 968 2487 abalia
982 2462 1062 2486 voce
1075 2463 1117 2485 re·

247 2508 418 2551 stringitur
428 2530 439 2547 ,
450 2505 482 2539 ἀ
497 2505 672 2538 limitatur.
688 2503 862 2538 Restristio
876 2503 952 2537 vero
964 2504 1007 2535 est
1020 2501 1113 2545 signi-

246 2556 409 2592 ficationis
422 2555 519 2590 unius
528 2555 619 2588 v'ocis
631 2564 686 2598 per
696 2553 793 2587 aliam
808 2564 920 2587 vocem
938 2554 1022 2586 faeta
1034 2551 1113 2584 limi-

245 2607 330 2642 tatio
345 2629 352 2638 ·
378 2607 462 2652 Qae
473 2629 483 2645 ,
495 2615 653 2646 quatenus
670 2603 701 2637 se
711 2613 799 2638 tenet
812 2614 852 2637 ex
866 2612 955 2647 parte
967 2603 1058 2635 vocis
1069 2612 1113 2634 re-

247 2657 434 2699 stringentis
445 2677 456 2693 ,
469 2663 601 2686 vocatur
611 2653 766 2688 restristio
781 2652 897 2695 passiva
911 2676 921 2686 .
932 2651 1051 2693 Estque
1065 2663 1113 2686 ve-

247 2718 280 2739 ra
294 2705 382 2739 vocis
393 2703 556 2746 utriusque
568 2701 753 2746 suppositio:
767 2702 814 2735 uti
824 2702 891 2743 jam
904 2702 974 2736 dixi
988 2703 1112 2745 aliquo-

247 2756 308 2789 ties
321 2779 332 2795 ,
343 2766 373 2788 v.
387 2765 418 2798 g.
431 2764 506 2787 cum
517 2752 594 2787 dico
606 2776 618 2792 ,
645 2754 750 2785 Petrus
761 2750 798 2791 est
811 2751 893 2784 homo
905 2751 990 2783 albus
1004 2774 1014 2790 ,
1028 2751 1065 2790 est
1080 2764 1118 2797 aq

238 2807 344 2839 nima!
349 2804 499 2837 rationale
510 2827 521 2844 ,
533 2804 590 2837 (vc.
601 2800 711 2836 Voces
724 2800 807 2833 homo
817 2825 827 2841 ‚
853 2802 887 2835 δι
908 2802 1022 2832 animal
1038 2801 1109 2835 sunt

246 2865 341 2889 voces
353 2854 494 2888 restristae
503 2878 514 2894 ,
525 2862 621 2886 voces
633 2850 709 2885 vero
719 2850 802 2884 albus
814 2874 825 2891 ,
836 2853 869 2884 (τ
880 2850 1023 2884 rationale
1037 2851 1110 2884 sunt

245 2916 342 2939 voces
353 2903 654 2948 restringetes2Nam
669 2901 940 2946 significationem
955 2899 1044 2933 vocis
1064 2899 1109 2933 ho·

244 2966 290 2988 mo
301 2953 539 2988 indifferentem
547 2952 587 2986 ad
599 2951 748 2986 homines
758 2950 849 2985 albos
860 2951 892 2985 ὅ(
905 2949 1108 2993 nigros‚item

244 3005 520 3049 significationem
542 3003 629 3037 vocis
652 3003 769 3035 animal
777 2999 1108 3044 comprehendentem

245 3065 314 3089 tam
333 3054 488 3089 animalia
510 3052 727 3091 irrationalia,
751 3062 848 3094 quam
861 3048 1032 3085 rationalia
1044 3061 1109 3090 ,re-

244 3104 407 3148 stringunt
419 3115 457 3138 ac
468 3103 612 3138 limitant
626 3101 666 3137 ad
681 3102 766 3136 solos
775 3100 926 3136 homines
945 3099 1059 3141 albos,
1071 3112 1107 3134 ac

245 3153 287 3188 ad
301 3155 365 3187 sola
379 3154 531 3188 animalia
541 3151 712 3188 rationalia
727 3177 735 3185 .

297 3214 351 3250 57.
380 3206 434 3236 Ex
445 3214 500 3245 quo
505 3211 591 3246 patet
603 3217 614 3236 .·
636 3201 738 3249 Qiod
751 3213 815 3242 vox
840 3199 1033 3245 restringens
1054 3199 1104 3235 ali-

244 3253 377 3296 quando
388 3251 425 3286 sit
437 3263 501 3287 vox
513 3254 589 3295 pure
599 3252 809 3287 accidentalis
829 3264 839 3287 ς
862 3250 1041 3294 aliquando
1059 3261 1105 3283 ve-

244 3302 282 3336 ro
297 3303 340 3337 est
356 3314 421 3336 vox
445 3302 627 3347 significans
651 3301 866 3337 differentiam
886 3300 1083 3334 essentialem
1097 3330 1104 3336 .

247 3354 292 3387 ita
303 3353 391 3386 enim
403 3352 440 3385 fit
453 3353 487 3386 in
500 3349 564 3385 hoc
571 3353 721 3396 exemplo
734 3376 744 3393 ‚
770 3358 861 3386 Homo
871 3350 907 3390 est
922 3351 1037 3383 animal
1057 3364 1105 3384 ra-

245 3404 369 3437 tionale.
400 3401 448 3435 Ibi
463 3413 527 3436 vox
540 3402 675 3437 restricta
689 3402 733 3437 est
745 3404 860 3434 animal
872 3425 883 3441 ,
895 3412 960 3434 vox
972 3400 1049 3434 vero
1060 3412 1104 3435 te·

247 3450 407 3496 stringens
417 3452 461 3487 est
474 3452 634 3492 rationale,
645 3463 713 3494 quae
721 3453 862 3494 respestu
877 3451 1025 3487 animalis
1037 3461 1105 3488 nou

341 3501 447 3543 christ.
462 3505 540 3546 Lupi
551 3506 649 3545 opera
660 3505 813 3538 Tomxu

1188 128 1269 174 Er.
1309 128 1469 172 SPEC.
1935 145 2039 189 253.

1190 213 1234 248 est
1250 223 1317 246 vox
1332 211 1408 255 pure
1430 208 1640 246 accidentalis
1661 237 1671 253 ‚
1689 225 1764 248 cum
1790 213 1951 260 significet
1971 215 2066 248 diffe-

1193 263 1329 298 rentiam
1357 261 1558 295 essentialem
1586 263 1734 297 animalis
1747 265 1912 299 divisivam
1928 290 1935 297 .
1964 266 2062 300 Erta-

1193 315 1231 347 lis
1256 323 1322 344 vox
1351 311 1515 344 ordinarie
1544 322 1611 344 non
1641 323 1771 346 vocatur
1782 316 1925 358 generali
1955 316 2060 349 nomi-

1192 375 1231 396 ne
1244 372 1310 394 vox
1321 360 1534 405 restringens3
1563 359 1614 395 sed
1630 371 1763 395 vocatur
1775 375 1839 397 vox
1852 366 2055 407 specificans:

1190 414 1222 446 &
1236 423 1301 444 vox
1318 422 1372 453 per
1385 411 1542 454 perillam
1558 411 1693 444 restriaa
1709 422 1839 445 vocatur
1853 426 1914 448 vox
1936 416 2058 458 specifi-

1190 472 1282 500 cata,
1309 461 1431 504 istaque
1444 460 1599 495 restristio
1614 471 1744 495 vocatur
1766 463 1863 494 atiiva
1889 464 1921 496 ὃ(
1942 465 2058 507 pafliva

1191 511 1387 555 specificatio
1405 536 1411 543 .
1455 511 1660 554 Specificatio
1689 511 1787 545 aestiva
1816 512 1859 544 est
1884 513 2058 555 suppositio

1190 563 1335 605 quaedam
1349 562 1436 595 vocis
1448 561 1656 606 significantis
1668 585 1679 601 ,
1707 561 1821 604 passiva
1835 561 1910 593 veto
1921 561 1965 594 est
1990 565 2058 606 sup-

1191 612 1306 656 positio
1322 611 1411 645 vocis
1423 611 1628 654 specificatae:
1656 611 1704 644 uti
1716 611 1778 653 jam
1792 611 1861 644 dixi
1876 610 2056 653 aliquoties.

1241 658 1294 708 58.
1323 661 1403 695 Vox
1416 661 1574 704 amplians
1586 661 1629 694 est
1643 673 1707 695 vox
1721 661 1990 705 significationem
2016 662 2061 694 al-

1189 714 1286 746 terius
1300 712 1386 745 vocis
1397 710 1573 745 extendens
1585 712 1617 745 ἀ
1632 710 1823 755 ampliorem
1836 712 1976 753 faciens;
1994 722 2058 745 vox

1189 761 1262 794 vero
1275 762 1430 804 ampliata
1442 762 1485 795 est
1503 774 1568 796 vox
1583 785 1592 800 ,
1618 761 1709 805 cujus
1721 760 1914 806 significatio
1934 759 1974 794 ab
1996 760 2058 794 alia

1191 823 1270 845 voce
1281 811 1452 854 ampliatur
1464 836 1474 852 ,
1486 812 1519 846 ὅ(
1529 812 1715 845 extenditur
1726 825 1736 845 .·
1764 810 1938 854 ampliatio
1949 820 2056 845 autern

1188 862 1231 895 est
1245 862 1491 905 significationis
1506 863 1600 895 unius
1614 863 1699 896 vocis
1713 873 1766 904 per
1777 862 1872 894 aliam
1887 872 2000 894 vocem
2013 860 2057 894 fa-

1170 923 1243 966 icta
1265 913 1407 945 extensio
1422 912 1453 945 δε
1465 910 1657 955 ampliatio.
1686 911 1872 954 Ampliatio
1884 911 1986 945 astiva
2009 910 2055 944 est

1190 961 1363 1005 suppositio
1380 962 1469 994 vocis
1483 961 1668 1009 ampliantis
1680 986 1690 1001 ,
1704 961 1819 1005 passiva
1831 961 1906 995 vero
1926 962 1969 995 est
1985 962 2056 1004 sup-

1169 1031 1173 1059 ς
1188 1012 1306 1054 positio
1318 1010 1405 1046 vocis
1419 1012 1578 1056 ampliatae
1589 1035 1596 1043 .
1625 1011 1665 1045 V.
1677 1023 1708 1056 g.
1736 1023 1812 1045 cum
1846 1010 1942 1051 dico,
1967 1014 2054 1044 Mons

1170 1061 1172 1099 ξ
1182 1060 1242 1103 fine
1252 1062 1333 1094 valle
1348 1061 1383 1101 est
1398 1073 1479 1093 mons
1492 1061 1703 1105 imaginabilis‚
1715 1062 1759 1095 ibi
1772 1073 1837 1095 vox
1851 1061 2056 1104 imaginabili]-

1170 1123 1172 1141 =
1188 1111 1321 1154 ampliat
1336 1123 1448 1144 vocem
1465 1115 1548 1143 Mons
1566 1125 1576 1144 .·
1603 1112 1691 1145 Nam
1710 1123 1774 1145 vox
1784 1123 1866 1145 mons
1879 1112 1911 1144 in
1926 1113 1979 1145 sua
1992 1104 2067 1146 ori?

1168 1152 1172 1211 Ξ
1188 1161 1313 1208 ginaria
1326 1161 1561 1205 significatione
1571 1160 1818 1204 comprehendit
1830 1160 1915 1194 solos
1925 1171 2055 1195 montes

1188 1213 1355 1254 praesentes
1368 1236 1377 1252 ‚
1399 1211 1576 1254 praeteritos
1590 1234 1600 1250 ‚
1626 1212 1750 1245 futuros
1773 1235 1783 1250 ,
1811 1222 1848 1244 ac
1867 1210 2055 1252 possibiles3

1188 1273 1220 1296 at
1236 1263 1313 1295 vero
1324 1262 1342 1294 a
1356 1272 1434 1296 voce
1446 1261 1648 1305 imaginabili]
1660 1261 1844 1294 extenditur
1856 1260 1895 1293 ad
1908 1261 2007 1293 etiam
2020 1260 2056 1292 si-

1167 1294 1392 1357 fgnificandos
1404 1310 1775 1355 montesimpoffibiles‚
1802 1321 1838 1345 ac
1863 1310 1940 1352 pure
1962 1309 2057 1354 fingi-

1167 1361 1266 1403 ibiles
1289 1361 1577 1406 &imaginabiles.
1605 1361 1653 1396 Ita
1681 1360 1810 1405 quidem
1837 1358 2057 1393 diciturcom·

1167 1404 1346 1446 ³1nuniter:
1375 1412 1431 1455 qui
1445 1422 1554 1446 tamen
1583 1411 1702 1445 diceret
1730 1421 1843 1444 vocem
1871 1403 2058 1443 Monsivo·

1167 1452 1169 1466 '
1186 1473 1223 1495 ce
1238 1462 1440 1506 imaginabilis
1453 1474 1519 1496 non
1533 1462 1702 1505 ampliari,
1733 1462 1784 1495 sed
1799 1460 1931 1494 alienari
1944 1485 1954 1499 ,
1980 1471 2056 1494 meo

1165 1512 1315 1554 3Judicio
1339 1511 1460 1545 diceret
1487 1511 1588 1555 longe
1617 1511 1755 1551 melius,
1783 1510 1817 1545 ὅ(
1843 1509 1966 1543 verius.
1993 1507 2068 1559 Sed(¹

1166 1563 1218 1596 :in
1246 1572 1278 1594 re
1305 1562 1392 1596 futili
1421 1561 1500 1593 nolo
1526 1562 1587 1594 effe
1614 1561 1765 1603 longior:
1792 1560 1945 1601 relinquo
1970 1559 2059 1600 idju-

1166 1611 1298 1663 {dicim
1321 1611 1354 1646 ὅ(
1380 1609 1566 1643 discussioni
1595 1609 1748 1651 providi,
1774 1619 1811 1641 ac
1838 1608 1954 1641 curiosi
1981 1608 2070 1653 Lecy

1165 1671 1285 1697 itoris.

1166 1699 1352 1753 {ampliatio
1378 1719 1561 1753 temporum
1578 1735 1587 1752 ‚
1614 1709 1666 1742 sed
1689 1707 1860 1751 ampliatio
1883 1708 2060 1749 supposito-

1166 1755 1279 1802 {rum3
1307 1769 1342 1793 ut
1365 1759 1488 1794 clarum
1511 1758 1555 1793 est
1581 1758 1783 1803 intelligenti
1810 1758 1981 1791 terminos.
2070 1764 2072 1768 ’

1354 1659 1489 1702 uidquid
1502 1658 1580 1703 ergo
1593 1657 1629 1691 fit
1639 1683 1649 1698 ‚
1671 1657 1737 1692 haec
1750 1657 1920 1700 ampliatio
1932 1669 1999 1691 non
2013 1658 2058 1691 est

1242 1821 1294 1857 59.
1323 1809 1402 1844 Vox
1427 1809 1606 1853 explanans
1628 1807 1790 1843 ordinarie
1807 1807 1979 1841 adhibetur
2006 1814 2074 1841 vos·

1186 1860 1277 1896 cibus
1287 1862 1457 1904 aequivocis
1476 1884 1485 1900 ,
1504 1860 1538 1894 &
1559 1858 1854 1903 amphibologicis,
1882 1856 1996 1891 dubias
2023 1870 2061 1891 ac

1166 1920 1169 1948 ζ
1185 1911 1355 1952 disparatas
1370 1910 1563 1953 principales
1573 1907 1824 1952 significationes
1849 1907 2060 1942 habentibus.

1167 1953 1347 2006 fNihilque
1373 1959 1417 1993 est
1441 1958 1551 1999 aliud,
1580 1970 1677 2003 quam
1706 1969 1770 1992 vox
1796 1957 1930 1992 dubiam
1943 1970 1978 1992 ac
1993 1970 2059 1992 am-

1166 2007 1319 2055 fbiguam
1343 2009 1487 2044 alterius
1515 2009 1606 2043 vocis
1645 2009 1917 2053 fignificationem
1952 2009 2060 2052 expla-

1166 2065 1284 2101 1nans;
1313 2070 1380 2093 vox
1401 2060 1574 2101 explanata
1595 2059 1639 2092 est
1674 2070 1737 2092 vox
1753 2083 1763 2098 ,
1789 2059 1881 2101 cujus
1901 2059 2000 2092 dubia
2024 2060 2059 2093 &

1165 2095 1338 2150 lambigua
1360 2107 1555 2149 significatio
1577 2119 1630 2149 per
1642 2108 1739 2141 aliam
1770 2119 1882 2141 vocem
1905 2109 2061 2151 explana-

1164 2158 1254 2211 'turz
1282 2156 1470 2199 explanatio
1494 2154 1538 2188 est
1563 2155 1669 2189 dubiae
1687 2157 1933 2200 significationis
1958 2160 2059 2192 alicu·

1164 2206 1231 2248 {jus
1253 2207 1342 2239 vocis
1366 2217 1420 2248 per
1443 2205 1540 2238 aliam
1565 2217 1680 2240 vocem
1697 2207 1891 2249 explicatio.
1922 2207 1999 2242 Alia
2011 2209 2058 2242 est

1163 2248 1283 2287 laetiva
1298 2278 1308 2293 ,
1335 2256 1398 2288 alia
1420 2254 1558 2297 paffiva:
1586 2256 1689 2287 activa
1711 2257 1753 2288 est
1777 2258 1951 2299 suppositio
1966 2259 2056 2292 vocis

1163 2289 1393 2346 ’explanantis
1421 2327 1432 2342 ,
1459 2303 1575 2345 passiva
1601 2304 1676 2335 vero
1696 2303 1741 2336 est
1766 2305 1943 2346 suppositio
1967 2310 2056 2342 vocis

1180 2354 1375 2399 explanatae.
1404 2353 1447 2386 V.
1460 2363 1489 2396 g.
1502 2362 1576 2384 cum
1590 2352 1666 2386 dico
1682 2375 1692 2391 ,
1720 2355 1840 2394 Lupum
1862 2354 1973 2397 piscem
1996 2367 2056 2390 non

1179 2403 1260 2435 vidit
1273 2403 1364 2436 Italia
1376 2425 1383 2433 .
1415 2406 1533 2444 Lupum
1545 2402 1706 2442 terrestrem
1717 2404 1840 2436 oderunt
1852 2415 1922 2437 oves
1936 2430 1947 2446 ,
1968 2412 2055 2440 canis

1179 2453 1324 2493 terrestris
1347 2451 1386 2494 est
1396 2454 1513 2486 animal
1531 2451 1712 2492 domesticum
1736 2478 1746 2493 ,
1780 2456 1837 2487 (τε.
1858 2455 1924 2488 lssae
1957 2467 2053 2490 voc-es

1180 2506 1282 2545 Lupus
1296 2527 1306 2542 ,
1331 2504 1366 2537 ἀ
1387 2507 1469 2536 canis
1496 2504 1567 2535 sunt
1593 2514 1687 2536 voces
1710 2503 1888 2546 explanatae
1908 2517 1917 2548 ;
1954 2517 2052 2540 voces

1178 2554 1252 2587 vero
1270 2551 1405 2596 piscem,
1428 2552 1612 2592 terrestrem,
1639 2553 1829 2588 &terrestris
1858 2555 1928 2590 sunt
1955 2567 2050 2591 voces

1176 2602 1404 2646 explanantes.
1432 2602 1553 2635 Nescio
1565 2613 1696 2643 tamen,-
1723 2614 1779 2636 cut
1801 2616 1859 2648 pro
1880 2606 2048 2640 ordinario

1175 2650 1289 2687 harum
1304 2664 1423 2686 vocum
1436 2652 1586 2695 exemplo
1594 2653 1740 2686 adferant
1751 2651 1815 2687 hoc
1840 2655 2049 2698 splendidum

1177 2702 1382 2737 mendacium
1394 2726 1405 2742 ‚
1433 2705 1551 2744 Lupum
1559 2702 1670 2746 piscem
1685 2714 1744 2736 non
1755 2705 1836 2736 vidit
1847 2706 1940 2738 ltalia
1951 2718 1962 2738 :
1971 2718 2049 2741 cum

1174 2753 1287 2796 lupum
1326 2754 1443 2795 piscem
1472 2763 1537 2785 tani
1557 2754 1759 2797 frequentem
1782 2752 1922 2788 habeant
1946 2754 2048 2797 Itali,

1174 2794 1466 2847 quam'habeamus
1489 2813 1549 2835 nos
1571 2802 1744 2837 Germani.

1223 2857 1282 2888 60.
1302 2852 1381 2887 Vox
1392 2851 1577 2886 diminuens
1590 2852 1635 2886 est
1648 2853 1702 2886 illa
1718 2877 1730 2893 ,
1758 2865 1830 2898 quae
1853 2854 2046 2898 significati*-

1174 2914 1272 2938 onem
1298 2902 1428 2937 alterius
1451 2903 1539 2935 vocis
1557 2901 1713 2937 diminuit
1731 2928 1744 2944 ‚
1782 2905 1815 2938 δε
1838 2903 2047 2940 solummodo

1174 2951 1350 2987 secundum
1368 2952 1445 2996 quid
1462 2952 1630 2993 attribuit·,
1661 2964 1727 2988 vox
1739 2951 1900 2988 diminuta
1913 2955 1958 2988 est
1973 2954 2044 2996 illa,

1172 3003 1261 3046 cujus
1292 3002 1491 3037 diminuitur
1515 3026 1526 3042 ,
1559 3003 1591 3035 ἀ
1628 3003 1836 3038 solummodo
1867 3005 2045 3039 secundum

1173 3055 1250 3097 quid
1273 3053 1444 3087 attributio
1467 3064 1474 3085 ε
1515 3052 1694 3087 diminutio
1716 3055 1792 3087 vero
1812 3054 1856 3088 est
1880 3055 2045 3099 significa·-

1174 3103 1262 3138 tioni'
1308 3103 1445 3145 alicujus
1483 3103 1571 3135 vocis
1618 3102 1826 3138 solummodo
1867 3105 2045 3141 secundum

1172 3152 1250 3198 quid
1277 3152 1448 3186 attributio
1472 3177 1478 3184 .
1522 3151 1599 3186 Alia
1625 3153 1669 3186 est
1697 3154 1798 3188 astiva
1823 3178 1835 3193 ,
1864 3155 1927 3189 alia
1954 3155 2045 3199 paffi·

1172 3216 1228 3238 va:
1259 3202 1326 3236 haec
1353 3202 1398 3235 est
1427 3202 1600 3244 suppositio
1631 3203 1720 3237 vocis
1741 3203 1968 3239 diminuentis.
1998 3204 2041 3240 V.

1170 3265 1199 3297 g.
1225 3264 1299 3287 cum
1322 3252 1399 3284 dico
1412 3274 1423 3290 ‚
1436 3250 1581 3293 AEtbiops
1605 3251 1642 3291 est
1663 3253 1748 3286 albus
1755 3253 1915 3296 secundam
1926 3255 2043 3296 dentes,

1173 3304 1286 3345 aliquos
1303 3304 1466 3334 Germanus
1480 3301 1518 3342 est
1532 3308 1613 3345 niger
1622 3301 1779 3345 secundam
1790 3306 1910 3346 capillos
1920 3329 1930 3346 ,
1945 3315 2043 3339 voces

1171 3353 1258 3386 albus
1274 3376 1284 3392 ‚
1294 3353 1327 3385 ὦ·
1340 3357 1421 3394 niger
1434 3349 1680 3386 diminuuntur:
1711 3354 1785 3396 quia
1798 3364 1907 3388 earum
1924 3354 2043 3398 signifi-

1173 3404 1261 3436 catio
1274 3413 1339 3435 non
1355 3399 1527 3444 impliciter
1539 3425 1549 3440 ,
1572 3402 1625 3435 sed
1638 3402 2039 3447 solummodogsecundtim

1174 3452 1253 3499 quid
1263 3450 1418 3497 AEthiopi
1430 3450 1633 3485 &Germano
1644 3452 1886 3490 attribuiturAt
1899 3453 1977 3489 vero
1990 3463 2043 3486 vo-

1561 3501 1595 3534 Y
1643 3513 1664 3549 3
1942 3511 1994 3535 ces
