2384 3770
415 96 507 143 118
845 96 1213 146 Dlspur.

369 182 479 210 tamen
501 174 574 210 adiu
599 172 726 208 nihili
706 174 906 225 significare.

365 323 630 362 tiaminformare
631 327 794 365 ‚fiet-amen
810 330 885 363 astu
894 341 962 363 non
979 330 1168 375 significare.
1179 330 1244 364 Ta-

932 178 1097 227 Qaedam
1118 191 1193 214 vero
1214 179 1249 212 si·

366 235 432 269 gna
445 221 661 269 Ροιςὶπιαιιις
674 228 730 262 cui
743 226 929 274 significant
944 230 1159 270 informantia
1174 231 1247 264 sunt

366 274 470 317 talia,
495 284 530 308 ut
551 273 700 318 implicet
726 278 1028 313 contradictionem
1049 280 1107 314 illa
1131 289 1246 323 poten-

1285 97 1752 146 1V Dun.1.

1308 180 1412 214 etiam
1433 178 1469 214 in
1491 189 1624 227 genere
1634 179 1784 215 formalis
1803 182 1915 217 cauffae
1934 182 2115 230 significare
2126 182 2191 221 de·-

1309 230 1388 269 bet.
1415 230 1482 265 His
1508 230 1617 274 Positis

1358 280 1510 327 4..Resp
1529 282 1641 316 &dico
1656 283 1779 324 primo:
1803 281 1927 319 omissis
1936 281 2184 321 definitionibus

1305 290 1493 365 cassianus
1501 333 1651 376 AEgydz't,
1678 331 1754 375 Ego
1776 330 1882 364 haeci
1862 332 1976 376 figna,
2001 334 2043 367 de
2064 333 2183 378 quibus

363 373 416 409 lia·
428 375 502 410 sunt
527 386 639 415 omnes
680 378 799 421 species
823 377 1006 422 expressae',
1035 381 1097 415 sive
1129 391 1245 417 omnes
1305 377 1362 417 hic
1384 382 1489 414 sermo
1505 382 1574 422 est,
1596 381 1637 415 sic
1654 380 1793 416 definire
1805 381 1919 417 ioleo
1939 382 2052 429 signum
2063 384 2180 426 forma-

359 424 589 482 cognitiones·
621 426 964 470 scilicetintellectio,
991 430 1071 466 vilio
1085 430 1243 473 ‚auditio‚

362 475 578 519 imaginatio,
601 477 766 523 gustat-io,
777 479 911 523 aliaeque
923 491 1057 515 omnes.
1091 485 1180 514 Ratio
1193 480 1240 521 est:

361 523 436 566 quia
458 525 584 570 fignum
614 528 686 561 adiu
708 527 888 573 significare
921 530 968 564 est
990 542 1030 564 ex
1056 530 1144 570 illo,

361 584 418 618 per
437 574 519 614 illud
542 579 724 621 potentiam
736 579 1003 636 cognoscitivam
1024 581 1095 613 astu
1112 591 1237 625 cogno-

360 625 449 659 scere
467 625 534 668 ejus
561 627 778 671 significatum
803 640 815 660 .-

358 677 652 711 contradictionem
676 676 847 719 implicans
867 679 911 715 est
926 703 937 722 ‚
963 690 999 712 ut
1017 679 1169 725 cognitio
1183 692 1238 724 po—

359 725 686 767 tentiaminformet,
710 727 744 766 ἀ
764 730 912 771 potentia
938 728 1022 765 nihil
1046 729 1237 775 cognoscat:

358 776 553 818 impossibile
571 777 617 815 est
636 800 647 820 ‚
672 785 707 811 ut
728 779 809 818 visio
832 779 989 817 informet
1013 780 1118 817 visum
1147 803 1157 820 ‚
1180 790 1235 815 aut

356 826 486 862 auditio
508 825 663 860 informet
685 826 864 869 auditum,
887 840 945 863 aut
977 830 1160 866 intellectio
1189 830 1235 868 in-

850 629 940 671 atqui
974 628 1171 672 impoffibile
1202 643 1240 665 ac

1303 430 1332 462 Ie
1351 429 1393 469 est
1410 431 1492 465 illud
1515 455 1526 472 ,
1551 433 1667 473 quodi
1643 430 1790 477 fignificat
1816 438 1850 464 in
1865 443 1975 476 genere
1994 435 2094 478 cauffae
2109 434 2178 474 for·

1303 481 1394 512 malis
1422 505 1429 512 .
1467 483 1513 513 Et
1528 480 1647 525 sgnum
1661 480 1885 522 instrumentale
1902 482 1942 522 est
1963 483 2041 519 illud
2062 506 2074 524 ‚
2096 486 2176 527 quod

1185 541 1240 565 aut
1296 527 1444 572 fignificat
1462 543 1497 563 m
1502 542 1611 576 genere
1619 532 1724 579 cauffae
1734 533 1901 575 effitientis.
1931 532 1975 567 Et
1998 534 2088 576 spero
2098 544 2175 577 pro-

1303 579 1399 613 festo
1406 603 1417 619 ‚
1444 580 1535 624 quod
1555 591 1660 627 neque
1679 582 1822 624 inepte,
1847 594 1951 625 neque
1973 583 2177 627 incongrue.

1303 627 1472 668 Probatur.-
1464 631 1562 677 ·quia
1572 640 1706 679 oportet
1716 631 1939 677 philosophari
1951 633 1993 670 de
2005 634 2025 667 Γ
2017 645 2099 678 gno
2110 633 2177 667 for-

1300 679 1402 720 mali,
1425 691 1462 713 ac
1473 680 1736 722 instrumentali,
1757 692 1798 716 eo
1812 684 1936 730 modo,
1951 695 2018 728 quo
2030 683 2174 729 philoso-

1300 727 1437 772 phamur
1447 729 1600 771 decauffa
1616 731 1774 771 formali,
1791 742 1829 766 ac
1851 733 2172 771 instrument2112fi-

1298 780 1365 813 cuti
1379 780 1466 813 enim
1481 791 1596 815 omnes
1612 779 1797 825 philosophi
1817 783 1982 826 explicant
2017 785 2170 830 signum,

1296 830 1329 864 ὅ(
1343 830 1618 874 significationem
1629 843 1683 875 per
1692 831 1918 874 metaphoram
1929 835 1962 874 δε
1982 834 2172 878 proportio·-

356 876 477 913 formet
494 877 716 921 intellestum3
739 878 774 913 &
796 890 904 920 tamen
934 878 1046 922 yisus,
1067 878 1202 916 auditus
1225 904 1236 921 ,
1296 891 1371 921 nem
1387 881 1426 915 ad
1438 881 1594 921 caussam,
1624 882 1928 930 &causialitatem3
1955 885 2000 923 ita
2021 885 2170 920 etiamsi·

358 934 397 959 ac
417 927 600 966 intellectus
625 925 715 961 nihil
731 928 862 977 videat,
883 930 1017 972 audiat,
1050 942 1089 965 ac
1112 930 1233 966 intelli-

355 987 413 1020 gat
436 988 443 1007 ε
477 975 556 1010 ficut
578 975 776 1021 impoflib'ile
798 979 844 1017 est
866 980 1024 1023 parietem
1057 981 1231 1021 informati

353 1025 397 1059 ab
415 1026 573 1060 albedine
590 1027 626 1067 ὅτ
647 1038 757 1067 tamen
772 1041 840 1069 non
863 1025 995 1074 albere,
1019 1030 1082 1064 sive
1105 1043 1172 1066 non
1187 1032 1232 1066 es-

353 1075 386 1109 se
408 1076 548 1111 album:
574 1087 665 1121 ergo
678 1090 796 1114 omnes
815 1081 1026 1126 cognitiones
1051 1082 1126 1116 sunt
1153 1081 1231 1114 talia

353 1125 465 1170 fignffa
484 1136 521 1161 ut
541 1126 605 1167 im
637 1128 740 1162 ffibile
763 1130 799 1163 sit
814 1129 857 1163 ab
880 1129 950 1164 illis
970 1131 1151 1175 potentiam
1175 1141 1230 1164 co·

352 1177 581 1220 gnoscitivam
604 1177 761 1214 nformari
774 1203 785 1224 ‚
807 1180 969 1224 &tamen
997 1181 1054 1219 illa
1076 1179 1161 1215 nihil
1182 1191 1230 1225 ac-

352 1236 390 1264 tu
411 1227 609 1272 significare,

404 1286 437 1322 3.
465 1282 528 1311 Hoc
539 1278 709 1321 secundum.
722 1279 857 1316 notabile*
867 1279 947 1324 soleo
958 1285 1058 1315 etiam
1066 1287 1230 1324 proponere

350 1327 408 1378 [ab
424 1330 493 1362 alm
506 1335 646 1364 terminu
658 1354 669 1372 ‚
689 1341 724 1363 ac
738 1328 847 1373 forsan
870 1332 914 1363 ad
935 1329 1021 1364 hanc
1023 1342 1086 1364 rem
1097 1330 1225 1373 nostram

352 1380 566 1420 explicandam
584 1381 674 1433 longe>
684 1378 877 1426 aptioribus:
900 1381 986 1427 inter
993 1380 1097 1432 signa
1109 1391 1228 1426 poten-

350 1430 431 1463 tiam
443 1453 455 1473 ‚
478 1429 532 1467 cui
544 1424 744 1485 significant
741 1453 752 1470 ‚
771 1424 859 1471 infor
870 1466 882 1479 Ἠ
894 1431 1006 1487 antia?
1019 1426 1202 1477 qusaedam'
1192 1442 1227 1466 in

352 1489 472 1527 genere
481 1479 595 1515 caussae
606 1467 722 1525 effic'
700 1482 740 1522 ti
873 1489 905 1526 33„-
922 1491 970 1520 m
989 1480 1024 1515 in
1036 1492 1155 1530 genere
1169 1492 1226 1515 ca-

350 1530 430 1565 ussae
446 1529 594 1562 formalis
616 1531 701 1574 sign
735 1520 754 1558 ²⁷-
766 1536 791 1568 ”ix
887 1522 904 1543 ””
916 1528 925 1535 ”
942 1542 1045 1580 enere
1058 1531 1172 1566 caussae
1182 1532 1227 1567 ef·

351 1579 522 1613 ficientisi
503 1579 687 1626 significant
699 1576 821 1623 omnes
835 1589 897 1623 ι’,
914 1592 948 1615 es
960 1581 1154 1625 impressae,
1156 1590 1225 1626 tam

350 1628 536 1669 sensibiles,
560 1640 656 1672 quam
680 1620 935 1675 intelligibiles
938 1632 1039 1665 Ratio
1047 1631 1121 1676 este*
1134 1631 1251 1692 quin

351 1679 558 1724 significare
550 1690 585 1721 ιιι
603 1691 737 1737 genere
734 1680 848 1715 caussae
867 1680 1046 1721 efficientis
1056 1671 1118 1715 eff
1123 1670 1147 1715 Γ
1138 1674 1226 1732 gni

350 1730 448 1767 ficare
459 1739 527 1766 nou
543 1738 605 1775 per
611 1730 766 1788 potentiae
776 1725 1006 1779 cognoscitivat
1020 1725 1125 1782 ἱιῑΓόζ]
1134 1736 1137 1737 ’
1145 1743 1161 1770 a
1173 1731 1175 1733 ’
1188 1720 1225 1776 ᾆ-

351 1789 453 1818 nem,
460 1789 533 1814 aut
555 1780 615 1817 sui
626 1782 662 1817 in
675 1783 823 1824 potentia
845 1775 1119 1832 inihaefiouemy‘g*

351 1828 628 1874 significationem
650 1831 669 1865 ‘a
693 1832 725 1864 se
753 1831 787 1864 in
814 1831 964 1874 potentia
998 1834 1110 1877 cogno
1126 1827 1225 1866 cit'iva

351 1878 563 1925 Ριοάιιξιιιιι
580 1879 631 1912 vel
654 1880 763 1921 potius
778 1891 855 1919 cum
883 1881 1031 1925 potentia
1055 1882 1073 1918 ὲ
1096 1882 1127 1917 se
1149 1882 1222 1918 uni·

352 1939 442 1967 tam:
464 1929 556 1963 sicuti
578 1927 774 1969 calefacere,
798 1939 855 1968 aut
877 1929 1026 1967 dealbare
1050 1930 1085 1971 in
1106 1940 1226 1974 genere

352 1978 525 2014 efficientis
538 1979 653 2023 caussae
662 1978 708 2017 est
733 1978 911 2022 subjeetum
923 1977 1055 2019 reddere
1065 1977 1222 2026 calidum,

354 2030 406 2064 vel
426 2029 538 2063 album
551 2052 562 2070 ,
585 2040 653 2062 non
665 2039 720 2071 per
747 2029 838 2065 illius
860 2029 1129 2068 informationem
1142 2053 1154 2072 ‚
1169 2039 1226 2066 aut

353 2074 764 2121 suiinilloinhaefionem3
785 2078 838 2112 sed
858 2089 913 2120 pet
929 2079 1074 2112 calorem
1088 2103 1099 2118 ,
1120 2080 1170 2113 vel
1183 2079 1225 2121 al-

353 2127 625 2167 bedinemisein
639 2127 698 2161 illo
711 2125 897 2169 produstam
910 2151 922 2166 ‚
946 2127 998 2160 vel
1021 2127 1129 2169 potius
1149 2138 1226 2161 cum

354 2180 414 2213 illo
428 2178 578 2220 unitam;
602 2177 801 2219 utloquuntur
809 2175 975 2220 subtiliores
982 2176 1108 2219 physici:
1135 2177 1225 2221 atqui

356 2239 473 2263 omnes
491 2229 609 2271 species
643 2227 800 2271 impressae
835 2227 1025 2270 fignificant
1049 2251 1061 2269 ‚
1082 2238 1150 2263 non
1172 2239 1226 2271 per

355 2278 508 2323 potentiae
545 2276 778 2321 cognoscitivae
799 2275 1069 2317 informationem
1082 2301 1093 2321 ‚
1112 2287 1168 2314 aut
1180 2276 1225 2314 sui

355 2329 457 2362 inilia
472 2324 704 2368 inbzefionem;
725 2327 860 2369 possunt
881 2326 970 2361 enim
994 2327 1043 2361 illi
1069 2325 1225 2369 inhaerere

354 2381 389 2414 ὃ(
412 2379 503 2413 illam
525 2373 721 2416 informare,
742 2376 776 2409 &
799 2385 911 2413 tamen
928 2374 1020 2414 -nihil
1041 2377 1112 2411 astu
1124 2377 1226 2421 signi-

356 2430 451 2464 ficare
468 2440 476 2464 ι
494 2426 546 2463 sed
565 2437 621 2475 per
632 2427 907 2470 significationem
919 2426 984 2461 sive
994 2426 1224 2472 cognitionem

354 2482 372 2514 ὲ
395 2480 426 2513 se
446 2480 479 2512 in
499 2477 554 2512 illa
576 2477 790 2520 productam,
811 2487 867 2513 aut
889 2476 1016 2510 unitam
1034 2500 1042 2512 .
1078 2477 1168 2521 Ergo
1190 2477 1224 2510 si-

354 2529 515 2574 gnificant
540 2522 582 2561 in'
597 2536 714 2571 genere
732 2527 848 2568 caussae
868 2526 1055 2561 efficientis.
1082 2527 1128 2561 At
1147 2538 1224 2563 vero

356 2590 472 2614 omnes
492 2577 611 2621 species
637 2577 786 2620 expressae
818 2601 829 2618 ,
862 2576 924 2610 five
943 2577 1154 2621 cognitiones
1188 2575 1221 2609 in

356 2640 475 2675 genere
495 2627 642 2665 formalis
663 2628 781 2667 caussae
800 2626 987 2671 significant
1009 2652 1017 2660 .
1057 2629 1147 2659 Ratio
1164 2625 1223 2666 est.-

357 2679 432 2724 quia
453 2679 632 2723 significare
648 2678 682 2713 in
698 2687 816 2724 genere
834 2676 980 2717 formalis
991 2678 1107 2710 canssae
1127 2677 1171 2716 est
1186 2677 1223 2709 fi·

355 2731 512 2775 gnificat-e
534 2738 587 2771 per
604 2729 758 2774 potentia:
768 2725 1005 2771 cogihscitivae-
1020 2725 1222 2766 informatio-

356 2792 432 2814 nem
446 2804 456 2819 ,
480 2790 534 2812 aut
558 2778 605 2817 sui
627 2778 662 2811 in
683 2777 739 2812 illa
761 2776 992 2811 inhaesionem:
1011 2778 1122 2812 caussa
1133 2777 1221 2810 enim

355 2829 503 2864 formalis
526 2827 572 2861 est
596 2828 673 2864 illa,
693 2827 784 2871 cujus
805 2827 991 2863 caussalitas
1010 2826 1064 2863 est·
1077 2826 1157 2865 unio
1168 2827 1221 2859 seu

356 2878 549 2916 informatio
572 2877 699 2921 ,subjecti
724 2874 742 2919 ,’
761 2877 854 2921 atqui
876 2888 990 2913 omnes
1010 2877 1223 2921 cognitiones

357 2930 539 2974 significant
562 2939 615 2974 per
636 2928 792 2972 potentiae
813 2926 1050 2971 cognoscitivae
1070 2928 1224 2960 informa-

357 2980 484 3014 tionem
499 3003 509 3018 ,
528 2990 565 3014 ac
586 2978 633 3012 sui
648 2979 683 3015 in
706 2978 764 3013 illa
781 2976 1013 3016 inhaesionem:
1037 2987 1117 3022 ergo
1128 2976 1225 3021 signi-

357 3030 458 3065 ficant
478 3029 512 3064 in
543 3039 661 3072 genere
691 3028 812 3066 caussae
823 3027 968 3067 formalis
981 3051 988 3059 .
1008 3029 1097 3067 Patet
1119 3033 1222 3060 minor:

359 3081 437 3123 quia
457 3080 528 3113 anu
551 3079 730 3122 figi-nificare
752 3078 797 3112 est
827 3079 1010 3120 potentiam
1028 3077 1225 3121 cognosciti-

365 3142 438 3164 vam
450 3129 551 3165 facere
569 3130 638 3179 asin
651 3130 905 3173 cognoscentem
917 3140 931 3174 ‚-
950 3128 1040 3170 atqui
1052 3127 1223 3172 cognitio-

361 3191 417 3214 nes
439 3180 564 3213 faciunt
576 3180 747 3224 potentias
757 3179 1000 3224 cognoscitivas
1011 3179 1082 3211 astu
1103 3188 1225 3222 cogno-

362 3230 482 3263 scentes
494 3229 528 3263 in
539 3230 783 3273 genereeaussae
796 3229 960 3264 formalis:
982 3229 1062 3270 sicut
1081 3228 1170 3268 enim
1183 3226 1227 3263 al-

1294 941 1399 976 gnum
1407 931 1570 972 formale,
1592 942 1629 966 ac
1641 931 1887 968 instrumentale
1897 935 2061 977 explicate
2071 946 2169 977 opor-

1275 991 1340 1015 tet
1353 991 1406 1025 per
1418 980 1647 1027 metaphoram
1659 993 1697 1020 ac
1711 985 1960 1026 proportionem
1974 986 2013 1021 ad
2028 985 2170 1019 cauflam

1294 1031 1467 1071 formalem
1481 1054 1492 1070 ,
1503 1043 1541 1066 ac
1551 1031 1832 1069 instrumentalem
1845 1058 1852 1065 .
1868 1035 1973 1079 Atqui
1986 1034 2092 1072 caussa
2104 1036 2168 1068 for-

1293 1081 1386 1115 malis
1398 1081 1444 1115 est
1458 1081 1536 1122 illa,
1562 1092 1634 1126 quae
1659 1084 1779 1117 caussat
1799 1094 1853 1129 per
1873 1084 2166 1127 informationem;

1292 1130 1547 1165 instrumentalis
1561 1142 1639 1164 vero
1651 1153 1662 1169 ‚
1681 1142 1750 1174 quae
1774 1135 1894 1172 caussae
1913 1145 1967 1176 per
1980 1135 2143 1171 actionem
2153 1158 2166 1175 ,

1291 1191 1328 1214 ac
1344 1181 1377 1215 in
1389 1190 1507 1228 genere
1518 1181 1631 1216 caussae
1643 1181 1835 1216 efficientis:
1862 1183 1941 1229 ergo
1958 1183 2103 1221 fimiliter
2123 1185 2167 1217 fi-

1290 1241 1395 1275 gnum
1411 1230 1551 1267 formale
1561 1230 1730 1268 restissime
1742 1232 1868 1266 dicetur
1877 1233 1940 1271 esse
1953 1234 2036 1273 illud
2048 1257 2060 1274 ‚
2074 1235 2166 1278 quod

1291 1291 1346 1325 per
1356 1280 1623 1321 informationem
1635 1280 1796 1325 significat
1807 1283 1842 1317 in
1851 1293 1970 1327 genere
1980 1285 2092 1321 cauffae
2103 1283 2167 1326 fot-3

1290 1331 1386 1367 malis
1407 1354 1419 1371 ,
1456 1327 1761 1371 &instrumentale
1784 1332 1950 1371 teetiffime
1972 1335 2035 1369 effe
2056 1334 2138 1368 illud
2152 1358 2164 1375 ,

1289 1380 1378 1425 quod
1393 1391 1448 1425 per
1460 1379 1621 1421 actionem
1633 1380 1796 1426 significat
1807 1382 1840 1418 in
1855 1393 1973 1428 genere
1984 1386 2097 1417 cauflae
2118 1384 2166 1418 ef-

1290 1430 1449 1470 ficientiS,
1464 1442 1501 1464 ac
1518 1431 1776 1466 instrumentalis
1788 1456 1796 1465 .
1809 1435 1855 1466 Et
1867 1434 2072 1473 confirmatur:
2085 1435 2164 1478 quia

1289 1479 1460 1519 beatitudo
1477 1481 1623 1517 formalis
1635 1504 1647 1520 ,
1671 1483 1774 1516 cauffa
1787 1482 1933 1518 formalis
1945 1507 1956 1522 ‚
1980 1493 2164 1527 conceptus

1274 1528 1434 1565 formalis
1445 1555 1456 1573 ,
1466 1530 1644 1564 similitudo
1654 1531 1801 1565 formalis
1814 1556 1825 1573 ‚
1844 1532 1878 1566 <Sc
1888 1533 2083 1577 generaliter
2093 1544 2165 1566 om-

1280 1580 1344 1616 ‘nia
1356 1580 1414 1615 illa
1427 1605 1438 1621 ,
1464 1580 1584 1625 quibus
1596 1580 1729 1620 additur
1743 1579 1797 1616 hic
1810 1584 1991 1623 terminus,
2010 1581 2160 1625 formale,

1291 1630 1477 1674 beatificat,
1488 1631 1632 1674 cauffat3
1647 1631 1860 1674 concipitseu
1872 1633 2093 1675 repraesentat,
2116 1634 2164 1667 as-

1289 1680 1359 1717 fimi
1367 1676 1625 1730 lanae-officium
1628 1681 1720 1722 suum
1731 1681 1877 1715 faciunt
1869 1693 1903 1715 tn
1915 1693 2035 1726 genere
2046 1684 2164 1718 caussae

1290 1718 1454 1767 formalis:
1465 1726 1650 1786 ergoetiam
1660 1731 1803 1788 signum
1798 1732 1935 1765 formale
1945 1735 2009 1767 effe
2018 1733 2115 1768 debet
2125 1733 2163 1767 il·

1289 1779 1363 1837 lud
1360 1776 1468 1825 ‚quod
1481 1774 1668 1833 fignificat
1659 1792 1692 1823 ιιι
1703 1792 1823 1826 genere
1833 1783 1947 1818 caussae
1957 1782 2127 1839 fqmalis.

1317 1840 1373 1877 5.
1397 1834 1462 1865 Ex
1473 1842 1530 1872 quo
1549 1826 1706 1880 fiqultur3
1717 1831 1985 1872 solas&omnes
1996 1832 2166 1877 cognitio-

1290 1891 1345 1915 nes
1369 1889 1435 1915 tatn
1455 1878 1634 1916 materiales
1646 1892 1745 1929 quam
1769 1881 1963 1924 spirituales:
1986 1883 2109 1918 scilicet
2120 1882 2166 1916 vi-

1290 1931 1395 1964 siones
1408 1954 1420 1973 ‚
1430 1931 1615 1966 auditiones
1627 1955 1638 1971 ,
1650 1931 1873 1975 gustationes,
1897 1933 2052 1968 tactiones
2061 1955 2072 1972 ,
2085 1932 2166 1966 ima-

1291 1980 1504 2024 ginationes,
1526 1979 1764 2021 intellectiones
1776 2003 1787 2020 ,
1808 1980 1876 2018 δίο,-
1894 1981 1958 2014 esse
1977 1982 2066 2027 signa
2097 1981 2161 2016 fon-

1290 2029 1389 2066 malia
1402 2054 1411 2062 .
1432 2029 1558 2068 Omnia
1580 2030 1656 2064 vero
1676 2030 1740 2068 alia
1757 2053 1768 2069 ‚
1783 2030 1884 2067 etiam
1907 2031 2027 2074 species
2048 2042 2166 2067 omnes

1292 2079 1455 2121 impressas
1475 2079 1543 2114 esse
1563 2079 1650 2122 signa
1676 2078 1934 2117 instrumentalia
1958 2092 1966 2118 ;
1987 2085 2078 2117 Ratio
2101 2081 2164 2120 est.-

1289 2130 1364 2169 quia
1389 2127 1493 2167 solum
1516 2128 1551 2165 ἀ
1572 2138 1673 2162 omne
1697 2126 1777 2161 illud
1799 2127 1845 2164 est
1857 2129 1984 2172 lignum
2004 2130 2163 2170 formale,

1289 2175 1378 2221 quod
1391 2176 1548 2221 significat
1561 2176 1595 2212 in
1610 2187 1730 2221 genere
1741 2178 1857 2217 caussae
1868 2179 2015 2218 formalis
2027 2194 2038 2216 .-
2049 2181 2081 2214 &
2092 2191 2164 2214 om-

1290 2238 1330 2259 ne
1345 2226 1429 2262 illud
1452 2226 1498 2261 est
1521 2227 1648 2270 signum
1674 2227 1941 2271 instrumentale‚
1964 2231 2055 2272 quod
2067 2230 2164 2275 figni-

1288 2276 1362 2311 ficat
1386 2277 1419 2309 in
1443 2287 1563 2323 genere
1583 2277 1695 2316 cauffae
1714 2277 1988 2319 instrumentaliS,
2010 2278 2077 2314 sive
2096 2279 2164 2313 effi-

1289 2327 1426 2365 cientis:
1453 2326 1542 2376 atqui
1557 2325 1628 2366 solae
1650 2325 1684 2362 ἀ
1706 2337 1822 2361 omnes
1844 2329 2055 2371 cognitiones
2066 2329 2162 2373 signi-

1289 2376 1388 2412 ficant
1409 2376 1443 2412 in
1468 2385 1586 2420 genere
1612 2377 1724 2412 caussae
1750 2376 1917 2415 formalis:
1939 2378 2048 2415 sumus
2063 2378 2161 2420 vero,

1287 2424 1404 2462 hedera
1415 2427 1554 2472 appensa
1565 2425 1709 2466 foribus,
1733 2437 1850 2467 voces,
1875 2428 2058 2471 scripturae,
2083 2430 2163 2463 ima·

1288 2476 1380 2521 gines
1406 2487 1444 2510 ac
1471 2475 1580 2513 statuae
1591 2474 1761 2516 humanae,
1789 2477 1868 2513 item
1895 2488 2010 2516 omnes
2036 2479 2160 2521 species

1287 2526 1437 2569 impreffae
1477 2526 1511 2558 in
1547 2535 1666 2569 genere
1691 2526 1811 2559 caussae
1836 2525 2012 2564 efficientis
2039 2528 2160 2573 signifi·

1285 2586 1381 2618 cant3
1402 2581 1448 2608 uei
1465 2574 1562 2617 supra
1583 2572 1722 2617 ostensum
1744 2574 1803 2619 est3
1826 2586 1924 2620 ergo
1922 2578 2007 2616 solae
2028 2579 2063 2615 δε
2085 2591 2159 2612 om-

1287 2636 1342 2667 nes
1366 2625 1574 2671 cognitiones
1596 2626 1673 2660 sunt
1703 2625 1791 2668 signa
1811 2625 1961 2663 formalia
1975 2652 1985 2669 ,
2008 2628 2071 2666 alia
2083 2630 2160 2662 vero

1284 2676 1399 2721 omnia
1424 2675 1513 2721 signa
1536 2699 1546 2715 ,
1578 2675 1677 2715 etiam
1710 2684 1828 2713 omnes
1851 2676 1971 2719 species
2004 2681 2159 2722 impreffae

1286 2726 1361 2765 sunt
1386 2726 1475 2769 signa
1509 2723 1766 2765 instrumentalia
1780 2749 1788 2756 .
1817 2728 1925 2768 Neque
1958 2728 2048 2763 video
2082 2730 2162 2771 qaid

1286 2775 1353 2808 bule
1377 2773 1543 2816 conclusioni
1580 2786 1652 2815 mete
1688 2775 1769 2815 poffie
1797 2781 1902 2817 oppon!
1928 2789 1938 2817 ;
1970 2778 2162 2813 cardinalis-

1285 2825 1375 2865 enim
1399 2825 1550 2868 AEgydtus
1574 2848 1585 2867 ,
1608 2825 1785 2873 omnesque
1805 2825 1863 2864 alii
1885 2825 2076 2873 philosophi
2095 2828 2159 2863 de-

1286 2875 1455 2916 finitiones
1475 2876 1546 2917 suas
1568 2875 1659 2909 nulla
1684 2875 1812 2913 ratione
1833 2876 1991 2921 probant,
2011 2889 2068 2911 aut
2078 2890 2159 2912 con-

1286 2926 1435 2967 firmant?
1460 2925 1609 2973 adeoque
1630 2922 1875 2963 conclusionem
1897 2938 2005 2964 meam
2027 2929 2159 2962 nullae-

1286 2977 1367 3018 tiam
1390 2976 1521 3011 ratione
1545 2980 1753 3019 oppugnant.

1336 3031 1376 3069 β»
1384 3024 1595 3066 ,ΒίεοΓρειιηαΙό
1610 3038 1621 3066 ‚-
1638 3024 1898 3062 vinstrumentale
1907 3028 1986 3062 recte
1996 3025 2156 3062 dividitur

1286 3077 1321 3118 in
1342 3076 1426 3111 illud
1441 3099 1451 3115 ‚
1472 3074 1562 3119 quod
1574 3074 1731 3119 fignificat
1757 3075 1791 3107 in
1814 3086 1936 3119 genere
1955 3078 2070 3112 cauffae
2090 3079 2158 3111 effi-

1285 3128 1402 3168 cientis
1422 3126 1575 3170 phyficae:
1601 3124 1686 3159 &in
1714 3123 1794 3158 illud
1816 3122 1830 3165 ‘‚
1852 3126 1943 3167 quod
1969 3127 2156 3172 significant

1286 3179 1321 3220 in
1339 3187 1457 3220 genere
1479 3175 1592 3215 cauffae
1614 3173 1749 3209 moralis
1769 3198 1780 3214 ‚
1814 3175 1876 3208 sive
1897 3176 2125 3211 intentionalis
2145 3203 2155 3210 .
2175 3177 2178 3180 ’

1288 3225 1342 3261 Ad
1360 3228 1445 3269 prius
1458 3223 1639 3266 membrum
1654 3223 1815 3267 pertinent
1823 3236 1938 3262 omnes
1955 3228 1988 3260 &
2006 3228 2079 3260 solae
2090 3228 2156 3270 spe.

361 3276 583 3319 bedoalbum,
608 3279 704 3314 statio
717 3279 875 3320 stantem,
888 3278 1226 3321 locutioioquentem,
1286 3277 1530 3320 ciesimpreffae,
1542 3285 1607 3309 tam
1619 3274 2152 3322 sensibiles,quamintelligibiles;

357 3327 390 3363 ἀ
412 3328 591 3362 ambulatio
623 3328 657 3362 in
684 3339 801 3373 genere
830 3330 944 3362 caussae
974 3329 1138 3362 formalis
1147 3328 1228 3362 facit
1289 3327 1352 3361 illae
1371 3329 1459 3361 enim
1481 3335 1594 3360 omnes
1618 3325 1650 3358 &
1672 3324 1745 3357 solae
1783 3325 1992 3369 fignifieant
1984 3337 2017 3359 in
2037 3338 2157 3371 genere

354 3376 599 3420 ambulantem
628 3379 672 3413 ita
683 3379 783 3414 etiam
796 3379 946 3424 cognitio
974 3379 1007 3412 in
1033 3379 1227 3423 generefor·

353 3426 448 3466 melis
469 3428 582 3462 caunas
603 3428 709 3465 facere
729 3429 830 3466 debet
850 3430 1127 3475 cognoscentem:
1148 3438 1235 3478 ergo

1289 3379 1402 3411 caussae
1425 3373 1596 3411 efficientis
1618 3372 1781 3418 physicae.
1817 3376 1964 3411 Probatur
1985 3388 1993 3408 :
2014 3379 2090 3420 quia
2113 3378 2158 3410 si·-

1291 3428 1451 3478 gnificare
1484 3427 1518 3463 in
1554 3435 1672 3474 genere
1700 3425 1814 3463 cauffae
1842 3425 2015 3462 efficientis
2046 3427 2160 3475 physi-

2086 3485 2134 3512 cae
