2384 3770
365 89 391 135 8
814 86 920 131 De

169 571 204 607 ’χ’
235 566 262 605 ³]
304 570 339 605 Α
369 569 511 602 Baronio
542 594 549 601 .

314 770 350 802 ni
377 768 472 803 verba
497 780 506 800 ι

299 819 454 859 'hasteria
486 819 565 853 Hoc
588 822 634 854 est
663 843 674 859 ‚

310 919 395 952 rium
414 919 535 953 ,reverti
560 931 627 953 non
650 930 799 962 poterat,
822 921 980 963 disposuit
1007 921 1193 957 institutum

309 970 404 1003 suum
426 969 584 1012 Hippone
610 971 784 1013 prosequi,
813 970 1192 1013 ideoqueinstituitMo-

306 1020 481 1054 nasserium
499 1020 583 1053 intra
608 1019 785 1053 Ecclesiam
804 1019 857 1053 seu
880 1020 1069 1064 parochiam
1107 1024 1190 1057 civi-

307 1070 384 1102 tatis
408 1069 651 1112 Hipponensis.
893 1083 898 1086 ·

354 1120 433 1152 Non
451 1117 581 1162 penitus
593 1130 756 1162 perperam
769 1118 917 1165 loquitur
931 1120 984 1156 hic
995 1122 1189 1157 Pennottus.

128 1177 166 1211 L,
198 1188 226 1216 Ι,
253 1169 402 1216 ανίἶεέὶέ
423 1180 566 1211 namque
586 1167 725 1204 advertit
760 1170 987 1215 Augustinum
1010 1173 1027 1206 a
1053 1173 1188 1207 Valerio

127 1238 179 1274 13,
201 1243 232 1263 n,
250 1244 279 1269 Ι,
300 1219 489 1253 ordinatum
513 1219 627 1260 fuisse,
647 1230 714 1253 non
740 1219 775 1253 in
796 1221 1070 1265 qualemcumque
1092 1223 1187 1257 Pres-

301 1269 449 1312 byterum
463 1294 472 1309 ‚
499 1269 551 1302 sed
568 1269 600 1302 in
616 1269 759 1303 civitatis
770 1270 993 1314 Hipponensis
1007 1272 1185 1314 parochum

297 1321 348 1353 scu
362 1319 590 1361 Presbyterum
605 1319 788 1354 plebanum
801 1345 808 1353 .
838 1321 982 1366 Colligit
1008 1324 1039 1357 id
1053 1334 1093 1356 ex
1118 1334 1186 1356 ver-

266 1403 270 1413 x
298 1369 348 1403 bis
372 1370 481 1403 Sansti
511 1368 667 1403 Poffidii.
695 1371 812 1402 Eodem
838 1381 971 1413 tempore
996 1379 1030 1405 in
1056 1372 1183 1414 Ecclesia

297 1419 457 1452 Catholtca
485 1421 621 1452 Valerius
647 1420 772 1468 sanoqus
800 1420 1020 1464 Eptscopatum
1041 1423 1185 1466 gerebat,

298 1475 352 1510 qui
378 1481 442 1502 cum
464 1469 625 1512 flagitante
652 1470 849 1511 Ecclefiastica
875 1474 1036 1512 neceffitate
1064 1475 1100 1505 de
1115 1483 1173 1515 pro

296 1521 431 1552 videndo
458 1521 492 1551 (⁸5
517 1520 682 1552 ordinando
712 1520 881 1558 Presbytero
906 1528 1044 1556 civitatis
1065 1524 1184 1564 plebem

298 1571 355 1601 Dei
380 1570 580 1611 alloqueretur·
607 1572 642 1603 Θ
670 1569 900 1612 exhortaretur,
930 1574 986 1606 ὡς.
1015 1573 1107 1607 Nota
1120 1584 1183 1606 ver·

298 1617 337 1651 ba
353 1643 363 1659 ,
391 1622 436 1652 De
463 1620 632 1652 ordinando
646 1620 816 1660 Presbytero
829 1624 1001 1656 Ctvitatls:
1030 1623 1108 1656 Hoc
1118 1623 1175 1663 est,

297 1670 354 1712 qui
383 1669 512 1703 futurus
537 1670 614 1703 esset
641 1668 808 1705 Parochus
833 1673 977 1706 civitatis
1004 1684 1042 1707 ac
1069 1673 1181 1707 Pleba-

298 1730 379 1752 nus.
408 1718 501 1753 Nota
531 1719 609 1753 item
638 1719 757 1762 verba,
785 1725 821 1754 In
848 1722 978 1763 Ecclesia
1005 1723 1181 1756 catholica.

118 1378 159 1416 C.
181 1390 215 1428 4.

297 1769 378 1802 Duo
407 1781 549 1813 namque
574 1780 663 1813 erant
690 1779 771 1805 tunc
809 1771 968 1815 Hippone
1005 1773 1180 1817 Episcopi,

297 1820 431 1861 duaeque
472 1819 683 1862 Epi-scopales
708 1821 871 1855 Basilicae:
891 1823 1019 1866 Nempe
1046 1822 1179 1857 Basilica

298 1868 476 1902 Catholica
494 1869 528 1906 ·,”
549 1870 583 1901 in
611 1881 673 1912 qua
701 1871 887 1913 praesidebat
913 1873 1048 1907 sanstus
1083 1873 1178 1907 Vale-

299 1922 389 1956 rius,
417 1930 453 1950 ac
482 1917 616 1951 Basilica
644 1920 921 1962 Donatistarum,
949 1923 985 1956 in
1014 1934 1078 1966 qua
1105 1935 1179 1965 prae-

298 1969 421 2002 fidebat
449 1979 562 2001 eorum
600 1967 781 2010 Episcopus
818 1969 1061 2003 Proculianus.
1102 1973 1181 2003 Hoc

122 2026 159 2061 L,
190 2039 216 2061 1,
253 2041 278 2060 c-
299 2018 481 2062 supposito,
504 2016 547 2051 de
575 2017 782 2057 verbisistis,
809 2020 898 2051 Intra
924 2018 1107 2059 Ecclefiam,
1135 2020 1180 2052 sic
1214 2054 1215 2057 ,

298 2070 381 2103 dicit
409 2069 615 2101 Pennottus.
641 2069 778 2106 Intellige
800 2074 895 2106 prope
922 2069 976 2098 vel
993 2069 1091 2104 juxta
1122 2071 1180 2098 Ec-

297 2118 408 2159 cleſsam
424 2142 433 2157 ,
461 2118 512 2150 vel
520 2121 552 2148 in
577 2115 658 2146 horto
669 2115 806 2153 Valeri),
846 2119 975 2155 quierat
988 2117 1178 2146 vicinusEc-

297 2168 383 2208 clrfiae
396 2193 402 2199 .
429 2172 467 2198 At
480 2173 600 2199 cuinam
613 2162 746 2203 Ecclefiae
759 2186 769 2201 ,
807 2169 892 2195 intra
901 2174 993 2204 quam
1005 2162 1178 2204 Eccleſsam?

296 2219 387 2251 Certe
397 2228 455 2248 non
466 2220 548 2248 intra
561 2216 652 2246 aliam
660 2211 816 2253 Ecclesiam
830 2214 846 2244 ?
867 2224 958 2255 quam
966 2213 1180 2255 parochialem,

297 2268 390 2310 prope
416 2277 508 2308 quam
534 2264 636 2306 necesse
663 2273 729 2295 erat
755 2262 877 2303 refidere
901 2274 990 2302 eum,
1015 2270 1066 2305 qui
1090 2266 1178 2295 Paro-

299 2317 371 2350 cbus
391 2316 497 2357 fuerat
526 2315 683 2348 ordmatus
708 2337 715 2343 .
746 2316 838 2346 Porri»
859 2311 888 2352 fi
903 2318 940 2345 ·1'n
968 2313 1095 2354 Ecclefia
1123 2316 1179 2345 Pa-

298 2366 423 2400 rochialt
459 2366 512 2399 vel
541 2365 634 2406 prop?
670 2364 756 2396 illam
796 2362 1002 2401 monaster-‘um
1027 2363 1156 2402 instituit
1172 2387 1181 2402 ,

298 2419 376 2450 cerr?
402 2428 459 2448 non
485 2420 517 2447 in
543 2418 668 2451 Eremo,
695 2414 748 2446 vel
772 2419 803 2445 ln
830 2424 943 2446 nemore
966 2437 976 2452 ‚
1002 2415 1055 2446 vel
1078 2419 1111 2445 in
1134 2411 1180 2455 so·

299 2468 427 2500 Iitudlne
453 2491 463 2506 ‚
492 2477 549 2497 non
577 2462 787 2495 Monachorum
810 2486 820 2500 ‚
861 2473 918 2494 non
956 2466 1179 2496 Eremitarum.

300 2519 390 2560 ,Quid
413 2522 491 2549 enlm
521 2512 674 2546 Monacbis
700 2515 892 2547 &Eremim
917 2523 980 2544 cum
991 2513 1178 2551 civitatibus,

299 2568 375 2609 quid
398 2578 463 2598 cum
490 2563 622 2604 Ecclrfits
638 2562 890 2595 parochialibus?
917 2562 1055 2596 Etinfra
1070 2562 1179 2603 ‚hanc

300 2615 475 2651 Ecclesiam
490 2612 719 2647 parochialem
746 2611 828 2646 dicit
854 2612 950 2646 fuisse
976 2613 1178 2646 aliamaCa-

300 2665 456 2700 thedrali:
486 2661 821 2707 JuxtaCathedralem
851 2673 993 2705 namque
1007 2661 1176 2696 Ecclesiam

300 2717 336 2750 in
365 2715 493 2749 Palatio
522 2713 706 2757 Episcopali
721 2725 788 2747 non
818 2713 960 2747 instituit
973 2713 1179 2757 Augustinus

300 2764 565 2804 Monasterium‚
592 2763 724 2806 nifijam
752 2773 920 2806 promotus
941 2763 981 2796 ad
1008 2763 1176 2805 Episcopa-

300 2827 387 2850 tum.
416 2816 475 2849 Ast
504 2815 539 2848 in
566 2812 616 2847 his
642 2812 826 2847 Pennottus
843 2813 981 2856 graviter
995 2811 1178 2846 hallucina-

300 2877 352 2899 tur
366 2892 374 2900 .
401 2865 493 2898 Male
507 2875 646 2905 namque
660 2863 692 2896 in
706 2863 911 2905 Hipponensr
925 2863 1057 2896 civitate
1069 2873 1177 2905 praeter

301 2915 477 2949 Ecclesiam
489 2912 717 2948 Cathedralem
733 2914 826 2956 ponit
839 2913 936 2945 aliam
948 2912 1177 2955 parochialem:

288 2966 460 3006 «Hippona
483 2974 622 3007 namque
645 2963 689 2996 est
712 2988 721 3003 ,
753 2963 880 3006 fuitque
902 2964 1022 3005 semper
1047 2963 1177 2995 modica

298 3016 415 3048 civitas
438 3038 448 3053 ,
476 3013 615 3054 ideoque
638 3013 793 3046 credibile
814 3024 881 3046 non
902 3013 948 3046 est
974 3023 1081 3055 praeter
1098 3012 1179 3045 duas

303 3064 513 3098 Cathedrales
547 3063 700 3096 Basilicas
734 3063 828 3097 fuisse
850 3072 931 3096 tunc
951 3062 985 3095 in
1012 3063 1076 3105 ipsa
1100 3062 1180 3095 alias

305 3115 462 3148 Ecclefias
481 3113 687 3147 parochiales
711 3138 719 3145 .
759 3113 901 3149 Ecclesia
921 3112 1041 3155 quippe
1061 3111 1180 3146 Cathe-

302 3165 400 3198 dralis
424 3173 491 3198 erat
516 3187 527 3203 ‚
564 3174 657 3196 more
677 3163 761 3204 apud
783 3162 935 3205 antiquos
958 3164 1087 3205 penitus
1109 3162 1181 3196 uni-

304 3214 435 3252 versali,
460 3213 558 3248 eriam
574 3211 786 3256 parochialis,
811 3213 953 3256 dicoque
964 3212 1181 3255 praeteripsam

303 3274 383 3295 tunc
403 3275 459 3302 pro
480 3261 687 3301 Catholicis,
713 3264 826 3303 utique
849 3262 950 3307 longe
968 3262 1180 3304 paucissimis,

301 3323 368 3345 non
392 3313 483 3346 fuisse
498 3314 542 3346 ibi
565 3313 684 3347 aliam.
712 3312 816 3359 Qod
829 3312 975 3346 enimibi
1001 3312 1181 3355 pauciffimi

301 3363 401 3394 essent
425 3361 593 3396 Catholici
621 3387 631 3401 ‚
666 3372 753 3404 patet
771 3372 812 3394 ex
836 3362 908 3404 ipso
929 3361 1120 3405 Augustino
1141 3361 1182 3396 de

299 3413 356 3448 sua
377 3412 512 3447 civitate
530 3412 572 3448 sic
600 3411 761 3447 scribente
784 3410 826 3446 ad
864 3411 1082 3448 Vincentium
1113 3411 1183 3447 Ro-

123 2087 177 2124 13.
192 2090 224 2115 n.
252 2088 278 2112 1.

124 2582 171 2618 N.
199 2594 230 2620 2.

1006 89 1245 133 ORIG.

316 175 318 178 “
337 168 492 215 Augustino
516 171 548 203 ln
571 167 744 207 monasterio
770 166 830 202 Deo
845 168 1011 213 servienter
1024 196 1031 203 .
1068 171 1137 206 Sub
1156 171 1215 207 illo

331 232 424 255 erant
448 220 597 253 Eremitae
612 242 622 257 ,
639 218 787 253 cumillo
812 220 957 260 Clerici,
979 222 1056 265 quia
1080 221 1138 256 sub
1161 234 1214 256 eo·

329 271 405 305 dem
422 271 506 303 testo
518 293 529 308 ‚
555 269 590 302 in
603 268 715 303 eadem
729 271 841 303 mensa
854 294 864 310 ,
894 273 928 304 in
943 272 1009 306 vita
1034 283 1089 316 per
1099 273 1212 307 omnia

327 318 523 355 communi.
550 318 694 352 Proinde
716 319 926 355 clarissimum
950 320 1017 361 est,
1041 322 1133 365 quod
1155 323 1211 356 du-

268 362 287 369 *
329 373 404 413 plex
418 367 481 401 hoc
493 367 761 403 monasteriorum
773 380 877 414 genus
899 371 936 404 sit
953 370 994 404 ab
1019 373 1209 417 Augustino

326 417 520 452 inchoatum
531 429 568 453 ac
581 429 816 462 propagatum,
844 432 949 465 neque
961 422 1123 456 ullatenus
1145 434 1208 456 cre·

323 469 467 503 diderIm
483 469 667 512 oppositum
680 470 770 503 afferi
781 471 799 503 a
814 470 933 505 saneto
945 471 1111 506 Poffidio.
1133 473 1206 508 Cre-

322 520 368 553 do
392 518 487 552 verba
513 517 597 560 ista,
623 523 720 551 Intra·
739 520 918 560 Ecclefiam,
947 523 1031 556 male
1059 523 1204 567 intelligi

585 569 705 613 Neque
739 570 827 603 enim
855 575 944 603 Intra
970 572 1129 613 Ecclefiam
1158 574 1202 606 est

319 619 428 658 idem,
455 619 543 660 quod
570 622 655 653 intra
679 620 815 653 domum
830 620 1080 664 Episcopalem;
1109 624 1202 656 nullo

316 670 419 704 modo
434 681 444 701 .·
473 669 528 703 Est
554 669 665 709 idem,
692 671 780 713 quod
806 671 889 704 intra
910 670 1097 714 parochiam
1118 672 1200 716 Hip-

315 720 511 762 ponensem.
542 719 832 764 Significantidem
848 745 856 759 ,
883 723 971 766 quod
994 723 1027 755 ἀ
1047 723 1200 766 Augusti-

545 772 590 802 Et
616 775 689 813 quia
714 769 762 801 hic
787 769 978 813 desponebam
1004 773 1054 814 effe
1080 778 1112 804 in
1138 775 1196 805 Mo-

709 822 785 863 quia
809 822 1017 866 Augustinus
1038 823 1079 855 ad
1104 835 1198 867 agros

311 867 528 913 Tagastenses
561 880 660 912 atque
684 869 877 904 inchoatum
900 872 934 905 in
953 872 1016 905 illis
1039 873 1196 907 monaste-

1330 80 1642 131 HERJEM.

1277 171 1467 215 gatistarum
1483 171 1682 215 Episcopum
1694 170 1953 208 Cartennensem
1967 197 1976 206 .
2002 174 2084 217 ,Quae
2094 182 2159 206 cum
2179 172 2281 216 Epist.

1276 231 1341 254 tota
1366 222 1431 264 effer
1457 227 1489 254 in
1511 218 1602 264 parte
1626 223 1740 254 Donati
1758 247 1765 254 .
1791 224 1867 263 Sic,
1894 225 2030 266 inquam
2052 247 2064 264 ,
2092 234 2158 257 erat
2172 222 2231 270 48.

1275 270 1354 305 dum
1375 282 1451 306 eam
1472 273 1597 315 accepit
1621 272 1803 315 Episcopus
1825 272 2050 317 Augustinus.
2079 272 2160 306 Pro-

1276 321 1352 354 inde
1373 324 1486 364 paucis
1507 320 1691 356 Catholicis
1712 334 1776 355 una
1791 321 2155 364 CathedralisEcclesia

1272 372 1412 405 omnino
1436 372 1612 407 sufficiebat
1634 396 1642 404 .
1682 373 1726 406 Et
1746 371 1822 405 hinc
1845 373 1977 407 Sanctus
2003 373 2155 407 Valerius

1271 420 1393 464 agebat
1411 421 1451 456 de
1471 422 1683 462 ordinando,
1707 433 1776 454 non
1802 422 1939 463 alicujus
1959 423 2154 457 secundaria

1272 470 1457 511 Parochiae,
1485 473 1536 505 sed
1557 473 1659 506 torius
1679 471 1823 505 civitatis
1838 472 2030 513 Presbytero
2045 486 2059 515 ;
2079 485 2154 517 age-

1270 519 1324 553 bat
1345 522 1386 555 ad
1405 520 1508 556 totam
1522 523 1774 565 Hipponensem
1786 521 1913 565 plebem
1926 519 2150 564 Catholicam,

1268 581 1337 612 quae
1361 573 1474 614 utique
1496 582 1565 606 tota
1589 581 1757 616 tamquam
1779 573 1819 605 ad
1841 571 1933 605 suam
1958 571 2150 614 parochiam

1265 621 1444 655 convenire
1466 623 1678 656 consueverat
1697 623 1738 656 ad
1775 621 1951 655 Ecclesiam
1977 622 2151 665 Episcopa-

1265 671 1347 703 lem.
1381 671 1454 715 Erat
1469 696 1480 711 ‚
1508 673 1661 715 inquam,
1689 672 1848 715 Hippone
1866 672 1962 704 unica
1975 670 2148 705 dumtaxat

1264 718 1434 762 parochia:
1465 722 1522 754 Ast
1537 734 1578 755 eo
1591 733 1739 765 tempore
1752 747 1762 761 ‚
1788 732 1854 762 quo
1878 721 1922 754 ibi
1939 722 2146 765 Augustinus

1261 781 1403 813 arreptus
1413 772 1456 804 est
1471 773 1511 805 ad
1539 772 1800 815 presbyteratum
1816 795 1823 803 .
1854 771 2044 815 Augustino
2057 783 2148 805 nam-

1259 831 1322 860 que
1346 822 1413 863 jam
1438 822 1630 865 Episcopo,
1655 833 1693 855 ac
1720 834 1775 865 per
1803 822 1932 865 ipsum,
1958 808 2053 865 quod
2075 822 2146 864 qui.

1258 871 1334 903 dem
1363 872 1440 914 saepe
1467 871 1624 911 testatur,
1651 873 1744 906 omni
1774 872 1831 906 suo
1846 866 2000 915 popussa
2014 872 2144 905 Donati

1258 920 1506 962 pertinaciffima
1527 922 1633 956 scabie
1652 924 1692 956 ad
1706 921 1875 955 Christum
1897 921 2051 955 translato
2064 944 2074 960 ‚
2096 923 2145 955 fu-

1255 981 1307 1003 ere
1331 971 1491 1012 parochiae
1515 971 1555 1005 ad
1577 973 1755 1006 minimum
1778 983 1854 1006 tres.
1882 972 1960 1005 Fuit
1974 972 2064 1005 enim
2089 983 2145 1015 pa·

1255 1019 1364 1054 rochia
1376 1020 1581 1056 Cathedralis
1595 1045 1606 1061 ,
1633 1023 1666 1056 in
1689 1034 1751 1066 qua
1765 1023 1869 1057 erexit
1883 1020 2074 1055 memoriam
2088 1022 2142 1054 seu

1224 1072 1227 1087 ²
1255 1071 1406 1104 sacellum
1421 1073 1449 1106 S.
1463 1071 1640 1115 Stephani:
1668 1072 1832 1106 Sacellum
1845 1083 1895 1106 tot
1917 1083 1955 1105 ac
1968 1071 2068 1106 tantis
2083 1072 2143 1104 mi·

1253 1121 1368 1154 raculis
1390 1122 1591 1166 gloriosum.
1618 1122 1888 1156 Fuit&Basrlica
1915 1122 2037 1164 expulsi
2064 1121 2143 1157 Pro-

1250 1171 1392 1204 culiani:
1422 1182 1524 1213 neque
1537 1172 1627 1205 enim
1638 1171 1776 1205 dubium
1799 1172 1844 1204 est
1859 1195 1870 1211 ,
1892 1172 1973 1214 quin
1985 1183 2058 1205 eam
2073 1173 2142 1204 Au-

1250 1220 1400 1263 gustinus
1423 1220 1464 1254 ab
1484 1221 1634 1254 haeretica
1654 1222 1732 1254 faece
1755 1229 1980 1263 expurgatam.
1995 1220 2140 1257 reconci-

1252 1271 1359 1308 liarit,
1388 1271 1653 1314 consecraritque
1674 1270 1710 1303 in
1732 1268 1973 1313 parochialem.
2001 1268 2076 1301 Fuit
2092 1269 2140 1302 ibi

1249 1320 1393 1362 denique
1413 1321 1551 1354 Basilica
1581 1319 1622 1354 ad
1648 1321 1725 1354 octo
1746 1330 1903 1362 martyres
1924 1343 1936 1358 ‚
1973 1329 2071 1359 quam
2097 1318 2140 1352 ab

1249 1369 1440 1413 Augustino
1459 1370 1558 1412 jussus
1581 1369 1698 1413 partim
1720 1381 1762 1403 ex
1786 1370 1841 1402 sua
1862 1369 2006 1412 impensa
2019 1369 2138 1410 partim

1247 1431 1288 1452 ex
1312 1420 1425 1462 populi
1454 1420 1682 1463 Hipponensis
1706 1419 1842 1453 collecta
1858 1418 2031 1452 :edificavit
2046 1417 2138 1452 Pres-

1247 1469 1342 1512 byter
1365 1471 1524 1512 Leporius
1547 1495 1557 1510 ‚
1591 1467 1676 1503 haud
1694 1469 1794 1503 dubie
1817 1469 1852 1502 in
1872 1470 2002 1513 tertiam
2026 1492 2036 1508 ,
2059 1469 2139 1511 quia

1247 1519 1374 1562 populo
1396 1532 1451 1563 per
1473 1520 1701 1564 Augustinum
1715 1519 1873 1553 converso
1887 1518 1961 1564 ‘jam
1982 1516 2054 1551 duae
2067 1529 2137 1551 non

1246 1570 1473 1610 sufficiebant,
1500 1569 1720 1614 parochialem
1735 1593 1743 1601 .
1773 1569 1896 1607 Verum
1920 1580 1988 1603 non
2013 1568 2059 1601 ita
2071 1567 2137 1601 fuit

1246 1618 1439 1663 Presbytero
1462 1620 1570 1655 adhuc
1582 1619 1794 1664 Augustino.
1824 1619 2036 1665 Qapropter
2046 1624 2135 1656 intra

1244 1670 1400 1710 Ecclefiam
1429 1683 1496 1704 non
1523 1671 1568 1704 est
1596 1671 1684 1704 idem
1709 1669 1799 1714 quod
1821 1669 1913 1712 juxta
1942 1668 2132 1702 Ecclefiam:

1245 1721 1332 1753 Cum
1355 1722 1446 1753 enim
1471 1721 1517 1754 ibi
1541 1720 1638 1755 unica
1666 1721 1839 1754 dumtaxat
1864 1719 2044 1761 fuerit.pro
2068 1717 2132 1764 Ca·

1245 1769 1378 1803 tholicis
1398 1771 1558 1810 Ecclesia,
1580 1783 1684 1814 eaque
1707 1769 1911 1812 Episcopalis
1937 1793 1947 1809 ,
1970 1767 2131 1802 debuisset

1246 1821 1384 1861 primurn
1406 1821 1491 1854 istud
1517 1822 1749 1854 monasterium
1770 1819 1861 1854 fuisse
1887 1820 1978 1862 juxta
2005 1819 2130 1861 ipsam,

1245 1871 1332 1910 quod
1355 1871 1454 1903 etiam
1481 1871 1669 1905 pennottus
1694 1871 1812 1904 fatetur
1833 1869 1963 1903 deviare
1985 1867 2004 1900 ὲ
2030 1879 2130 1901 vero.

1244 1919 1335 1966 Qid
1357 1932 1437 1963 ergo
1459 1921 1505 1954 est
1528 1926 1614 1953 intra
1638 1919 1818 1961 Eri-leſsam?
1847 1918 2049 1962 Respondeo
2074 1928 2132 1950 vo-

1243 1980 1314 2001 cem
1326 1969 1484 2011 Ecclesiam
1508 1971 1588 2004 sumi
1602 1971 1705 2006 tribus
1719 1970 1890 2013 praesertim
1906 1968 2033 2003 modis.
2060 1967 2131 2000 Pri-

1243 2016 1321 2056 mo,
1349 2029 1408 2059 pro
1431 2020 1568 2052 Basilica
1594 2030 1651 2052 aut
1674 2021 1741 2052 aede
1756 2018 1935 2052 materiali.
1963 2015 2129 2055 secundo,

1243 2067 1396 2107 pro‘viva
1431 2078 1468 2098 ac
1498 2067 1651 2100 rationali
1674 2066 1819 2100 fidelium
1848 2066 2134 2110 congregatione.

1243 2111 1364 2145 Tertio
1390 2112 1547 2154 denique,
1575 2124 1632 2154 pro
1657 2115 1820 2146 limitibus
1844 2113 1981 2155 alicujus
1995 2115 2132 2148 Dioece-

1244 2162 1312 2195 scos
1331 2172 1427 2204 atque
1450 2160 1619 2203 parochiae
1646 2163 1930 2205 circumscriptivis
1952 2186 1960 2194 .
1999 2163 2053 2195 Sic
2076 2161 2132 2196 hic

1244 2210 1351 2247 Duaci
1374 2212 1436 2245 esse
1447 2211 1589 2245 dicimur
1611 2212 1643 2245 in
1661 2211 1800 2246 Ecclesia
1823 2212 2024 2246 Atrebatensi
2040 2236 2051 2252 ,
2064 2211 2133 2246 Va·

1245 2260 1388 2300 lencenis
1415 2260 1490 2295 vero
1512 2262 1576 2295 esse
1598 2262 1631 2295 in
1656 2262 1798 2296 Ecclesia
1810 2262 2033 2296 cameracensi
2049 2275 2060 2295 .-
2077 2262 2131 2298 sic

1243 2313 1275 2343 in
1299 2310 1364 2344 hoc
1387 2310 1438 2343 vel
1459 2311 1522 2345 isto
1546 2311 1709 2345 Duacensi
1733 2313 1811 2346 vico
1834 2312 1974 2346 dicimur
2006 2312 2070 2346 effe
2094 2313 2131 2345 in

1246 2361 1386 2395 Ecclesia
1404 2362 1434 2395 S.
1460 2361 1549 2394 Petri
1562 2372 1619 2395 aut
1640 2361 1771 2404 Jacobi:
1799 2362 1852 2396 Sic
1865 2362 1900 2395 in
1924 2361 1990 2405 hoc
2003 2361 2130 2396 velino

1241 2422 1320 2455 agro
1341 2411 1404 2445 esse
1425 2411 1458 2444 in
1484 2410 1578 2453 hujus
1599 2413 1647 2445 vel
1667 2411 1758 2445 istius
1778 2412 1852 2455 pagi
1871 2410 2012 2445 Ecclesia
2026 2434 2037 2451 ‚
2062 2404 2130 2444 hoc

1240 2461 1308 2500 est,
1334 2461 1418 2494 intra
1442 2461 1563 2494 limites
1581 2460 1787 2495 parochiales
1812 2484 1818 2492 .
1858 2461 1901 2494 Et
1925 2459 1991 2494 hoc
2033 2461 2129 2494 sensu

1241 2521 1338 2544 voces
1369 2509 1442 2544 istas
1463 2510 1582 2553 accipit
1603 2511 1737 2545 Sanetus
1760 2510 1922 2544 Poffidius
1949 2534 1957 2542 .
1993 2509 2129 2549 Instituit

1243 2559 1446 2599 nonasterium
1474 2566 1564 2594 intra»
1584 2559 1764 2601 Ecclefiam,
1785 2561 1819 2594 id
1841 2561 1886 2594 est
1900 2585 1911 2600 ‚
1934 2560 2019 2594 intra
2040 2560 2130 2593 lirni-

1239 2622 1287 2644 tes
1313 2609 1531 2653 parochialis,
1558 2622 1629 2653 quae
1657 2612 1690 2646 &
1712 2609 1920 2645 Cathedralis
1940 2620 2007 2644 erat
2029 2633 2039 2648 ‚
2066 2610 2128 2643 Ec-

1240 2661 1334 2695 clefiae
1355 2659 1574 2703 Hipponensis
1591 2686 1599 2693 .
1628 2662 1722 2695 Hinc
1742 2663 1846 2696 fateor
1878 2659 2126 2694 Monasterium

1242 2711 1324 2743 illud
1346 2722 1413 2743 non
1430 2710 1522 2744 fuisse
1542 2711 1576 2744 in
1590 2711 1712 2745 Eremo
1727 2736 1738 2752 ,
1763 2722 1820 2744 aut
1832 2711 1920 2754 sylva
1933 2735 1943 2750 ,
1966 2720 2024 2744 aut
2034 2721 2127 2753 agre-

1240 2762 1275 2793 sti
1289 2760 1396 2804 aliqua
1410 2761 1610 2795 solitudine:
1636 2761 1726 2795 Dico
1740 2771 1848 2795 tamen
1865 2761 1958 2795 fuisse
1971 2761 2003 2795 in
2014 2758 2126 2800 horto,

1240 2812 1271 2843 id
1293 2810 1337 2844 est
1352 2834 1363 2850 ‚
1385 2811 1418 2843 in
1443 2807 1523 2854 agro
1546 2810 1755 2850 suburbano,
1783 2810 1960 2854 quitamen
1985 2812 2061 2845 effet
2077 2810 2127 2843 in-

1238 2870 1286 2893 tra
1303 2860 1480 2894 Ecclesiam
1495 2862 1546 2894 seu
1558 2861 1747 2904 parochiam
1760 2861 1905 2895 civitatis
1919 2860 2126 2902 Hipponen-

1222 2911 1295 2964 ¹1⁶⁵·
1324 2910 1369 2943 At
1392 2911 1521 2954 inquies
1532 2923 1608 2945 cum
1631 2911 1800 2944 Pennotto
1816 2924 1827 2944 .-
1850 2911 1944 2958 Qid
1970 2910 2126 2944 Eremitis

1223 2971 1313 3004 *cum
1337 2960 1570 2995 civitatibus&
1586 2960 1738 2994 Ecclesiis
1750 2960 2021 2995 parochialibus?
2046 2959 2128 2993 Res-

1223 3005 1370 3052 ‘pondeo
1389 3011 1421 3043 id
1446 3011 1464 3044 ὲ
1486 3012 1518 3044 8.
1539 3010 1675 3045 Valerio
1709 3010 1840 3053 ejusque
1875 3010 2000 3053 populo
2033 3020 2126 3049 qua:-

1238 3060 1396 3093 reudum:
1424 3061 1543 3108 Qaere
1564 3060 1607 3094 ab
1630 3060 1716 3101 illis,
1743 3072 1799 3094 cur
1811 3060 1980 3093 hominem
1993 3057 2034 3092 de
2049 3058 2126 3093 Ere·

1238 3120 1294 3143 mo
1315 3109 1505 3154 Tagastensi
1518 3110 1677 3144 advenam
1702 3110 1787 3153 quasi
1811 3109 1922 3153 plagio
1935 3110 2122 3153 rapuerint3

1238 3170 1294 3193 cur
1316 3170 1390 3193 eum
1423 3160 1481 3193 fibi
1507 3158 1684 3202 parochum
1715 3159 1933 3201 ordinarint3
1970 3170 2026 3192 cur
2058 3159 2124 3198 ei,

1240 3209 1330 3252 quod
1361 3208 1622 3245 monachismum
1650 3219 1748 3253 atque
1764 3209 1866 3243 vitam
1904 3208 2122 3249 Eremiticam

1239 3270 1357 3293 exuere
1379 3260 1483 3294 nollet
1502 3285 1513 3301 ,
1544 3260 1693 3293 dederint
1716 3259 1850 3294 hortum
1871 3282 1882 3298 ,
1916 3259 2026 3294 locum
2060 3259 2124 3293 suae

1240 3309 1384 3343 civitatis
1406 3310 1659 3353 quietissimum,
1687 3309 1885 3343 monasterio
1902 3308 2124 3343 exstruendo?

1243 3358 1359 3402 AEque
1381 3359 1464 3394 clare
1487 3359 1643 3403 patebunt
1662 3358 1728 3393 haec
1749 3359 1862 3394 omnia
1885 3370 1926 3392 ex
1949 3357 2123 3393 intellectis

1242 3406 1328 3445 hisce
1348 3408 1530 3456 AugustIui
1551 3409 1656 3447 verbis
1677 3434 1685 3443 .
1710 3414 1835 3456 Cognito
1860 3408 1993 3491 institulto
2014 3410 2048 3443 Θ
2071 3419 2125 3442 vo-

1970 3466 2076 3494 antas&
