2384 3770
602 154 756 217 Qun>
794 151 885 195 Str
920 151 1102 194 Oam.
1141 145 1384 192 Voc.1N
1418 143 1636 194 GENER.
1740 115 1747 121 ·
1956 161 2045 214 355

279 234 433 278 reperitur
453 232 662 268 solummodo
684 229 945 266 similitudinarie
967 254 977 269 ,
1014 228 1094 261 sicut
1115 229 1148 261 si-
1211 225 1355 260 cidentia
1377 226 1529 263 definiti:
1550 230 1638 269 atqui
1664 231 1720 264 ista
1742 226 1893 266 definitio
1911 230 2004 265 datur
2026 242 2079 275 per

273 284 467 329 gnificatum
493 284 527 317 in
549 284 662 328 signo:
691 292 784 316 voces
807 281 919 320 enim,
946 278 1148 321 &scripturae
1211 276 1393 310 accidentia
1417 278 1644 323 propositionis
1664 281 1827 315 definitae:
1848 281 1927 326 e‘rgo
1948 282 1991 315 est
2002 281 2079 316 defi-

273 336 349 368 sunt
372 333 461 379 signa
474 333 690 378 significantia
701 355 712 371 ,
736 331 770 364 δε
782 328 1023 363 manifestantia
1034 340 1143 362 conce-
1211 327 1295 360 nitio
1318 327 1528 361 accidentalis
1541 352 1552 367 ‚
1571 339 1637 360 non
1651 330 1822 366 essentialis
1836 356 1843 363 .
1866 331 2014 364 Probatur
2024 337 2080 365 mi-

272 394 388 428 ptum,
415 396 452 418 ac
475 384 723 418 mentisadium.
754 379 845 423 Ergo
866 379 950 413 ratio
964 380 1145 422 principali·
1210 387 1286 409 nor:
1308 376 1397 425 Qia
1410 377 1563 412 definitio
1589 377 1655 411 haec
1666 376 1758 411 datur
1786 392 1837 422 per
1850 383 2017 416 veritatem
2042 381 2078 417 ὅ(

270 444 320 467 ter
348 435 523 479 fignificata
546 444 600 476 per
618 441 730 465 vocem
752 435 847 462 oratio
860 430 893 462 in
908 428 1042 462 mentali
1055 428 1147 472 vere;
1210 425 1402 461 falfitatem:
1425 428 1516 472 atqui
1539 428 1698 462 veritas&
1718 428 1915 465 falfitassunt
1930 431 2077 478 quaedam

270 485 307 517 in
319 485 455 528 scripta,
479 494 517 518 ac
529 480 659 517 mentali
681 482 836 525 reperitur
848 478 1147 514 solummodosimi-
1208 477 1439 519 propositionis
1462 477 1664 512 accidentia:
1688 478 1763 511 sunt
1785 478 1871 511 enim
1896 482 1913 514 a
1931 481 2077 525 proposi·-

271 534 461 568 litudinarie
473 556 481 565 .
661 560 663 562 ,
1112 546 1114 549 ν
1207 527 1301 560 tione
1326 527 1450 561 realiter
1461 527 1645 572 separabilia
1658 551 1669 567 ,
1692 528 1886 574 possuntque
1898 530 1944 562 illi
1954 531 2077 571 adesse,

321 585 354 620 6.
381 584 506 617 Eodem
522 579 623 614 modo
636 577 936 624 philosophandum
949 580 994 614 est
1012 578 1053 613 de
1065 578 1145 614 divi·
1209 586 1248 609 ac
1267 575 1370 611 abesi‘e
1391 577 1456 611 sine
1480 578 1711 623 propositionis
1730 579 1955 621 corruptione.
1986 581 2076 625 Ergo

269 634 361 668 fione
385 630 614 675 propositionis
628 656 638 672 ,
666 631 869 675 syllogismi,
896 631 1144 664 demonstratio·
1207 625 1264 659 ista
1287 627 1438 661 definitio
1449 628 1544 662 datur
1556 640 1609 672 per
1626 628 1805 662 accidentia
1818 627 1947 662 definiri
1964 653 1971 659 .
1998 632 2076 662 Pro-

270 683 344 722 nis,
372 681 463 715 modi
485 681 606 714 sciendi
628 704 638 720 ‚
666 682 872 725 aliorumque
896 680 1050 714 similium
1074 703 1086 720 ,
1107 680 1141 712 in
1205 675 1292 709 batur
1304 682 1398 709 minor
1413 691 1423 711 .·
1445 679 1537 726 Qia
1551 678 1653 721 potest
1666 678 1777 712 eadem
1795 678 1974 722 propositio
1988 678 2079 712 inva-

268 733 422 775 scriptum
435 755 446 771 ,
473 730 618 765 vocalem
632 755 642 772 ,
653 732 686 766 &
699 731 873 765 mentalem
887 756 894 763 .
919 733 1046 766 Omnes
1056 728 1145 772 quip-
1206 726 1284 761 tiata
1295 725 1335 760 de
1350 738 1422 762 vera
1435 727 1468 761 in
1494 729 1604 762 falsam
1618 754 1628 768 ‚
1650 740 1686 762 ac
1699 728 1740 762 de
1751 729 1829 762 falsa
1839 729 1969 762 transire
1983 729 2016 762 in
2026 739 2079 762 ve·

268 793 310 826 pe
322 781 368 815 hat
391 782 565 815 divisiones
589 783 661 815 sunt
673 781 806 825 analogi
830 781 863 814 in
878 781 934 814 sua
951 780 1124 824 analogata
1136 803 1143 810 .
1205 788 1291 810 ram:
1309 788 1387 821 ergo
1411 778 1528 812 veritas
1550 779 1582 812 &
1604 779 1720 812 falsitas
1742 778 1814 812 sunt
1826 778 1843 810 ὲ
1856 778 2079 821 propositione

269 836 359 865 Ratio
376 831 415 871 est
437 833 557 865 eadem:
583 832 675 878 Qia
701 831 786 865 ratio
798 830 1017 874 principaliter
1027 829 1144 873 signifi·
1204 826 1391 869 separabilia
1408 828 1476 861 fine
1494 838 1562 872 ejus
1583 828 1815 872 corruptione.
1841 830 1932 861 Patet
1958 835 2077 861 antece·

269 892 340 916 cata
356 892 412 924 per
424 893 536 916 vocem
542 880 694 923 propofitlo
710 905 721 920 ‚
743 879 941 924 syllogismus,
965 877 1142 918 demonstra·
1204 877 1295 908 dens:
1322 877 1412 924 Qia
1433 878 1518 912 verb.
1542 889 1621 923 grat.
1633 878 1698 912 haec
1712 879 1906 922 propositio,
1934 880 2022 912 Homo
2042 878 2079 917 est

266 936 330 972 m,
356 932 414 965 &a
429 933 463 966 in
490 931 624 965 mentali
645 931 801 974 reperitur
829 930 922 970 vere,
947 929 1027 963 ficut
1039 939 1144 973 genus
1203 925 1310 966 albus,
1337 930 1545 963 conservetur
1564 928 1581 961 ὲ
1605 928 1704 969 Deo,
1733 929 1783 962 vel
1805 928 1847 963 ab
1867 927 2003 962 homine
2025 939 2079 971 per

267 982 305 1016 in
328 982 385 1015 sua
404 980 527 1025 speeie;
554 981 589 1014 in
611 981 725 1023 scripta
738 979 837 1020 veto,
864 979 1016 1014 &vocali
1027 979 1145 1022 solum·
1203 976 1345 1010 mediam
1366 977 1479 1011 horam
1507 979 1660 1012 invariata
1681 991 1690 1021 ;
1718 989 1755 1012 ac
1782 980 1901 1012 interea
1926 978 2080 1020 temporis

267 1031 372 1066 mode>
381 1030 638 1065 similitudinarie
654 1029 752 1071 ,sicut
761 1029 978 1074 significatum
989 1029 1022 1063 in
1034 1029 1140 1073 signo.
1204 1025 1307 1060 homo
1318 1038 1359 1060 ex
1384 1027 1460 1062 albo
1482 1028 1644 1078 fiatpniger
1663 1050 1675 1068 ,
1700 1029 1734 1062 δε
1745 1029 1853 1063 denuo
1866 1040 1905 1063 ex
1920 1030 2015 1072 nigro
2037 1029 2081 1062 al-

267 1080 454 1125 Propositio
468 1082 559 1115 enim
578 1105 590 1123 ,
615 1080 824 1125 syllogismus
848 1105 860 1122 ‚
885 1079 1120 1114 demonstratio
1132 1103 1144 1118 ,
1208 1074 1267 1109 bus
1279 1100 1290 1116 ,
1318 1076 1375 1110 ista
1389 1079 1566 1121 propositio
1579 1090 1617 1112 ex
1632 1090 1703 1113 vera
1718 1080 1771 1113 fiet
1785 1079 1861 1113 falsa
1875 1103 1885 1119 ,
1911 1080 1942 1112 &
1953 1090 1994 1112 ex
2003 1079 2080 1115 falsa

271 1143 341 1166 non
355 1133 428 1166 sunt
441 1141 558 1172 voees,
586 1141 644 1165 aut
671 1132 856 1174 scripturae;
883 1132 935 1164 sed
948 1131 1143 1173 suntopera-
1204 1128 1310 1160 rursus
1330 1138 1421 1162 vera:
1446 1138 1524 1171 ergo
1545 1128 1646 1171 potest
1675 1130 1787 1163 eadem
1798 1129 2080 1171 propositioinva-

268 1182 377 1216 tiones
395 1182 539 1225 quaedam
563 1181 744 1215 intellecius
756 1205 767 1221 ‚
793 1191 864 1224 quae
886 1192 940 1224 per
959 1190 1076 1219 voces,
1107 1179 1141 1213 ἀ
1203 1178 1282 1210 riata
1293 1175 1334 1211 de
1347 1188 1420 1211 vera
1434 1178 1467 1211 in
1481 1179 1611 1216 falsam,
1641 1179 1729 1212 aede
1742 1180 1818 1213 falsa
1838 1179 1966 1212 transire
1978 1179 2011 1212 in
2023 1188 2080 1212 ve-

263 1232 439 1275 »scripturas
450 1231 690 1276 significantur,
717 1243 754 1264 ac
768 1231 1017 1264 manifestantur
1030 1243 1037 1262 :
1048 1231 1141 1265 adeo·
1204 1238 1269 1260 ram
1286 1250 1293 1258 ·
1319 1228 1372 1261 De
1384 1238 1451 1271 quo
1464 1228 1553 1271 plura
1565 1228 1597 1261 in
1613 1229 1722 1263 Libris
1733 1228 1774 1262 de
1789 1228 1930 1262 Anima.

267 1291 330 1323 que
341 1281 520 1324 propositio
530 1303 540 1319 ‚
566 1291 621 1314 aut
631 1281 868 1315 demonstratio
883 1281 1005 1315 vocalis
1019 1292 1084 1314 non
1095 1281 1139 1315 est
1255 1287 1283 1323 9.
1311 1279 1422 1313 Petes:
1447 1279 1503 1313 An
1516 1279 1626 1312 omnis
1638 1277 1781 1313 omnino
1796 1278 1970 1322 propositio
1981 1278 2017 1310 sit
2031 1288 2081 1311 ve·

265 1341 340 1365 vera
353 1330 549 1374 propositio,
574 1340 630 1364 aut
653 1330 914 1372 demonstratio;
947 1329 996 1364 sed
1008 1341 1142 1365 vocatur
1201 1337 1235 1360 η
1248 1325 1299 1360 vel
1309 1327 1406 1369 falsr,
1433 1328 1477 1363 ita
1489 1339 1525 1362 ut
1538 1329 1628 1363 nulla
1641 1330 1677 1363 fit
1689 1352 1700 1368 ³
1728 1340 1797 1373 quae
1810 1339 1912 1371 neque
1932 1328 1969 1361 fit
1982 1338 2054 1361 vera
2068 1352 2081 1366 ‚

267 1379 477 1415 solummodo
489 1381 692 1424 propositio,
719 1391 774 1415 aut
784 1379 1041 1422 demonstratio,
1065 1381 1140 1426 quia
1203 1388 1306 1421 neque
1329 1377 1432 1412 falsa?
1459 1377 1547 1421 Resp.
1571 1378 1708 1413 Nullam
1718 1381 1780 1413 esse
1794 1379 1915 1420 talem;
1942 1378 1993 1411 sed
2004 1388 2081 1412 om-

269 1430 315 1463 est
334 1430 463 1475 signum
488 1430 716 1474 propositionis
735 1456 746 1472 ‚
777 1442 834 1465 aut
853 1430 1142 1466 demonstrationis
1201 1438 1275 1461 nem
1299 1428 1442 1462 omnino
1463 1429 1715 1473 propositionem
1729 1453 1739 1468 ,
1766 1429 2010 1471 qualiscumque
2022 1428 2080 1461 de·-

267 1490 348 1512 verae
362 1481 396 1513 in
412 1490 522 1514 mente
541 1481 689 1514 latentis.
719 1480 811 1514 Sicut
824 1478 926 1514 homo
937 1481 1040 1522 pilius
1051 1490 1141 1514 voca·
1201 1488 1291 1511 mum
1302 1478 1338 1511 sit
1349 1503 1359 1519 ‚
1389 1479 1450 1513 sive
1463 1480 1588 1513 vocalis
1602 1505 1612 1520 ‚
1639 1480 1702 1512 five
1717 1480 1831 1522 scripta
1844 1503 1855 1519 ‚
1883 1479 1945 1512 sive
1955 1487 2082 1512 menta-

265 1538 316 1562 tur
328 1528 454 1568 homo,
481 1530 558 1573 quia
568 1529 615 1562 est
638 1530 767 1574 signum
778 1528 923 1563 hominis
938 1530 1021 1563 veri.
1050 1530 1140 1575 Ergo
1201 1528 1240 1561 lis
1252 1551 1263 1567 ,
1289 1528 1354 1562 sive
1364 1529 1555 1563 affirmativa
1567 1553 1578 1568 ,
1604 1530 1666 1562 five
1677 1533 1827 1572 negativa
1841 1554 1853 1569 ,
1877 1529 1939 1562 &c-
1951 1529 2014 1561 esse
2028 1527 2082 1561 vel.

261 1579 376 1613 omnia
397 1578 455 1613 ista
478 1589 548 1613 non
570 1581 702 1623 possunt
725 1580 789 1614 effe
801 1579 976 1614 univocata
989 1591 1003 1620 ;
1030 1580 1084 1616 sed
1093 1583 1141 1615 so-
1202 1586 1310 1610 vernm
1323 1578 1396 1617 ‚vel
1409 1578 1521 1611 falsam
1534 1602 1541 1610 .
1566 1581 1656 1612 Ratio
1665 1576 1701 1616 est
1714 1579 1814 1609 clara:
1835 1577 1926 1623 Qlt
1940 1578 1973 1609 5⁰
1987 1576 2085 1610 omni

262 1627 437 1664 lummodo
462 1629 535 1663 sunt
558 1630 750 1674 analogata.
1200 1626 1342 1662 omnino
1364 1627 1583 1670 propositione
1601 1626 1817 1671 significatum
1846 1625 2083 1670 praedicatifor-

313 1690 345 1725 7.
372 1678 614 1722 Petesficundd:
640 1679 696 1713 An
720 1690 785 1714 vox
807 1684 924 1719 Nemo,
950 1679 1084 1723 aliaeque
1094 1681 1134 1714 fi.
1201 1677 1286 1711 male
1307 1676 1358 1710 vel
1380 1676 1518 1719 subjecto
1538 1677 1694 1710 convenit
1717 1675 2004 1710 veldisconvenit:
2032 1688 2087 1709 ne-

262 1728 361 1763 miles
372 1740 468 1764 voces
479 1730 587 1763 mixtae
598 1729 833 1765 sintorationes
842 1731 994 1764 vocales?
1021 1730 1139 1765 Paffim
1200 1728 1272 1770 quit«
1281 1726 1370 1760 enim
1384 1726 1524 1770 subiefito
1537 1727 1632 1760 simul
1643 1727 1819 1761 convenire
1829 1751 1840 1768 ‚
1865 1726 1897 1759 &
1914 1725 2007 1759 fimul
2020 1725 2084 1760 dis·

261 1776 378 1814 dicunt
388 1780 452 1813 effe
464 1779 631 1814 orationes
640 1780 766 1814 vocales
777 1779 861 1822 apud
875 1779 1041 1824 Logicos,
1070 1792 1138 1814 non
1199 1777 1376 1811 convenire
1387 1789 1404 1819 ,ἡ
1431 1777 1478 1810 vel
1488 1787 1594 1820 neque
1614 1777 1791 1811 convenire
1803 1801 1815 1816 ,
1839 1786 1944 1819 neque
1954 1775 2083 1811 discon-

261 1836 374 1862 tamen
395 1828 482 1873 apud
506 1830 766 1865 Grammaticos.
793 1830 853 1864 Sed
876 1829 1022 1865 absolute
1033 1830 1140 1865 dicen.
1200 1827 1329 1860 venire:
1357 1827 1411 1861 sed
1423 1828 1598 1862 necessario
1610 1826 1668 1860 sub
1678 1825 1952 1861 disiunffionevel
1966 1836 2085 1860 conve·

260 1876 341 1912 dum
362 1877 409 1912 est
436 1878 531 1913 nullo
542 1880 643 1914 modo
654 1882 717 1915 esse
727 1880 894 1915 orationes
903 1881 1051 1921 vocales,
1079 1893 1138 1915 ne·
1200 1878 1273 1917 nit,
1301 1877 1352 1910 vel
1363 1877 1587 1911 disconvenit.
1616 1878 1650 1911 Si
1672 1877 1869 1916 conveniat,
1895 1875 2084 1919 praedicatio

260 1939 327 1970 que
350 1928 437 1970 apud
457 1928 700 1964 Grammaticos
714 1955 726 1970 ,
752 1941 860 1972 neque
878 1931 963 1971 apud
975 1931 1139 1972 Logieos.
1199 1927 1328 1959 estsvera
1339 1939 1351 1957 .·
1379 1927 1400 1958 si
1415 1927 1640 1963 disconveniat
1650 1950 1662 1966 ,
1679 1927 1864 1968 praedicatio
1874 1926 1918 1959 est
1931 1924 2007 1959 falsa
2021 1950 2033 1966 ,
2047 1936 2084 1961 ut

1200 1973 1344 2018 pluribus
1353 1975 1523 2009 ostendam
1536 1976 1638 2012 infra.
1664 1976 1754 2021 Ergo
1773 1978 1882 2010 omnis
1896 1974 2082 2020 praedicatio

1200 2025 1250 2059 vel
1261 2024 1305 2058 est
1322 2036 1393 2058 vera
1409 2049 1419 2065 ,
1444 2027 1490 2058 vel
1509 2025 1607 2067 falsa,
1634 2026 1789 2068 nullaque
1800 2027 1867 2067 est,
1887 2036 1958 2070 quat
1971 2037 2079 2069 neque

1199 2075 1235 2106 sit
1256 2085 1349 2113 vera,
1376 2085 1483 2115 neque
1506 2076 1582 2108 falsa
1596 2099 1608 2114 ,
1636 2077 1686 2110 vel
1705 2088 1776 2120 quae
1799 2078 1836 2111 sit
1857 2075 1950 2110 simul
1962 2075 2081 2110 vera&

1199 2122 1294 2154 falsa.

1251 2179 1302 2207 10.
1332 2170 1491 2206 Attamen
1504 2197 1514 2212 ‚
1541 2172 1617 2207 licet
1638 2175 1749 2208 omnis
1761 2175 1944 2217 pradicatio
1954 2177 1989 2209 si't
2008 2186 2082 2210 vera

1199 2221 1247 2253 vel
1270 2221 1345 2254 falsa
1359 2245 1370 2260 ,
1399 2234 1464 2255 non
1488 2232 1597 2256 tamen
1619 2226 1731 2259 omnis
1749 2225 1793 2258 est
1817 2237 1913 2260 verax
1925 2227 1975 2259 vel
1993 2237 2083 2260 men-

260 2271 307 2305 est
333 2296 345 2311 ,
372 2271 463 2314 quod
484 2272 607 2305 vocalis
633 2271 832 2305 constructio
848 2285 864 2304 .·-
899 2272 990 2314 atqui
1015 2273 1139 2305 vocalis
1198 2269 1282 2302 dax:
1311 2270 1466 2304 veracitas
1477 2271 1565 2303 enim
1586 2272 1621 2304 <Sc
1643 2273 1842 2308 mendacitas
1865 2287 1933 2309 non
1954 2277 2079 2310 cadunt

259 2321 461 2356 construfflo
481 2320 544 2354 esse
563 2321 678 2364 nequit
706 2321 772 2353 sine
796 2317 941 2363 pluribus
964 2320 1097 2354 vocibus
1129 2333 1136 2352 :
1200 2318 1231 2350 in
1247 2318 1505 2360 propositionem
1528 2321 1725 2354 mentalem:
1753 2322 1806 2356 sed
1819 2323 2028 2359 solummodo
2042 2326 2080 2360 in

263 1979 354 2010 Ratio
377 1976 511 2010 brev1rer
536 1978 573 2018 est
601 1991 609 2010 2
648 1979 741 2023 Quia
765 1978 873 2012 oratio
895 1977 1018 2012 vocalis
1044 1813 1160 2363 debet!

260 2381 341 2415 ergo
354 2370 462 2404 oratio
472 2370 595 2404 vocalis
605 2369 795 2404 effedebent
806 2368 913 2412 plures
926 2380 1022 2403 voces
1037 2392 1045 2400 .
1071 2370 1126 2404 Ne
1199 2371 1345 2409 scriptam
1365 2370 1398 2403 δε
1417 2369 1582 2403 vocalem.
1611 2369 1770 2405 Notanda
1795 2375 1915 2416 quippe
1942 2372 2007 2408 haee
2029 2374 2075 2407 est

262 2027 327 2060 ess'e
349 2026 456 2069 plures
469 2038 566 2061 voces
590 2028 674 2062 inter
697 2029 728 2061 se
737 2026 852 2062 debito
862 2027 984 2067 modo,
1011 2028 1139 2062 &ordi-

262 2085 305 2108 ne
315 2075 502 2110 construstae
514 2089 522 2109 z
549 2078 641 2121 atqui
653 2089 719 2112 vox
731 2082 848 2117 Nemo,
873 2077 1009 2121 aliaeque
1020 2078 1140 2111 similes

262 2135 333 2158 non
346 2126 420 2159 sunt
433 2135 530 2161 voces
539 2126 646 2167 plures
658 2148 669 2164 ‚
683 2126 736 2159 sed
747 2126 846 2158 unica
859 2135 946 2158 vox:
972 2134 1054 2169 ergo
1067 2126 1139 2158 nui·

260 2172 292 2208 la
310 2174 439 2208 ratione
455 2175 518 2208 esso
538 2174 671 2218 possunt
692 2173 820 2208 vocales
829 2173 1016 2207 orationes.
1042 2178 1139 2207 Ratio

259 2225 386 2264 majoris
413 2224 452 2264 eft
470 2235 479 2255 ε
506 2224 597 2270 Qia
618 2223 742 2257 vocalis
759 2224 867 2256 oratio
886 2222 973 2257 idem
995 2224 1139 2257 omnino

261 2431 327 2464 que
343 2420 428 2454 ηχος
440 2420 500 2454 ista
510 2420 678 2454 distinctio
687 2420 729 2454 de
742 2419 873 2465 Logico
886 2443 897 2459 ,
923 2419 955 2453 &
967 2419 1137 2455 Gramma·
1181 2410 1376 2465 {differentia
1397 2418 1483 2453 inter
1506 2420 1760 2463 propositionem
1771 2423 1947 2458 mentalem
1958 2435 1999 2458 ex
2010 2435 2076 2458 una

1182 2466 1186 2486 ³
1198 2478 1344 2511 pammac
1355 2470 1504 2512 scriptam
1513 2470 1546 2504 ἀ
1559 2471 1707 2505 vocalem
1717 2482 1758 2505 ex
1768 2472 1833 2506 alia
1845 2483 1932 2515 parte
1942 2498 1949 2506 .
1968 2474 2075 2522 Qod

1197 2518 1382 2567 praedicatio
1394 2520 1509 2563 scripta
1519 2521 1550 2554 &
1562 2520 1686 2554 vocalis
1706 2522 1824 2565 possint
1837 2524 1900 2557 esse
1912 2534 1990 2558 verae
2000 2549 2011 2565 ,
2037 2524 2073 2558 ὄε

1197 2569 1282 2603 falsae
1294 2593 1306 2610 ,
1331 2581 1460 2603 veraces
1470 2594 1482 2610 ,
1508 2570 1543 2603 δε
1554 2570 1725 2605 mendaces
1737 2583 1746 2614 ;
1761 2574 1998 2608 mentalisverd
2009 2575 2074 2608 effe

259 2470 329 2504 tico
346 2481 354 2502 =
379 2470 471 2517 Qia
497 2493 509 2510 ‚
536 2478 572 2504 ut
591 2470 658 2512 jam
675 2470 852 2514 aliquoties
870 2470 940 2503 dixi
957 2494 968 2511 ,
995 2471 1034 2503 de
1055 2480 1137 2504 voce

258 2518 439 2563 simplici&
452 2520 646 2563 complexa,
673 2519 714 2554 de
735 2520 933 2564 adjeaiva&
962 2520 1135 2554 substanti-

258 2579 299 2603 va
312 2593 324 2609 ,
348 2567 389 2603 de
401 2570 483 2603 reeta
495 2570 530 2604 ἀ
543 2569 680 2614 obliqua
692 2593 705 2610 ,
729 2570 771 2604 de
789 2570 937 2604 oratione
949 2570 982 2603 ὅ(
993 2570 1133 2604 constru-

257 2617 365 2652 ctione
376 2620 506 2658 vocali,
531 2620 596 2653 διε.
622 2619 844 2663 philosophari
857 2619 1134 2665 debentLogici,

259 2668 415 2710 physici,
445 2667 587 2710 Juristae,
613 2668 811 2712 Theologi,
832 2671 896 2704 ἀς.
919 2671 996 2703 sicut
1026 2669 1133 2710 philo·-

261 2715 439 2761 sophantur
449 2717 662 2751 Grammatici
678 2717 780 2764 :Qia
795 2718 878 2752 hanc
892 2718 1134 2764 philosophiam

259 2778 327 2801 non
339 2767 463 2802 faciunt
476 2767 612 2802 nomine
621 2768 701 2806 suo;
728 2767 782 2803 sed
809 2768 902 2803 illam
915 2779 1106 2805 mutuantur
1117 2771 1133 2803 a

259 2817 506 2853 Grammatico.

1197 2619 1299 2662 potest
1322 2620 1456 2662 quidem
1477 2630 1548 2653 vera
1570 2620 1603 2654 &
1623 2621 1721 2662 falsa,
1749 2634 1817 2657 non
1846 2634 1956 2659 tamen
1980 2635 2075 2658 verax

1182 2660 1251 2702 laut
1262 2670 1405 2703 mendax
1419 2693 1427 2702 .
1454 2673 1545 2703 Rana
1555 2669 1592 2709 efi
1603 2671 1704 2704 clara:
1731 2672 1821 2718 Qia
1832 2675 1901 2708 esse⁴
1918 2674 2075 2718 praedica-

1196 2719 1323 2753 tionem
1345 2729 1452 2753 veram
1471 2719 1522 2753 vel
1551 2720 1663 2755 falsam
1687 2721 1733 2755 est
1756 2723 1846 2756 illam
1864 2725 1926 2757 esse
1938 2726 2075 2758 confor-

1197 2779 1280 2802 mem
1305 2769 1354 2803 vel
1377 2768 1562 2804 difformem
1586 2772 1631 2804 rei
1653 2772 1857 2815 significatae=3
1885 2772 1974 2806 illam
1998 2774 2075 2807 verti

1195 2819 1258 2852 esse
1282 2818 1470 2854 mendacem
1494 2821 1543 2853 vel
1566 2831 1709 2855 veracem
1723 2822 1944 2857 estiilameffe
1954 2822 2074 2857 diffor-

1197 2880 1282 2902 mem
1304 2869 1355 2902 vel
1365 2870 1568 2904 conformem
1581 2867 1716 2905 interno
1725 2872 1854 2915 Iudicio
1869 2873 1988 2907 mentis
2005 2886 2015 2906 :
2028 2882 2071 2907 at-

477 2918 513 2952 D
540 2917 582 2953 U
607 2916 636 2951 B
662 2919 678 2953 1
704 2918 745 2954 U
771 2918 812 2952 M
864 2919 904 2953 11.
1195 2919 1250 2961 qui
1273 2920 1451 2963 propositio
1471 2920 1627 2954 mentalis.
1646 2921 1783 2966 quidem·
1800 2923 2000 2958 conformati
2023 2923 2074 2958 vel

1195 2969 1374 3003 difformari
1394 2969 1499 3013 potest
1523 2970 1572 3005 rei·
1587 2971 1794 3016 significata,
1821 2985 1887 3007 non
1902 2983 2012 3008 tamen
2023 2973 2074 3007 in·

371 3018 463 3062 ,Quid
476 3016 515 3060 fit
531 3017 682 3062 propofitio
701 3020 812 3052 vocalis
834 3023 867 3052 sn
884 3018 1016 3063 genere?
1195 3028 1288 3053 terno
1309 3019 1437 3061 Iudicio
1458 3021 1576 3055 mentis
1598 3034 1611 3054 .-
1638 3022 1703 3066 ipsa
1727 3024 1818 3058 enim
1840 3024 1885 3058 est
1907 3023 2073 3058 internum

1195 3068 1360 3112 Iudicium
1379 3072 1517 3104 mentis.
1547 3070 1638 3116 Ergo
1659 3072 1791 3116 quidem
1805 3075 1869 3108 esse
1878 3073 1982 3118 potest
1997 3084 2074 3108 vera.

262 3113 295 3153 8·
322 3115 388 3200 P
404 3118 576 3162 Ropositio
594 3118 718 3154 vocalis
737 3118 823 3153 varia
846 3116 966 3153 habent
976 3117 1132 3153 nomina:
1195 3119 1248 3153 vel
1260 3118 1357 3160 salsa,
1370 3131 1438 3154 non
1452 3130 1561 3154 tamen
1574 3133 1667 3156 verax
1680 3123 1730 3156 vel
1746 3125 1902 3158 mendax.
1935 3124 1983 3158 At
1996 3120 2072 3158 vero

414 3179 546 3204 vocatur
571 3169 659 3204 enim
684 3169 861 3213 propositio
880 3192 890 3208 ‚
928 3168 1133 3210 enuntiatio,

260 3218 466 3260 praedicatio,
493 3221 599 3255 oratio
612 3220 812 3254 enuntiativa
826 3244 835 3258 ‚
856 3219 918 3252 &c.
932 3219 1016 3253 Item
1028 3220 1133 3253 varias

260 3265 360 3301 habet
371 3268 579 3304 definitiones
594 3295 601 3303 .
621 3270 730 3305 Prima
751 3270 812 3303 effe
838 3267 940 3312 potest
963 3267 1051 3303 haec:
1075 3269 1131 3303 Est

261 3317 370 3351 oratio
393 3329 505 3352 verum
529 3320 579 3353 vel
599 3320 713 3355 falsum
728 3320 927 3365 significans.
950 3318 1010 3352 Sed
1022 3319 1132 3353 desini-

1195 3169 1380 3213 praedicatio
1402 3170 1519 3213 scripta
1543 3171 1577 3205 dc
1600 3172 1721 3206 vocalis
1730 3175 1927 3208 conformari
1941 3174 2072 3218 possunt

1194 3229 1261 3254 tam
1272 3219 1316 3253 rei
1330 3244 1340 3258 ,
1367 3229 1469 3263 quam
1485 3219 1616 3255 interno
1628 3222 1759 3266 Judicio
1777 3226 1916 3259 mentis:
1943 3234 2075 3259 utrum-2

1194 3279 1257 3310 que
1279 3269 1365 3302 enim
1386 3269 1586 3313 significant.
1618 3274 1670 3306 Ac
1691 3285 1745 3316 per
1771 3274 1918 3309 ordinem
1940 3274 1981 3309 ad
2001 3282 2071 3308 rem

1194 3319 1351 3352 dicuntur
1363 3320 1501 3354 veratvel
1515 3321 1621 3364 falsae;
1650 3334 1705 3366 per
1719 3324 1867 3358 ordinem
1882 3325 1958 3358 vero
1970 3322 2010 3359 ad
2021 3325 2071 3358 in·

1194 3377 1322 3402 ternum
1335 3370 1455 3403 mentis
1479 3370 1643 3414 Iudicium
1654 3373 1672 3405 a
1685 3373 1716 3407 se
1730 3374 1947 3417 significatum
1958 3375 2073 3408 dicun-

1195 3428 1247 3452 tur
1258 3419 1318 3452 esse
1331 3430 1456 3454 veraces
1469 3421 1521 3456 vel
1532 3422 1720 3458 mendaces.
1751 3423 1851 3472 Qod
1862 3425 1906 3458 est
1919 3424 2003 3459 bene
2014 3433 2073 3456 no-

1194 3469 1351 3504 tandum.

263 3368 313 3400 tio
325 3364 389 3402 haec
403 3378 469 3402 non
493 3369 539 3402 est
562 3369 755 3413 essentialia
779 3370 832 3404 sed
854 3368 1065 3403 solummodo
1081 3369 1133 3403 de-

261 3417 421 3461 scriptiva'
435 3419 468 3452 ὃ(
487 3419 700 3455 accidentalis
715 3447 722 3454 .
740 3424 833 3453 Ratio
853 3418 891 3459 est
913 3420 1015 3452 clara:
1040 3419 1130 3468 Qia

260 3464 320 3502 illa
337 3468 491 3504 definitio
509 3469 557 3504 est
580 3468 812 3512 accidentalis,
831 3481 902 3514 quae
914 3469 1009 3504 datur
1020 3479 1075 3512 per
1083 3480 1133 3505 ac-
1954 3519 2021 3554 Al„

1890 3533 1940 3559 11-
2001 3532 2022 3553 u
