2384 3770
648 133 770 178 Auen
807 130 959 198 Quin.
998 131 1172 195 Qaesr.

474 267 810 304 DUBIUM
861 264 935 300 IV.

331 366 408 403 Alie
435 369 578 411 quaedaem
601 366 815 410 quaesttanculae
838 370 921 400 circa
939 362 1084 408 fignifica-

583 424 692 451 nonem
710 422 800 463 *vocis
812 440 820 449 .

1210 128 1364 174 Ctaca
1392 129 1488 175 Sto.
1527 132 1668 177 Vocis
1682 163 1694 177 .
1941 145 1996 190 13
2011 143 2035 188 5

1193 214 1301 288 ibatur
1315 217 1415 245 minor
1429 225 1436 244 :
1462 213 1540 256 quia
1564 224 1618 256 per
1628 224 1743 249 vocem
1756 213 1922 251 astualiter
1931 212 2082 260 sigificat-i

1208 263 1254 298 est
1275 261 1316 296 ab
1335 260 1489 297 audiente
1512 263 1678 297 astualiter
1711 267 1842 309 concipi
1868 278 1876 298 ε
1914 265 2007 308 atqui
2030 275 2085 297 au·

1208 314 1303 348 diens
1327 313 1413 356 prius
1439 311 1587 355 concipit
1622 324 1689 346 rem
1714 326 1907 359 conceptam
1934 341 1945 356 ,
1983 320 2095 358 quam·

1209 363 1374 405 loquentis
1395 362 1437 396 de
1460 364 1516 397 illa
1538 372 1737 405 conceptum
1762 376 1771 405 3
1808 376 1885 409 ergo
1907 376 1961 408 per
1986 374 2084 398 voces

1208 415 1295 457 prius
1317 413 1519 458 significatur
1539 423 1588 448 res
1608 437 1620 453 ‚
1647 423 1747 454 quam
1772 424 1948 457 conceptus
1968 440 1975 447 .
2005 417 2085 447 Pro-

1207 464 1297 497 batur
1320 469 1435 496 minor:
1465 463 1541 506 quia
1562 473 1744 506 conceptus
1764 473 1832 496 non
1847 465 1948 506 potest
1963 473 2088 509 cogno·

269 517 326 554 26.
422 518 623 559 Emptum:
647 522 689 550 an
703 525 768 550 vox
779 513 894 549 eadem
907 513 1147 560 significatione
1208 514 1252 547 sci
1279 513 1336 547 nili
1360 512 1467 557 primo
1499 514 1720 557 cognoscatur
1742 523 1790 545 res
1815 523 1869 555 per
1891 512 1983 546 illum
2006 525 2087 548 con-

435 567 548 601 adiuali
569 565 731 611 significet
755 574 823 600 rem
845 566 1087 609 &conceptum
1101 565 1148 598 lo-

267 617 428 663 quentis?
452 613 541 660 Resp.
564 617 722 650 ordinari?
742 616 825 659 quod
845 624 923 649 nou.
950 616 1053 650 Ratio
1075 615 1121 649 est
1139 626 1148 648 τ

267 668 346 712 quia
365 666 496 702 actualis
508 666 707 711 significatio
723 666 814 702 vocis
831 665 876 700 est
888 665 1042 711 cognitio
1055 664 1153 700 intel-²

269 719 384 752 lessiva
403 715 566 751 audientis
588 727 702 751 vocem
717 741 728 758 ,
754 727 818 760 qua
843 716 1003 761 intelligit
1025 726 1068 750 ex
1093 685 1164 756 tro-i

268 779 309 802 ce
331 766 421 801 vocis
441 766 679 811 significatum:
708 767 800 809 atqui
823 767 959 801 audiens
983 763 1148 800 ordinarie

270 818 335 853 alia
361 815 583 851 intellectione
606 827 699 857 rem,
723 817 788 850 alia
799 826 998 860 conceptum
1013 816 1148 860 loquen-

271 868 314 901 tis
333 867 493 912 intelligit
514 879 525 909 ς
559 877 640 912 ergo
664 877 730 901 vox
749 866 916 901 ordinarie
937 867 1002 899 alia
1027 864 1147 900 actuali

271 916 513 962 significatione
536 928 603 950 rem
629 940 640 956 ,
667 916 731 948 alia
757 926 957 959 conceptum
980 914 1149 958 loquentis

268 968 432 1014 fignificat
444 990 452 999 .
481 966 570 1001 Dico
586 966 760 1001 ordinarie:
787 966 864 1010 quia
878 977 945 1000 non
960 965 1058 999 video
1069 975 1148 1009 qua-

272 1028 305 1052 re
329 1018 403 1060 quis
423 1017 528 1051 veloci
550 1027 588 1050 ac
621 1015 705 1049 bene
730 1014 881 1050 defaecata
904 1014 1071 1061 phantasia
1094 1015 1147 1048 in-

271 1066 438 1102 tellectum
463 1066 687 1100 illuminatum
710 1063 834 1101 habens
857 1077 925 1100 non
942 1066 1037 1110 poffit
1049 1075 1144 1109 quan-

270 1118 382 1160 doque
405 1116 507 1150 unico
526 1118 599 1149 astu
622 1115 807 1161 intelligere
834 1117 868 1150 dc
889 1127 957 1151 rem
981 1116 1015 1149 ἀ
1035 1125 1149 1150 conce·

258 1161 366 1211 ”ptum
389 1166 479 1201 istius
500 1167 564 1200 rei:
592 1166 740 1209 adeoque
761 1177 820 1200 cur
842 1177 907 1199 vox
930 1166 987 1200 ista
998 1165 1066 1200 duo
1079 1175 1146 1198 non
1170 1189 1173 1196 ,

273 1217 368 1261 poffit
384 1227 448 1249 una
463 1216 580 1251 actuali
593 1216 833 1262 significatione
842 1216 1024 1262 significare
1037 1240 1043 1248 .
1058 1216 1148 1252 Nam

272 1266 455 1301 intellectus
478 1290 490 1306 ‚
527 1266 585 1310 qui
620 1267 735 1309 nequit
769 1266 870 1301 unico
892 1268 963 1300 adiu
984 1266 1147 1312 attingere

271 1316 343 1350 duo
363 1314 508 1358 objecta,
536 1318 637 1349 etiam
660 1316 843 1358 disparata,
869 1315 953 1350 mihi
965 1316 1146 1351 admodum

272 1365 458 1409 limitatus,
487 1376 526 1399 ac
548 1365 769 1399 materialibus
795 1365 941 1407 faecibus,
970 1366 1146 1410 plusquam

273 1416 351 1451 satis
372 1415 436 1454 est,
465 1414 592 1450 videtur
610 1414 777 1452 immersus
790 1438 798 1448 .
825 1418 869 1449 De
879 1425 935 1458 quo
946 1415 1039 1450 alibi.

325 1477 382 1512 27.
411 1467 499 1499 Peter
521 1465 669 1511 sicundae
695 1476 738 1499 au
762 1466 847 1500 inter
870 1465 928 1499 has
949 1465 1089 1499 actuales
1110 1465 1147 1499 si-

273 1516 507 1560 gnificationes
527 1516 562 1548 sit
585 1514 705 1559 aliquis
722 1514 827 1556 ordo,
855 1515 890 1549 &
911 1515 1021 1559 aliqua
1033 1515 1148 1558 priori-

273 1566 351 1599 tas?
375 1562 463 1610 Resp.
477 1565 684 1606 affirmative—‚-
713 1574 789 1599 nam
804 1564 934 1599 astualis
945 1565 1145 1609 significatio

273 1625 452 1658 conceptus
473 1615 518 1648 est
541 1614 628 1658 prior
642 1614 677 1648 in
700 1614 816 1649 ordine
839 1615 1038 1658 intentionis,
1058 1640 1069 1657 ‚
1106 1615 1147 1649 fi-

273 1664 449 1711 gnificatio
481 1667 558 1699 vero
589 1666 633 1699 rei
663 1675 831 1709 conceptae
855 1665 900 1699 est
921 1665 1008 1710 prior
1029 1665 1146 1699 ordine

273 1714 478 1750 executionis
491 1737 499 1746 .
530 1714 663 1751 Etenim
688 1715 774 1749 ordo
791 1715 1045 1750 executionis&
1062 1715 1148 1750 ordo

274 1765 472 1801 intentionis
495 1765 570 1799 sunt
592 1765 759 1800 ordinarie
776 1764 843 1799 duo
864 1766 996 1800 ordines
1006 1765 1063 1800 fibi
1077 1776 1146 1800 rnu—

275 1825 336 1850 tuo
358 1814 519 1860 oppofiri:
548 1816 592 1850 ita
615 1823 651 1851 ut
672 1814 755 1850 illud
769 1839 780 1855 ,
807 1814 895 1860 quod
917 1815 964 1850 est
983 1815 1146 1860 primum,

273 1865 325 1900 vel
346 1865 433 1908 prius
455 1865 488 1898 in
511 1866 631 1899 ordine
652 1865 876 1907 intentionis,
899 1865 1146 1910 fitpostremum

273 1916 326 1949 vel
338 1915 495 1958 posterius
506 1915 539 1950 in
551 1915 670 1950 ordine
681 1916 907 1950 executionis:
933 1915 994 1950 &e
1004 1926 1119 1950 contra
1136 1927 1144 1948 ι

274 1965 318 1998 'de
341 1973 408 2007 quo
426 1964 535 1997 videre
557 1975 650 2009 potes
668 1963 868 2008 Magistrum
896 1976 1006 1999 meum
1021 1965 1147 1998 Michae-

275 2014 334 2047 lem
346 2013 539 2047 paludanum
552 2036 564 2052 ,
594 2023 623 2049 1·
634 2024 664 2050 2.
678 2024 739 2055 q.1.
754 2011 868 2056 disp-1.
874 2022 993 2061 pai-13.
1005 2013 1144 2052 num-26.

278 2065 386 2096 Prima
402 2071 478 2105 pars
500 2068 559 2096 mel
578 2062 707 2105 responfi
721 2064 882 2105 probatur:
909 2065 987 2107 quia
1008 2063 1099 2098 istius
1111 2064 1144 2097 fi-

273 2111 435 2156 gnificati‘
446 2111 578 2146 astualis
596 2113 796 2155 significatio
810 2112 858 2146 est
881 2112 968 2155 prior
979 2113 1012 2145 in
1025 2113 1143 2148 ordine

271 2160 490 2200 intentionis,
518 2169 588 2206 qux
608 2159 649 2194 ab
661 2159 854 2195 horninibus
868 2166 964 2196 voees
974 2161 1013 2195 ad
1026 2160 1143 2207 signifi-

271 2208 414 2246 candum
439 2209 675 2254 deputantibus
698 2211 803 2254 primo
825 2211 889 2245 fuit
905 2210 1036 2246 intenta
1055 2237 1067 2254 ‚
1105 2221 1144 2245 ac
1170 2217 1172 2223 ’

271 2259 445 2295 desiderata
460 2273 472 2295 .-
496 2259 585 2305 atqui
598 2259 748 2295 homines
769 2260 876 2304 primo
887 2260 1096 2297 intenderunt
1109 2262 1144 2295 si-

271 2310 524 2355 gnificationem
546 2319 736 2344 mutuorum
754 2318 997 2355 conceptuum3
1021 2308 1145 2345 deinde

272 2358 546 2404 significationem
567 2368 671 2392 rerum
698 2367 931 2403 conceptarum
953 2373 966 2403 ,-
1000 2370 1081 2404 ergo
1102 2359 1143 2393 si-

271 2409 445 2455 gulfic'atio
466 2419 643 2453 conceptus
660 2409 705 2443 est
719 2409 752 2443 in
765 2409 954 2444 intentione
966 2408 1141 2451 hominum

271 2467 372 2494 voces
404 2458 446 2493 ad
475 2458 727 2503 significandum
753 2458 985 2501 deputantium
1019 2460 1106 2504 prior
1131 2485 1142 2501 ‚

271 2515 371 2553 quam
390 2508 588 2554 significatio
609 2508 675 2542 rei.
700 2508 851 2543 Prot-um
864 2512 979 2543 minor:
1007 2509 1083 2552 quia
1109 2509 1141 2542 fi-

270 2559 323 2593 nis
344 2558 389 2593 est
411 2559 554 2602 primurn
576 2557 611 2592 in
630 2558 820 2593 intentione
832 2561 975 2605 agentis:
1003 2559 1136 2603 atquisi-

269 2609 446 2655 gnificatio
466 2613 656 2643 mutuorum
676 2609 963 2652 conceptuumest
986 2609 1065 2644 finis
1090 2619 1145 2643 vo·

268 2665 346 2693 cum
366 2670 376 2701 ;
413 2666 509 2692 voces
527 2658 647 2701 quippe
669 2657 711 2692 ab
728 2657 1140 2694 hominibusinventaeac
1167 2682 1170 2687 ›

269 2709 312 2742 ad
338 2706 589 2751 significandum
622 2706 783 2751 deputata
805 2709 879 2745 sunt
903 2717 1073 2753 tamquam
1094 2709 1139 2744 in-

269 2758 448 2792 strumenta
458 2757 707 2792 communionis
717 2768 755 2791 ac
767 2758 929 2794 societatis
937 2784 949 2801 ,
974 2761 1009 2794 δι
1022 2761 1139 2794 sermo·

269 2807 449 2843 cinationis
464 2805 645 2854 *humanm
671 2808 794 2852 quaein
817 2816 1005 2843 mutuorum
1025 2820 1139 2845 conce·

268 2867 385 2902 ptuum
407 2857 708 2892 communicatione
730 2858 787 2892 fita
810 2859 856 2892 est
885 2871 892 2891 :
917 2857 957 2892 de
981 2855 1140 2903 q'uoq'ml-

268 2907 345 2943 chre*
366 2906 544 2951 Augustinur
562 2907 605 2940 lib
617 2919 647 2946 2.
665 2910 705 2942 de
716 2910 820 2943 ordine
834 2931 844 2948 ,
867 2917 991 2951 cap.12.
1005 2904 1093 2954 Ergo
1107 2904 1139 2944 si-

234 2963 242 2967 '
267 2957 440 3002 gnificatio
462 2958 596 2993 aetuans
614 2968 836 3003 conceptuum
859 2960 921 2993 fuir
944 2960 1084 3002 primum
1099 2959 1140 2994 ab

267 3006 460 3042 hominibus
481 3018 576 3042 voces
594 3007 839 3044 invenientibus
856 3033 867 3049 ,
894 3020 932 3043 ac
953 3008 994 3043 ad
1017 3009 1139 3054 fignifi-

267 3058 410 3093 candum
430 3058 663 3101 deputantibus
687 3059 870 3093 intentum.

318 3105 372 3146 28.
402 3108 549 3142 Probatur
558 3111 787 3152 enamsecunda
806 3107 933 3152 responfi
935 3118 1010 3151 pars
1024 3123 1036 3144 .-
1062 3112 1135 3155 quia

266 3156 359 3192 istius
380 3156 553 3202 significati
575 3160 709 3194 actualis
720 3159 970 3204 fignificatioest
983 3162 1069 3204 prior
1080 3173 1136 3195 or-

266 3207 346 3242 dine
357 3208 585 3249 executionis,
608 3220 677 3254 quae
693 3212 780 3253 prior
791 3210 958 3244 obtinetur
970 3234 980 3250 ‚
1002 3221 1039 3244 ac
1051 3212 1137 3254 prior
1160 3224 1163 3228 <

265 3257 303 3291 fit
319 3271 331 3292 .·
359 3259 450 3302 atqui
473 3269 527 3301 per
543 3270 638 3294 voces
667 3271 715 3294 res
736 3270 891 3303 concepta
918 3260 1003 3301 prius
1015 3261 1135 3307 signifi·

264 3318 356 3342 catur
378 3332 388 3350 ,
412 3319 511 3353 quam
538 3319 716 3354 conceptus
739 3323 746 3343 :
774 3310 919 3354 adeoque
939 3310 1134 3353 significatio
1160 3307 1162 3310 ’

265 3358 310 3391 rei
323 3357 409 3400 prior
431 3358 639 3392 obtinetur&
654 3360 690 3394 fit
702 3384 713 3401 ,
740 3372 839 3405 quam
850 3359 1045 3405 significatio
1057 3373 1134 3396 cou-

265 3417 401 3450 ceptus3
428 3420 508 3454 ergo
532 3409 730 3453 significatio
751 3412 795 3444 rei
818 3412 861 3444 est
876 3410 961 3454 prior
975 3409 1007 3444 in
1018 3412 1134 3446 ordine

264 3458 489 3498 executionis,
517 3470 615 3504 quam
636 3460 828 3506 significatio
838 3470 1039 3505 conceptus?
1060 3464 1134 3496 Pre-

1205 572 1321 607 cepta‚
1349 564 1411 597 five
1433 563 1600 607 objectum
1628 562 1717 605 ejus3
1744 561 1907 605 objedium
1930 562 2007 595 veto
2029 574 2094 606 pon*

1208 614 1267 648 test
1292 614 1449 658 cognosci
1472 614 1592 656 absque
1613 622 1775 656 conceptu
1799 615 1855 646 suo
1875 624 1890 654 ,-
1928 622 2007 655 ergo
2030 624 2085 646 au-

1208 664 1300 698 diens
1320 663 1494 698 necessario
1513 662 1619 707 primo
1643 673 1711 697 rem
1733 687 1744 703 ‚
1770 663 1802 696 ἀ
1826 661 1944 696 deinde
1967 672 2086 696 conce·

1210 725 1300 758 ptum
1326 714 1527 759 cognoscit.
1562 715 1743 747 antecedens
1758 712 1797 752 est
1823 714 1935 746 clarum
1959 722 1972 743 :-
2005 721 2085 745 nam

1209 774 1389 808 concePtus
1410 763 1446 796 ὅ(
1472 762 1635 806 objefium
1659 764 1748 798 illius
1764 764 1837 797 sunt
1848 762 1889 796 de
1901 772 1996 807 grege
2011 760 2088 795 isso-

1208 826 1281 849 rum
1307 839 1319 855 ,
1358 825 1430 858 quae
1451 813 1567 858 vulgus
1588 814 1719 848 relativa
1745 823 1947 847 non-mutua
1967 820 2085 853 vocat;

1208 876 1244 899 ut
1259 866 1334 899 sunt
1348 864 1481 899 scientia
1494 863 1528 897 ἃ
1542 863 1673 898 scibile:
1700 862 1779 898 sisio
1790 863 1826 897 ἀ
1839 860 1981 897 visibile:
1995 872 2087 895 men·

1210 914 1574 956 furacemensurabile,
1601 916 1663 948 &c-
1679 913 1782 957 Atqui
1805 914 1889 948 inter
1901 912 1967 946 haec
1979 910 2088 945 trivia·

1211 965 1253 998 lia
1266 965 1400 999 relativa
1413 965 1534 1007 semper
1545 967 1687 1008 primum
1712 963 1745 997 in
1762 965 1816 998 sua
1827 963 2024 1008 cognitione
2034 961 2088 996 de-

1211 1014 1356 1058 pendet,
1386 1025 1423 1047 ac
1447 1016 1666 1059 praesupponit
1687 1014 1919 1059 cognitionem
1932 1011 2085 1053 secundi;

1207 1065 1375 1098 undarum
1396 1063 1453 1107 ὥς
1481 1075 1560 1109 ergo
1581 1065 1681 1098 etiam
1703 1074 1880 1107 conceptus
1904 1065 2090 1106 semperco·

1209 1115 1353 1160 gnitioni
1366 1115 1413 1148 sui
1436 1115 1628 1157 praerequirit
1642 1115 1870 1160 cognitionem
1881 1115 1924 1148 rei
1936 1114 1953 1146 a
1965 1114 1996 1147 se
2006 1122 2087 1146 con·

1209 1176 1309 1209 ceptae
1333 1190 1344 1205 ,
1371 1165 1437 1198 sive
1457 1163 1504 1197 sui
1526 1162 1642 1208 objedi
1665 1189 1673 1196 .
1700 1166 1783 1198 Haec
1806 1167 1913 1198 tamen
1938 1163 2088 1206 prioritas

1211 1226 1279 1249 non
1302 1214 1348 1249 est
1369 1214 1519 1258 prioritas
1539 1214 1715 1257 temporis.-
1745 1214 1797 1248 sed
1810 1214 2021 1248 solummodo
2033 1223 2088 1246 na·

1209 1276 1310 1304 turae,
1335 1275 1391 1298 aut
1405 1266 1515 1308 potius
1528 1264 1685 1300 naturalis
1709 1263 2005 1308 praesuppolitionis
2017 1285 2025 1293 .

1261 1326 1315 1363 29.
1342 1317 1430 1349 Petes
1441 1317 1548 1348 tertio:
1576 1327 1617 1350 an
1631 1326 1730 1349 voces
1740 1315 1841 1349 etiam
1853 1313 1977 1348 diversa
1991 1310 2089 1356 figni-

1210 1365 1367 1400 ficatione
1389 1365 1596 1408 aptitudinali
1621 1375 1686 1399 rem
1700 1365 1941 1407 &conceptum
1954 1363 2090 1407 loquen—

1173 1441 1175 1443 -
1210 1416 1255 1450 tis*
1274 1414 1489 1461 significent?
1513 1414 1599 1459 Resp.
1624 1417 1780 1459 negative,
1809 1416 1942 1448 &dicos
1967 1411 2090 1458 signifi-

1209 1476 1283 1500 care
1292 1464 1530 1510 significatione
1541 1465 1748 1509 aptitudinali
1759 1465 1872 1499 eadem
1883 1489 1890 1496 .
1918 1463 2088 1497 Probatur:

1209 1516 1285 1560 quia
1308 1517 1505 1560 significatio
1525 1515 1750 1558 aptitudinalis
1773 1524 1890 1549 vocum
1901 1515 1944 1548 en
1958 1514 2022 1557 ipsa
2035 1522 2095 1546 en-

1211 1566 1287 1599 titas
1301 1577 1440 1608 vocum3
1467 1574 1500 1598 ut
1512 1566 1626 1598 didam
1638 1565 1675 1603 est
1685 1564 1778 1607 supra
1789 1562 1899 1607 dispo..
1917 1562 2022 1605 Atqui
2036 1572 2095 1596 eu·

1208 1615 1286 1650 titas
1307 1614 1395 1649 vocis
1415 1615 1460 1649 est
1486 1613 1582 1659 plane
1603 1615 1718 1648 eadem
1737 1617 1817 1648 dum
1830 1613 1989 1658 fignificat
2003 1622 2090 1651 rem,

1210 1666 1333 1700 &dum
1350 1664 1509 1710 fignificat
1532 1675 1745 1708 conceptum.
1776 1665 1866 1709 Ergo
1890 1674 1954 1697 vox
1976 1661 2094 1696 eadem

1209 1714 1417 1760 aptitudinali
1440 1714 1679 1759 significatione
1699 1714 1863 1759 fignificat
1881 1724 1948 1747 rem
1970 1713 2094 1746 &con-

1211 1775 1360 1810 ceptum.
1389 1765 1509 1809 Neque
1531 1766 1622 1799 enim
1647 1776 1729 1809 opus
1751 1764 1820 1805 est,
1846 1774 1882 1798 ut
1906 1762 1946 1797 ad
1974 1762 2091 1795 multi·-

1211 1815 1422 1860 plicationetn
1463 1815 1740 1860 significationum
1774 1814 1948 1848 actualium
1982 1811 2097 1846 multi·

1210 1866 1372 1909 plicentut·
1409 1863 1668 1909 significationes
1697 1863 1934 1907 aptitudinales
1964 1874 1974 1906 ;
2014 1863 2096 1895 sicut

1210 1925 1292 1958 opus
1325 1927 1395 1950 non
1415 1915 1461 1948 est
1483 1939 1493 1955 ,
1532 1925 1568 1949 ut
1587 1915 1628 1948 ad
1663 1914 1972 1959 multiplicationem
1999 1912 2096 1946 visio-

1211 1975 1308 2005 num,
1334 1972 1390 1997 aut
1413 1963 1674 1999 intellectionum
1696 1963 1957 2007 multiplicentur
1982 1972 2095 2006 poten·

1210 2016 1261 2048 tiae
1284 2013 1387 2048 vifivae
1407 2025 1462 2048 aut
1488 2014 1711 2049 intellestivae:
1737 2015 1815 2047 sicut
1835 2014 1928 2048 enim
1954 2012 2094 2047 visiones

1208 2065 1244 2099 δι
1270 2063 1508 2098 intellestiones
1531 2065 1605 2098 sunt
1626 2064 1752 2097 effeetus
1774 2063 2024 2108 &operationes
2036 2073 2094 2106 po-

1208 2113 1319 2147 tentiae
1340 2112 1445 2145 vifivae
1464 2122 1502 2145 ac
1517 2112 1726 2147 ‘intellectiva
1750 2126 1759 2155 3
1798 2114 1842 2148 sic
1858 2114 1958 2148 etiam
1980 2114 2093 2146 actua-

1208 2161 1254 2195 les
1283 2161 1537 2205 significationes
1567 2163 1641 2197 sunt
1666 2163 1797 2198 effeetus
1829 2163 1863 2197 δε
1885 2163 2094 2205 operationes

1207 2210 1455 2256 significationis
1486 2212 1710 2256 aptitudinalis
1736 2237 1747 2253 ,
1788 2212 1854 2246 sive
1876 2212 2032 2256 potentiae
2055 2211 2094 2244 fia

1208 2260 1419 2306 gnificativae.
1447 2265 1498 2294 Uri
1511 2263 1578 2296 dlxi
1585 2262 1679 2306 supra
1692 2262 1803 2308 disp.4.
1817 2262 1926 2300 dub.2.

1258 2319 1312 2356 30.
1337 2312 1425 2344 Peees
1438 2314 1568 2353 quarta:
1594 2324 1636 2346 an
1658 2322 1755 2345 voces
1780 2313 1894 2346 eadem
1909 2312 2092 2356 impositio·

1208 2371 1249 2393 ne
1267 2358 1422 2403 impofitae
1441 2361 1501 2394 sint
1523 2361 1564 2396 ad
1573 2361 1822 2406 significandum
1837 2362 2001 2405 loquentis
2012 2372 2091 2396 con·

1205 2419 1355 2453 ceptum,
1383 2410 1416 2444 δι
1438 2422 1503 2444 rem
1516 2412 1736 2455 conceptam?
1763 2409 1930 2453 Respondeo
1944 2425 1955 2445 .-
1983 2412 2090 2454 impo-

1205 2460 1336 2494 sitiones
1356 2458 1414 2494 has
1441 2461 1535 2495 fuisse
1559 2462 1715 2496 diversas.
1743 2462 1835 2504 ,Quod
1842 2462 1988 2504 probatur
2000 2460 2089 2500 osten·

1204 2511 1302 2543 dendo
1324 2511 1443 2544 modum
1469 2535 1481 2552 ,
1519 2522 1573 2554 quo
1589 2517 1686 2554 primi
1703 2520 1845 2554 parentes
1868 2513 1954 2552 nostri
1980 2536 1991 2551 ,
2030 2519 2088 2544 aut

1200 2564 1294 2603 primi
1335 2561 1462 2603 alicujus
1494 2563 1645 2596 idiomatis
1676 2562 1806 2596 aueum
1840 2573 1923 2596 voces
1949 2560 2087 2602 institue·-

1202 2619 1273 2643 runt
1295 2635 1302 2642 .
1338 2609 1451 2644 Primo
1487 2623 1566 2657 ergo
1597 2611 1751 2646 homines
1771 2613 1909 2647 naturali
1931 2612 2087 2647 instinstu
2154 2609 2157 2611 ’

1204 2660 1237 2695 &
1265 2660 1445 2705 congenito
1476 2661 1533 2696 sibi
1566 2673 1685 2697 mutuae
1708 2662 1871 2697 societatis
1896 2673 2009 2697 amore
2030 2673 2088 2696 vo·

1204 2711 1291 2745 luere
1312 2710 1371 2746 sibi
1392 2717 1510 2746 mutuo
1531 2713 1705 2757 colloqui,
1730 2723 1768 2745 ac
1796 2723 1929 2746 mutuos
1957 2712 2043 2747 inter
2055 2713 2087 2746 se

1203 2760 1448 2796 communicare
1472 2773 1673 2806 conceptus,
1698 2762 1844 2806 aliosque
1866 2762 1969 2796 animi
1983 2762 2030 2796 sui
2041 2763 2086 2797 af·

1166 2832 1169 2834 v
1203 2811 1321 2845 fectus:
1348 2809 1412 2846 hoc
1434 2821 1544 2847 autern
1568 2813 1634 2847 fine
1655 2813 1738 2858 signi
1757 2810 1910 2845 sensibilis
1925 2811 2087 2847 interven-

1165 2868 1168 2908 J
1196 2872 1239 2895 ru
1263 2862 1368 2895 facere
1387 2873 1455 2896 non
1478 2874 1646 2906 poterant:
1673 2862 1862 2897 articulatas
1883 2872 1963 2906 ergo
1986 2872 2085 2897 voces

1202 2912 1366 2956 elegerunt
1380 2936 1391 2952 ,
1418 2914 1533 2956 easque
1554 2913 1791 2957 deputaverunt
1805 2936 1816 2957 ,
1842 2922 2011 2947 utmuruae
2024 2914 2084 2947 ser·

1194 2963 1439 2997 -mocinationis
1465 2975 1502 2996 ac
1528 2963 1777 2997 communionis
1801 2963 1965 2998 ordinaria
1977 2965 2085 2997 forent

1203 3012 1414 3046 instrumenta
1429 3039 1436 3046 .
1460 3012 1547 3049 Uno
1569 3024 1648 3059 ergo
1671 3013 1814 3058 generali
1834 3010 1965 3048 det-iero
1976 3013 2085 3048 acim-

1140 3058 1165 3090 ’ἶ
1202 3063 1364 3105 positione
1391 3063 1628 3107 deputaverunt
1649 3064 1682 3097 ὅ(
1708 3063 1918 3099 instituerunt
1931 3074 2083 3099 vocenr-

1199 3111 1347 3147 ticularas
1365 3115 1405 3148 ad
1442 3113 1670 3157 significandos
1707 3123 1843 3148 mutuos
1880 3114 1936 3149 libi
1965 3123 2083 3149 mutuo

1199 3173 1398 3206 conceptus.
1427 3163 1482 3196 Ab
1511 3162 1575 3198 hoc
1604 3163 1737 3198 decreto
1762 3166 1906 3209 generali
1935 3164 1976 3199 ad
2003 3174 2082 3199 con-

1199 3210 1408 3246 sultationem
1435 3213 1466 3245 ἀ
1494 3213 1739 3257 inquisitionem
1767 3213 1859 3248 modi
1886 3239 1897 3255 ‚
1935 3226 2002 3258 quo
2029 3214 2083 3249 de-

1197 3272 1319 3296 cretum
1348 3261 1413 3296 hoc
1448 3264 1636 3299 executioni
1664 3264 1871 3297 mandaretur
1891 3289 1902 3305 ,
1941 3264 2083 3310 progres-

1199 3312 1266 3345 sum
1305 3313 1368 3345 suit
1390 3325 1401 3346 .-
1442 3312 1616 3356 inquisiere
1642 3325 1722 3358 ergo
1751 3314 1946 3348 methodum
1970 3339 1980 3355 ,
2017 3325 2082 3358 qua

1196 3361 1354 3404 aptiffime
1379 3362 1418 3396 ad
1447 3361 1628 3399 humanam
1656 3365 1953 3407 communionem,
1979 3367 2085 3400 &ser-

1196 3413 1457 3446 mocinationem
1485 3423 1582 3448 voces
1618 3414 1836 3459 significarent
1863 3425 1996 3451 mutuos
2025 3415 2086 3449 ho·

1194 3463 1323 3498 minum
1350 3473 1551 3509 conceptus.
1581 3464 1624 3499 Et
1652 3463 1740 3501 hanc
1765 3462 1845 3500 huic
1871 3465 1930 3500 fini
1955 3464 2084 3505 merhoq

1956 3515 2036 3550 dum
