2384 3770
431 117 541 162 Reo.
579 116 732 172 Qum).
770 114 868 159 Pito
907 112 1216 157 Dicuoisctmn.
1255 110 1356 154 App·
1395 108 1642 157 Fomfir
1676 113 1795 160 MAT.

273 200 366 241 offis,
389 210 432 234 ex
456 198 613 239 materia,
641 198 675 232 ἀ
703 197 808 233 forma
834 195 927 231 nervi
950 219 962 235 ,
988 195 1054 229 &c-
1082 192 1146 226 At·

270 251 327 293 qui
354 248 423 284 haze
450 251 523 283 sunt
550 248 728 293 composita
749 245 972 281 substantialia
1003 243 1145 287 adaequa·

269 298 302 333 te
325 298 491 334 distincta:
519 310 599 344 ergo
621 298 655 332 in
667 295 784 332 eodem
805 295 973 338 supposito
1000 295 1064 327 effe
1076 294 1142 336 pos-

272 348 347 382 sunt
372 346 464 393 plura
489 348 667 393 composita
678 344 898 380 substantialia
911 342 1079 387 adaequate
1093 343 1138 378 di-

270 392 401 434 stinssa.
428 399 484 435 De
509 410 578 444 quo
602 394 751 432 latiffime
776 393 813 428 in
840 392 1000 438 Physica.

487 544 788 584 812ch0
854 544 898 580 V.

267 651 375 685 Solum
409 647 609 691 quarumdam
633 645 826 686 objefflonum
849 647 953 678 comni
988 643 1141 688 [emonem

400 702 524 732 tertiam
549 697 584 730 (⁰5
609 706 752 739 quartam
777 696 991 730 militantium.

268 809 323 848 37·

264 997 433 1033 tecedens.
461 995 612 1030 Probatur
623 992 744 1041 sequela
755 996 882 1036 majoris
895 1008 907 1028 :
932 994 1021 1041 Qia
1033 1017 1043 1033 ,
1055 992 1078 1026 fi
1094 992 1134 1027 ad

263 1047 579 1092 multiplicationem
589 1043 687 1079 solius
699 1044 872 1090 significati
886 1045 963 1079 resti
988 1044 1136 1085 sequatur

263 1096 499 1142 multiplicatio
506 1095 608 1131 totius
616 1095 762 1130 concreti
774 1104 845 1135 ,t-ot
856 1094 976 1129 debent
989 1095 1052 1128 effe
1063 1094 1133 1133 Dii,

238 1166 241 1168 -
267 1157 349 1192 quot
361 1148 435 1181 sunt
445 1146 625 1191 significata
640 1146 724 1180 resta
736 1146 828 1180 vocis
838 1147 940 1180 Deus:
961 1144 1052 1186 atqui
1066 1141 1133 1177 haec

265 1197 445 1242 significata
457 1198 529 1231 suut
542 1196 622 1230 tria:
648 1206 729 1239 ergo
744 1219 756 1236 ,
779 1196 802 1229 fi
814 1195 855 1230 ad
882 1193 1133 1237 multiplicatio-

263 1257 342 1281 nem
362 1247 464 1281 totius
474 1245 617 1280 concreti
629 1245 766 1280 sufficiat
777 1244 1011 1288 multiplicatio
1035 1243 1133 1277 solius

260 1294 544 1340 significatireffl,
571 1293 745 1329 debebunt„
758 1294 825 1329 dici
848 1304 910 1330 tres
936 1293 1013 1329 Dii.
1042 1295 1132 1326 Patet

260 1349 374 1380 mmor:
402 1345 493 1394 Qia
503 1344 726 1389 significatum
739 1346 861 1379 testum
872 1345 963 1379 vocis
985 1345 1066 1375 Deus
1087 1342 1131 1375 est

261 1394 405 1430 Deitatis
417 1396 449 1429 in
463 1394 601 1438 obliquo
626 1395 816 1439 significatae
837 1394 1059 1438 suppositum:
1087 1402 1130 1426 at·-

262 1445 318 1488 qui
329 1445 384 1479 illa
398 1445 557 1490 supposita
568 1446 626 1479 sun.
637 1455 649 1479 t
662 1445 722 1477 tria
739 1457 747 1476 :
769 1455 847 1488 ergo
858 1443 1037 1488 significata
1051 1444 1131 1476 testa

232 1512 235 1514 ·
260 1494 353 1528 vocis
364 1496 446 1533 Deua
458 1496 600 1529 sunttna
620 1515 627 1522 -
648 1491 818 1536 Rsspondeo
838 1494 971 1536 negando
981 1489 1132 1534 sequelam

259 1546 384 1585 majoris
406 1569 416 1586 ,
452 1545 488 1578 θ’
519 1542 720 1588 distinguendo
750 1545 892 1584 majorem
915 1542 1099 1583 probationis
1122 1553 1129 1573 :

259 1592 335 1629 Tot
345 1593 468 1629 debent
480 1593 543 1628 effe
556 1593 613 1627 Dii
630 1617 641 1634 ,
666 1603 747 1637 quot
762 1592 1024 1638 suntfignificata
1047 1592 1130 1627 retia

259 1644 412 1688 proxima
436 1644 529 1678 vocis
553 1646 653 1676 Deus:
670 1643 839 1683 ficconcedo
859 1668 865 1676 .
888 1643 984 1689 Qot
1000 1643 1074 1676 sunt
1094 1642 1129 1677 fi-

259 1694 413 1739 gnificata
427 1695 509 1728 recia
533 1702 680 1728 remota.-
702 1691 741 1734 fic
756 1695 851 1736 plan)
871 1704 957 1737 nego.
987 1692 1133 1727 Concre-

258 1753 294 1779 ta
317 1745 498 1779 enim-non
530 1742 790 1786 multiplicantur
810 1743 852 1778 ad
881 1743 1129 1786 multiplicatio-

257 1803 337 1829 nem
357 1793 609 1839 significarit-esti
622 1793 741 1827 remoti
757 1805 773 1836 ,·
800 1793 854 1828 sed
865 1792 906 1828 ad
933 1792 1129 1836 multiplica-

223 1866 227 1867 ν
256 1843 385 1879 tionem
397 1843 570 1888 significati
579 1843 652 1878 resti
665 1843 809 1887 proximi
823 1867 832 1876 .
860 1843 908 1878 At
920 1843 999 1878 vero
1012 1843 1128 1887 fignifi-

257 1902 366 1929 catum
378 1895 494 1928 rectum
507 1895 692 1937 proximu-m
705 1895 797 1928 vocis
808 1897 890 1928 Deus
902 1905 971 1929 non
984 1894 1056 1927 sunt
1070 1904 1129 1927 tria

258 1944 430 1986 supposita,
458 1944 520 1975 sive
532 1944 593 1976 tria
616 1941 816 1976 subsistentia
835 1941 1116 1976 incommunicabi

257 1987 302 2027 lia
326 1991 459 2025 relativa
468 2004 483 2034 ;
510 1990 562 2025 sed
581 1991 626 2025 est
652 1990 820 2026 subsistens
846 1990 1126 2026 communicabile

257 2040 442 2076 absolutum
464 2053 472 2072 :
499 2041 589 2085 quod
612 2041 646 2074 in
665 2040 799 2075 Divinis
822 2053 893 2077 non
915 2041 960 2075 est
985 2040 1126 2081 trinum,

257 2091 310 2125 sed
324 2091 460 2124 unicum
471 2103 482 2123 .·
503 2090 643 2130 ideoque
655 2101 725 2122 nou
738 2092 813 2124 sunt
825 2101 889 2127 tres
909 2090 993 2128 Dii,
1021 2089 1076 2123 sed
1096 2100 1126 2121 u·

255 2141 349 2174 nicus
362 2137 572 2172 solummodo
583 2137 675 2170 Deus
690 2160 698 2168 .
725 2138 854 2183 Magna
866 2147 1008 2181 namque
1037 2137 1126 2171 diffe-

256 2188 358 2225 rentia
369 2188 413 2222 est
425 2188 511 2222 inter
531 2199 648 2222 vocem
660 2190 743 2220 Deus
755 2211 767 2228 ,
785 2189 819 2222 ὃς
840 2186 918 2221 alias
931 2198 1026 2221 voces
1048 2198 1128 2221 con·

254 2247 362 2274 *cretas
372 2238 608 2276 substantivas,
635 2234 719 2269 verb.
735 2246 816 2279 grat.
829 2247 944 2275 νοσεῖν,
970 2241 1080 2276 Homo,
1099 2248 1126 2269 e-

257 2299 335 2331 quus
350 2312 360 2327 ,
384 2287 503 2319 brutum
517 2309 529 2325 ,
547 2286 681 2323 animal,
701 2287 759 2318 &a
782 2285 872 2331 Qia
886 2282 934 2317 hae
948 2285 982 2317 in
996 2286 1079 2318 tedio
1091 2285 1124 2317 fi·

257 2335 621 2382 gnificantsuppofitum
645 2333 856 2381 immediate,
885 2332 1023 2376 ideoque
1045 2333 1125 2367 mul-

257 2386 412 2431 tiplicatis
424 2384 592 2429 suppositis
603 2383 864 2428 multiplicantur
886 2381 1038 2417 homines
1059 2406 1070 2423 ‚
1096 2394 1124 2416 e-

256 2437 315 2480 qui
334 2461 345 2476 ‚
374 2435 467 2470 bruta
488 2458 500 2475 ,
525 2434 682 2468 animalia
704 2458 717 2475 ,
742 2434 806 2468 &c.
826 2432 1035 2478 quantumvis
1056 2444 1123 2466 non

255 2485 518 2528 multiplicentur
529 2484 641 2518 fotmae
661 2484 862 2528 suppofitatae
873 2508 880 2515 .
908 2484 956 2517 At
969 2484 1045 2517 vero
1058 2493 1123 2516 vox

255 2538 339 2570 Deus
357 2535 392 2569 in
415 2535 503 2568 tedio
524 2532 714 2568 immediate
737 2545 806 2568 non
819 2534 978 2577 significat
989 2534 1124 2576 suppofi·

251 2593 344 2620 tum:
372 2584 426 2618 sed
447 2582 611 2618 subsistens
622 2583 657 2617 in
670 2583 804 2618 Deitate
819 2583 1024 2617 absolutum.-
1051 2583 1123 2616 ade-

253 2646 341 2677 oque
354 2644 423 2667 non
445 2633 706 2675 multiplicantur
732 2633 792 2667 Dii
817 2633 859 2668 ad
880 2632 1122 2676 multiplicatio-

253 2695 331 2719 nem
344 2683 581 2726 suppositorum
593 2704 604 2721 ,
629 2681 681 2715 sed
695 2681 735 2715 ad
749 2682 850 2716 solam
872 2684 1120 2726 multiplicatio-

253 2744 330 2768 nem
340 2732 438 2776 hujus
450 2729 644 2767 subfistentis
657 2730 816 2771 absoluti,
843 2732 931 2776 quod
943 2732 977 2766 in
990 2733 1123 2766 Divinis

253 2784 389 2819 unicum
397 2782 443 2816 est
455 2805 465 2821 ,
491 2782 632 2826 ideoque
651 2781 751 2815 etiam
765 2781 881 2815 unicus
900 2781 1008 2815 Deus.
1035 2782 1122 2817 Vide

252 2845 325 2880 quae
335 2833 406 2868 dixi
421 2832 510 2876 supra
529 2830 607 2875 disp.
619 2829 728 2868 8-club.
743 2830 775 2867 6.
782 2828 852 2873 [σθ.
864 2840 896 2876 4.

301 2881 357 2928 38.
384 2884 597 2925 Exquopatet
614 2893 623 2914 e
646 2882 716 2917 Cur
728 2890 794 2916 tam
805 2882 889 2916 reste
910 2881 1057 2916 dicamus
1085 2881 1118 2916 in

251 2931 377 2968 divinis
396 2932 460 2967 effe
480 2942 543 2967 tres
567 2941 725 2972 aeternos,
754 2942 815 2966 tres
837 2931 1030 2972 immensos,
1059 2941 1121 2966 tres

249 2983 521 3027 omnipotentes,
548 2990 612 3017 tres
625 2981 804 3025 sapientes,
828 2981 1000 3023 &c.quam
1021 2986 1119 3016 etiam

250 3034 314 3068 esse
326 3042 430 3067 unum
440 3040 616 3074 aeternum,
642 3042 744 3066 unum
769 3032 986 3073 immensum,
1013 3042 1118 3066 unum

251 3083 542 3126 omnipotentem,
569 3093 670 3117 unum
695 3080 872 3125 sapientem
894 3105 905 3121 ,
933 3081 994 3115 &c-
1015 3081 1118 3129 Qod

252 3143 387 3176 utraque
400 3133 502 3168 modo
515 3132 594 3167 recte
604 3133 774 3176 loquamur
785 3156 797 3173 ‚
823 3131 857 3165 &
870 3142 1005 3175 utraque
1028 3135 1116 3175 phra-

251 3182 291 3217 fis
301 3182 471 3217 Canonica
483 3183 516 3218 &
529 3182 704 3218 Catholica
716 3183 754 3216 sit
765 3206 776 3222 ,
805 3191 892 3225 patet
906 3192 947 3215 ex
963 3180 1116 3216 omnibus

251 3231 461 3276 Theologis,
486 3243 524 3267 ac
546 3234 647 3269 etiam
670 3232 789 3267 Sancus
812 3231 961 3266 Patribus
980 3241 1117 3274 utroque

250 3280 353 3317 modo
373 3281 583 3325 loquentibus
595 3308 603 3316 .
630 3284 720 3318 Nam
738 3283 770 3317 δε
789 3282 922 3316 Sanstus
949 3279 1117 3317 Athanasi-

251 3331 339 3368 usin
357 3332 414 3366 suo
425 3331 609 3373 symbolo,
631 3342 769 3374 utroque
780 3332 906 3367 locutus
929 3332 973 3365 est
995 3333 1116 3367 modo:

252 3381 359 3427 primo
367 3382 478 3416 dicens
490 3404 502 3421 ,
527 3385 610 3415 Unus
624 3381 803 3424 immensus,
821 3393 879 3416 non
900 3390 962 3415 tres
975 3381 1116 3424 immensi,

253 3444 332 3468 unus
341 3440 473 3466 aeternus
484 3455 495 3471 ‚
514 3442 571 3464 non
581 3440 643 3466 tres
652 3438 758 3467 aeternl
769 3456 781 3472 ,
801 3432 835 3468 ὅ(
850 3430 959 3478 postea
970 3431 1119 3476 subdens,

299 3507 301 3511 .
338 3481 444 3524 Christ.
455 3484 535 3524 Lupi
545 3486 642 3524 opera
653 3485 808 3518 Tam-XII.

469 801 687 839 Biiciesprimo
697 809 708 830 .·
724 796 757 830 si
771 795 812 830 ad
825 795 1137 839 multiplicationem

490 847 636 882 concreti
654 846 811 880 sufficeret
821 846 889 879 sola
902 842 1137 887 multiplicatio

266 897 441 943 fignificati
468 897 546 932 reffl
557 921 569 937 ,
593 895 750 930 deberent
763 894 830 928 dici
846 906 908 929 tres
919 894 997 927 Dii:
1025 895 1136 927 conse-

264 955 370 993 quens
380 947 554 983 absurdum
564 969 576 985 ,
603 956 640 979 ac
652 943 838 979 haereticum
848 944 893 977 est
909 958 920 978 .-
947 943 1069 987 ergo&
1082 954 1136 976 an-

1939 128 2034 172 249

1204 196 1314 226 omnes
1336 200 1397 226 tres
1418 191 1551 236 personae
1572 205 1720 231 coaeternae
1737 197 1833 241 sunt,
1853 197 2066 240 &coaequalem

1206 242 1361 285 Utraque
1382 254 1462 287 ergo
1484 242 1551 276 haec
1579 241 1695 286 phrasis
1708 248 1853 292 legitima
1864 247 1941 288 est,
1954 258 1991 281 ac
2003 246 2069 281 Ca·

1203 293 1324 326 nonica
1342 314 1351 323 .
1388 294 1486 334 Cujus
1510 299 1655 326 rationem
1675 298 1776 335 paffim
1800 298 1940 341 affignant
1963 295 2063 330 banc:

1203 342 1294 390 Qia
1305 342 1363 376 ista
1375 353 1529 377 concreta
1541 343 1718 386 aliquando
1738 348 1909 387 capiuntur
1928 346 2066 390 adjecti-

1203 391 1242 425 ve
1264 415 1276 432 ,
1300 392 1481 436 aliquando
1502 392 1701 427 substantive
1725 405 1732 424 ε
1759 395 1886 435 quando
1907 395 2065 439 adkstive

1202 441 1400 485 capiuntur,
1426 442 1634 487 diciposs'unt
1651 453 1714 477 tres
1727 442 1900 485 sapientes:
1928 445 2063 488 quando

1203 501 1279 525 vero
1290 493 1463 535 capiuntur
1474 491 1677 531 substantive
1687 516 1698 532 ,
1726 492 1804 526 dicit
1817 493 1912 527 debet
1924 506 2007 533 unus
2019 497 2065 530 sa-

1201 541 1313 583 piens,
1342 552 1408 575 non
1422 553 1484 576 tres
1507 543 1682 585 sapientes.
1707 546 1862 576 Rationem
1877 551 1991 584 putant
2011 546 2062 587 effe

1200 590 1297 624 banc.-
1318 592 1408 637 Quia
1419 594 1460 627 ad
1473 591 1783 635 multiplicationem
1797 593 1942 627 concreti
1963 592 2067 634 adjec-

1199 641 1260 674 tivi
1274 642 1469 685 requiritur,
1498 642 1659 682 &sufficit
1681 642 1748 677 sola
1758 641 1990 685 multiplicatio
2011 644 2065 676 su->

1200 689 1315 733 bjeffi,
1342 694 1395 728 seu
1406 692 1587 736 suppofiti;
1609 701 1729 726 atvero
1752 693 1792 726 ad
1814 692 2068 736 multiplicatio-

1199 751 1273 774 nem
1285 743 1428 776 concreti
1443 741 1633 776 substantivi
1646 743 1819 787 requiritur
1839 753 1907 778 tam
1928 744 2058 781 formae,

1198 802 1294 833 quam
1309 793 1460 836 suppositi
1480 792 1711 836 multiplicatio
1728 805 1738 828 :
1762 793 1853 836 atqui
1878 792 1918 827 iu·
1933 792 2067 827 Divinis

1198 841 1457 885 multiplicantur
1477 843 1638 885 supposita
1659 843 1848 886 sapientiam
1871 866 1883 882 ,
1907 844 2062 877 aeternita-

1198 899 1289 931 tem,
1309 892 1371 927 ἃς.
1398 893 1654 936 suppofitantia;
1681 904 1748 926 non
1773 903 1881 926 tamen
1906 893 2066 937 multipli-

1197 949 1287 974 catur
1299 941 1474 984 sapientia,
1501 943 1677 980 aeternitas,
1702 944 1764 977 dte.
1788 942 1904 976 inistis
1926 942 2063 986 supposi-

1199 988 1238 1022 tis
1251 991 1460 1033 suppofitata:
1483 1003 1560 1036 ergo
1572 1018 1583 1034 ‚
1609 993 1631 1026 si
1645 1004 1711 1026 vox
1733 990 1853 1036 sapiens
1869 992 2016 1037 capiatur
2035 1005 2067 1027 a·

1198 1039 1332 1082 djeetive
1345 1065 1356 1082 ‚
1382 1042 1416 1075 in
1429 1041 1552 1076 divinis
1566 1042 1634 1077 dici
1649 1052 1800 1086 poterunt
1812 1052 1875 1077 tres
1891 1042 2065 1086 sapientes,-

1195 1099 1226 1122 at
1240 1101 1317 1124 vero
1331 1114 1342 1131 ,
1368 1091 1389 1124 si
1403 1091 1597 1126 substantive
1611 1095 1774 1136 capiatur,
1794 1093 1861 1126 dici
1873 1092 2004 1127 debebit
2030 1103 2068 1126 u-

1197 1149 1258 1172 nus
1279 1140 1422 1184 sapien&
1450 1143 1510 1175 Sed
1531 1140 1679 1175 baecratio
1701 1142 1779 1181 nibil
1793 1143 1924 1184 probat.-
1952 1143 2042 1190 Quia
2055 1166 2071 1185 a

1195 1199 1230 1222 ut
1243 1189 1308 1232 jam
1319 1190 1444 1225 ostendi
1457 1193 1497 1225 ad
1511 1192 1823 1235 multiplicationem
1845 1193 1988 1226 concreti
2016 1203 2069 1228 cu-

1193 1239 1381 1284 juscumque
1403 1264 1415 1281 ,
1454 1242 1487 1275 &
1510 1241 1777 1285 qualiscumque,
1803 1242 1865 1275 five
1895 1240 2066 1284 adjectivi,

1195 1290 1257 1324 sive
1272 1291 1458 1326 substantivi
1471 1315 1482 1331 ,
1511 1291 1601 1325 nullo
1614 1292 1717 1327 modo
1728 1292 1900 1336 requiritur
1913 1290 2070 1334 multipii-

1195 1341 1284 1382 patio
1294 1342 1406 1375 formae
1416 1342 1604 1386 significatae
1616 1343 1648 1376 in
1661 1342 1818 1385 obliqu03
1835 1342 1887 1376 sed
1902 1343 1969 1376 sola
1982 1342 2069 1375 mul·-

1195 1390 1359 1431 tiplicatio
1377 1391 1505 1434 subjecti
1518 1416 1529 1432 ,
1558 1393 1606 1426 vel
1623 1392 1777 1436 suppositi
1791 1391 1962 1436 significati
1977 1393 2009 1426 in
2023 1403 2072 1426 re·

1193 1441 1264 1474 sto:
1291 1441 1437 1484 adeoque
1453 1442 1515 1475 five
1528 1453 1593 1477 vox
1601 1441 1726 1485 saplens
1745 1443 1890 1486 capiatur
1901 1442 2071 1476 substanti·

1194 1491 1230 1524 ve
1243 1515 1253 1530 ‚
1280 1491 1346 1525 five
1357 1491 1534 1534 adjective,
1545 1492 1566 1526 fi
1580 1492 1814 1535 multiplicetur
1824 1492 1894 1535 ejus
1916 1493 2072 1537 fignificav·

1193 1551 1263 1573 tum
1282 1542 1415 1581 rectum,
1424 1552 1579 1583 poterunt
1603 1542 1638 1575 in
1661 1542 1783 1578 divinis
1793 1541 1859 1576 dici
1873 1552 1936 1576 tres
1953 1542 2074 1585 sapien·

1194 1590 1407 1631 tes‚aeterni,
1433 1591 1496 1626 &c-

1244 1651 1298 1688 39.
1331 1643 1426 1675 Ram
1435 1653 1501 1686 ergo
1511 1641 1664 1686 utriusque
1677 1641 1770 1684 hujus
1777 1640 1943 1684 pbrafis,ae
1953 1643 2070 1676 locutiu-

1191 1695 1238 1723 nls
1261 1690 1299 1727 est
1321 1690 1405 1725 baec:
1432 1692 1520 1737 Quia
1534 1691 1580 1726 hae
1600 1704 1760 1727 concretae
1783 1703 1879 1725 voces
1892 1716 1903 1732 ,
1926 1691 2066 1734 sapiens,

1192 1748 1325 1775 eternus
1350 1765 1361 1782 ,
1399 1740 1558 1784 immensus
1583 1767 1594 1783 ,
1625 1745 1682 1777 (π.
1709 1743 1749 1777 ad
1771 1743 1882 1777 Deum
1904 1743 2073 1786 applicat-az

1196 1790 1538 1835 quandoqueinrecto
1550 1793 1734 1837 significant
1761 1792 1920 1835 supposita
1934 1815 1946 1832 ,
1974 1803 2074 1836 quan-

1192 1840 1304 1886 doque
1315 1841 1502 1876 absolutum
1517 1841 1684 1878 subsistens
1696 1867 1705 1876 .
1733 1843 1821 1876 Cum
1833 1842 1875 1875 ita
1887 1843 2072 1882 sumuntur,

1194 1901 1230 1926 ut
1256 1894 1290 1925 in
1319 1893 1406 1927 resto
1424 1891 1608 1936 significent
1620 1892 1801 1935 supposita,
1826 1902 1904 1926 tunc
1915 1893 1980 1926 dici
2001 1893 2071 1935 pos-

1193 1941 1527 1982 sunttressapientes,
1555 1952 1616 1976 tres
1644 1940 1766 1981 aeterni‚
1799 1942 1865 1976 &c-
1890 1941 1978 1976 Cum
1994 1942 2071 1976 vero

1192 1988 1236 2022 ita
1248 1989 1417 2024 sumuntur
1426 2014 1437 2031 ‚
1465 2000 1501 2024 ut
1513 1990 1546 2024 in
1558 1993 1642 2025 recto
1655 1991 1823 2026 subsistens
1835 1992 2020 2027 absolutum
2033 1994 2071 2026 fi·

1192 2040 1351 2082 gnificent
1363 2063 1374 2079 ,
1400 2040 1466 2073 dici
1478 2038 1573 2075 debet
1586 2041 1701 2076 unicus
1715 2043 1839 2086 sapiens
1851 2067 1864 2084 ‚
1893 2043 2010 2077 unicus
2032 2055 2069 2076 ae-

1191 2098 1302 2120 ternus
1314 2111 1325 2126 ,
1351 2089 1414 2121 δίο.
1443 2090 1531 2121 Nam
1543 2101 1695 2125 concreta
1711 2092 1970 2135 multiplicantur
1985 2094 2068 2126 tuul-

1190 2136 1340 2178 tiplicato
1373 2136 1433 2170 suo
1444 2137 1630 2181 significato
1651 2141 1755 2173 tedio:
1786 2141 1878 2184 atqui
1899 2141 1965 2176 haec
1989 2155 2070 2176 con-

1190 2196 1276 2220 creta
1290 2184 1330 2219 ad
1351 2185 1461 2220 Deum
1472 2187 1632 2231 applicata
1658 2189 1912 2232 quandoqueita
1934 2193 2066 2226 sumun-

1189 2245 1266 2274 tur,
1293 2245 1329 2268 ut
1349 2245 1462 2268 eorum
1485 2237 1703 2280 fignificatum
1727 2242 1847 2274 testum
1871 2242 2068 2285 multiplice-

1188 2294 1258 2324 tur,
1285 2283 1482 2327 quandoque
1493 2286 1538 2318 ita
1549 2309 1561 2325 ,
1587 2286 1718 2320 utillud
1734 2298 1802 2319 non
1816 2290 2064 2333 multiplicetur:

1188 2332 1448 2376 multiplicantur
1462 2333 1580 2378 quippe
1591 2335 1701 2369 divina
1717 2336 1876 2380 suppofita
1895 2362 1905 2377 ,
1934 2351 2001 2373 non
2016 2353 2067 2374 ve-

1188 2382 1223 2415 ro
1244 2383 1633 2419 subsistensabsolutum.
1659 2386 1750 2430 Ergo
1779 2397 1838 2429 pro
1866 2387 1990 2423 diversa
2002 2388 2065 2425 hac

1188 2431 1306 2466 horum
1328 2443 1558 2468 concretorum
1581 2436 1770 2479 acceptione
1791 2460 1802 2476 ,
1845 2437 1911 2471 dici
1934 2440 2064 2482 possunt

1189 2481 1384 2526 quandoque
1396 2495 1458 2518 tres
1469 2485 1625 2527 sapientes
1636 2510 1648 2526 ,
1675 2484 1871 2531 quandoque
1886 2488 1949 2522 dici
1962 2489 2061 2524 debet

1187 2543 1270 2566 unus
1283 2533 1424 2576 sapiens.
1454 2535 1644 2569 Desurnitur
1666 2533 1733 2570 haec
1746 2537 1831 2571 ratio
1843 2549 1884 2571 ex
1899 2539 2062 2581 symbolo

1185 2583 1292 2617 Sancti
1307 2581 1492 2618 Athanasii:
1521 2583 1718 2620 Athanasius
1734 2586 1854 2631 quippe
1869 2600 1924 2631 per
1951 2600 2060 2624 totum

1186 2632 1277 2667 suum
1300 2633 1342 2666 de
1363 2633 1562 2668 Sanstiffima
1584 2634 1752 2670 Trinitate
1774 2639 1945 2672 tractatum
1960 2641 2061 2683 usque

1183 2683 1223 2716 ad
1238 2683 1447 2724 verficulum,
1474 2687 1520 2718 Et
1543 2691 1576 2717 in
1597 2684 1652 2718 bac
1673 2688 1824 2720 Trinitate
1848 2688 1928 2721 nihil
1938 2693 2031 2731 prius
2048 2715 2061 2731 ,

1184 2741 1236 2765 aut
1255 2732 1395 2775 posterius
1410 2757 1421 2773 ,
1441 2736 1501 2767 (τε.
1527 2735 1649 2778 semper
1672 2736 1772 2776 dicit,
1800 2748 1884 2770 unus
1910 2739 2058 2780 sapiens,

1185 2794 1267 2817 unus
1289 2794 1446 2823 aeternus‚
1470 2796 1554 2818 unus
1571 2786 1772 2826 immensuS,
1799 2787 1861 2820 &c-
1875 2786 1955 2821 ficut
1968 2786 2060 2823 dixe-

1184 2842 1323 2867 ratunus
1338 2834 1429 2867 Deus
1440 2857 1447 2865 .
1477 2834 1638 2879 Adeoque
1652 2836 1765 2870 omnia
1776 2835 1830 2870 illa
1842 2847 1993 2872 concreta
2005 2850 2058 2882 ap·

1183 2883 1299 2926 pellare
1320 2883 1399 2918 facit
1413 2885 1505 2927 supra
1527 2896 1641 2920 vocem
1666 2890 1747 2920 Deus
1760 2899 1772 2919 .·
1796 2886 1943 2931 adeoque
1963 2888 1998 2922 in
2011 2900 2060 2923 re-

1182 2935 1234 2967 ἂο
1251 2934 1338 2967 idem
1351 2957 1362 2974 ,
1373 2933 1462 2977 quod
1474 2934 1635 2978 fignificat
1651 2947 1717 2970 vox
1732 2940 1813 2970 Deus
1826 2962 1836 2977 ‚
1859 2938 2055 2982 fignificare3

1186 2995 1252 3018 vox
1266 2983 1386 3027 quippe
1398 2985 1564 3027 appellans
1574 3009 1584 3026 ‚
1607 2985 1641 3020 δε
1654 2998 1717 3020 vox
1730 2988 1889 3030 appellata
1915 2987 1948 3022 in
1970 2990 2057 3023 resto

1179 3033 1361 3078 significare
1372 3033 1493 3068 debent
1507 3035 1593 3070 idem
1607 3059 1614 3067 .
1643 3036 1690 3070 At
1704 3037 1778 3070 vero
1801 3037 1906 3072 inisto
1925 3038 2057 3073 versicu-

1180 3083 1215 3117 lo
1235 3083 1372 3124 dicens,
1401 3089 1457 3118 Hae
1483 3093 1544 3118 tres
1565 3084 1698 3129 personae
1718 3087 1787 3128 sunt
1804 3087 1860 3128 fibi
1882 3090 2058 3131 coaequales,

1180 3134 1215 3167 (τ
1234 3143 1388 3167 coaeternae
1401 3158 1412 3174 ‚
1439 3133 1507 3168 haec
1519 3147 1669 3170 concreta
1685 3137 1821 3179 pluralia
1833 3139 1925 3181 supra
1938 3149 2052 3174 vocem

1176 3183 1311 3227 personet·
1335 3183 1495 3226 appellare
1514 3185 1615 3226 fecit,
1643 3187 1675 3220 ὃς
1702 3187 1735 3220 in
1761 3188 1845 3221 recto
1868 3188 1956 3223 idem
1978 3200 2055 3224 cum

1181 3233 1235 3267 illa
1260 3233 1454 3277 significare:
1482 3234 1629 3278 adeoque
1650 3247 1689 3270 ex
1706 3247 1815 3270 mente
1839 3238 1872 3271 ἀ
1896 3248 2055 3274 contextu

1179 3283 1286 3316 Sancti
1310 3281 1483 3317 Athanasii
1505 3285 1645 3319 omnino
1678 3285 1812 3320 habetur
1835 3311 1846 3326 ,
1882 3288 1969 3330 quod
1998 3289 2056 3324 illa

1180 3342 1333 3366 concreta
1358 3332 1398 3366 ad
1411 3332 1522 3367 Deum
1534 3335 1696 3378 applicata
1710 3338 1905 3379 quandoque
1934 3338 1977 3372 ita
2002 3340 2057 3373 su-

1183 3392 1362 3421 mantur,ut
1374 3382 1408 3415 in
1420 3384 1506 3417 resto
1517 3383 1700 3428 significent
1711 3386 1925 3432 significatum
1935 3400 2056 3423 rectum

1186 3433 1275 3468 vocis
1290 3435 1381 3475 Deus,
1394 3434 1603 3517 quandoqn}
1603 3435 1646 3471 ita
1658 3460 1669 3478 ,
1683 3447 1718 3472 ut
1728 3438 1763 3471 in
1776 3439 1862 3472 resto
1873 3439 2056 3484 fignificenr

1926 3487 2020 3532 figni-
