2384 3770
363 159 460 202 232

321 235 398 260 ante
424 223 630 262 nativitatem
651 221 687 259 ‘in
711 224 863 260 maternis
881 223 1056 259 visceribus
1067 224 1196 259 fuerunt

320 274 490 320 Justificati
507 289 519 308 .-
546 287 582 311 ut
610 275 759 311 Christus
777 275 963 315 Dominus,
995 275 1102 309 Maria
1124 274 1198 308 Vir·

317 338 363 371 go
377 349 388 366 ,
414 326 554 369 Ioannes
569 326 709 370 Baptista
723 351 734 366 ,
761 326 943 362 Hieremias
959 324 1121 368 Propheta
1134 349 1144 366 ,
1164 327 1196 359 δε

318 374 405 410 forte
432 376 564 421 quidam
592 372 668 410 alii.
698 377 816 420 Neque
827 375 940 415 obest,
962 374 1108 417 quodibi
1122 377 1194 409 voci

317 425 401 459 bomo
412 429 591 472 praefigatur
603 428 749 472 signum,
777 431 897 466 omm's;
920 427 1118 468 nequeenim
1132 425 1196 459 hoc

316 478 443 521 signum
466 478 585 521 semper
607 477 869 510 distributionem
895 475 1024 517 plenam
1048 476 1193 510 inducit:

316 528 411 569 quia,
443 538 478 562 ut
507 528 554 561 ait
575 527 712 571 Jurista,
738 525 838 559 disiio
849 525 1074 561 omnialicetse
1087 535 1194 559 exten·

316 577 428 612 datad
441 578 567 623 singula
582 590 592 617 ς
619 588 688 610 non
713 586 822 609 tamen
835 574 876 609 ad
887 586 923 608 ea
936 598 947 614 ,
967 585 1038 617 quae
1049 576 1119 609 sunt
1134 576 1195 618 pla-

315 627 358 662 ne
371 628 502 662 alterius
517 637 637 662 naturae
649 628 681 660 &
696 626 793 668 Juris.
823 626 876 659 De
886 635 953 668 quo
965 625 1146 662 Hostiensis
1159 626 1193 659 in

316 689 385 722 cap.
411 682 532 712 Literas
556 679 591 710 de
598 681 629 722 J
633 685 799 717 ureparron.

364 739 394 774 4.
436 725 557 762 Tertio
581 727 685 761 dividi
709 725 811 768 potest
835 724 1023 759 distributio
1052 724 1086 757 in
1109 735 1196 760 com·

316 778 436 825 pletam
460 802 471 819 ‚
508 779 541 812 &
568 777 602 812 in
630 776 861 819 incompletam
887 801 895 808 .
923 774 1120 810 Distributio
1149 776 1197 809 in·

315 829 480 872 completa
518 837 653 860 vocatur
688 824 877 860 distributio
900 837 958 869 pro
980 824 1109 858 duobus
1128 835 1194 859 tan-

315 880 385 914 tum
406 890 413 910 :
453 887 565 911 utcum
587 876 709 911 dicitur
733 900 744 917 ,
781 886 902 918 uterque
923 875 1004 908 homo
1023 874 1059 914 est
1075 874 1195 916 justus,

314 938 415 963 neuter
439 927 521 959 homo
537 924 578 961 cll
596 926 696 968 justur
726 949 736 965 ,
762 937 827 960 vox
848 925 931 959 homo
958 925 1129 970 utrobique
1149 924 1195 959 di-

312 977 482 1015 stribuitur
518 975 717 1019 incomplete
742 988 749 1008 :
792 977 852 1009 issa
878 977 998 1019 quippe
1031 975 1120 1020 figna
1142 975 1195 1009 in-

313 1027 478 1070 completa
515 1026 677 1061 inducunt
710 1025 744 1060 &
770 1026 916 1061 caussam
941 1025 1195 1069 suppositionem

311 1077 553 1112 distributivam
586 1076 822 1119 incompletam
843 1100 850 1108 .
888 1075 1088 1111 Distributio
1117 1088 1196 1120 ergo

312 1126 475 1171 completa
507 1126 553 1163 est
577 1127 632 1162 illa
655 1151 668 1167 ‚
704 1137 768 1168 qua
804 1137 871 1162 vox
908 1127 1103 1169 supponitur
1137 1137 1196 1174 pro

310 1177 467 1212 omnibus
488 1178 560 1213 suis,
576 1177 784 1212 inferioribus
807 1177 994 1219 copulative
1005 1182 1195 1210 enumeran-

311 1227 381 1262 dis.
413 1227 467 1262 Ut
480 1238 555 1261 cum
569 1227 668 1263 dico:
697 1230 804 1260 Omnis
814 1226 898 1260 bomo
908 1226 945 1266 est
955 1227 1194 1269 animalflmnu

312 1278 396 1315 bomo
407 1285 498 1311 naeus
513 1277 592 1318 estin
603 1286 722 1320 peccato
737 1301 748 1318 ,
773 1280 829 1310 (τε.
849 1277 954 1312 Unde
964 1288 1029 1311 tam
1043 1275 1192 1310 distribu-

312 1331 362 1364 tio
377 1329 470 1371 plena
483 1353 494 1368 ,
520 1339 617 1370 quam
641 1327 830 1362 distributio
845 1328 1022 1361 commoda
1034 1327 1077 1360 est
1092 1325 1193 1361 distri-

312 1378 409 1414 butio
430 1379 594 1420 completa
619 1389 628 1419 ;
657 1378 751 1421 plena
772 1388 881 1411 tamen
908 1378 951 1410 est
975 1376 1195 1420 completior,

311 1438 410 1471 quam
424 1429 622 1462 commoda:
650 1428 737 1463 unde
749 1428 878 1471 aliqui,
904 1427 937 1462 ἃ
951 1427 1037 1463 certe
1047 1438 1114 1462 non
1130 1438 1196 1461 ma-

311 1479 342 1514 le
369 1502 380 1518 ‚
406 1477 673 1517 distributionem
697 1479 825 1521 plenam
849 1488 969 1516 vocant
994 1477 1196 1514 distributio-

312 1540 389 1565 nem
409 1528 712 1570 completiffimam.

361 1590 392 1623 5.
423 1578 556 1624 Quarto
571 1577 673 1611 dividi
695 1576 798 1620 potest
812 1575 844 1610 in
859 1577 1129 1615 distributionem
1141 1576 1193 1612 de-

312 1627 513 1672 pendentem
540 1628 573 1661 &
606 1627 871 1661 distributionem
897 1627 1193 1671 independentem..

311 1677 513 1713 Distributio
525 1677 713 1720 dependens
726 1676 772 1711 est
791 1676 980 1712 distributio
988 1678 1090 1712 >unius
1102 1678 1194 1711 vocis

310 1725 525 1771 dependens&
539 1727 771 1762 distributione
791 1727 924 1761 alterius
934 1728 1024 1763 vocis
1039 1740 1046 1759 :
1072 1727 1131 1767 est,
1150 1727 1203 1761 in·.

311 1788 410 1821 quam
426 1801 437 1817 ,
463 1777 517 1811 illa
529 1801 540 1818 ,
566 1788 630 1821 qua
653 1778 761 1821 aliqua
785 1788 849 1811 vox
875 1778 1046 1820 usurpatur
1058 1788 1116 1821 pro
1129 1779 1194 1811 suis

311 1825 523 1863 inferioribus
535 1827 723 1869 copulative
733 1826 963 1865 enumerandis
972 1852 983 1868 ‚
1009 1827 1192 1870 dependen-

312 1888 367 1912 ter·
383 1888 492 1911 tamen
516 1878 534 1910 ὲ
558 1877 651 1910 fimili
671 1878 1121 1930 enumerationesnseriprum
1131 1877 1193 1910 ali·-

312 1928 403 1971 cujus
419 1929 551 1960 alterius
562 1929 675 1969 vocis,·
689 1938 716 1958 v.
729 1937 762 1970 g.
775 1937 851 1958 cum
865 1925 942 1959 dico
951 1947 968 1964 J,
993 1930 1103 1958 emam
1114 1926 1198 1961 homa

311 1978 348 2019 est
359 1989 443 2011 omne
456 1977 606 2010 rationale
618 1999 628 2016 ,
655 1987 720 2011 vox
735 1976 818 2008 homo
829 1974 1034 2019 distribuitur
1045 1974 1194 2008 distribu-

1023 139 1184 186 DrsP.
1224 141 1326 191 XV,
1378 144 1514 189 Due.
1554 145 1587 190 1.

1258 226 1342 267 nihil
1366 227 1604 268 emolumenti,
1631 225 1681 260 vel
1707 224 1886 270 adjumenti
1898 228 2043 272 praestat,
2070 228 2130 261 nisi

1257 278 1347 322 quod
1371 278 1554 324 Tyronum
1578 277 1791 317 memoriam,
1817 287 1854 311 ac
1882 278 2050 324 ingenium
2061 290 2133 313 cru-

1257 330 1345 369 ciet,
1371 339 1408 363 ac
1428 328 1461 362 in
1487 329 1616 363 taediurn
1639 337 1754 362 vertat.
1788 325 1968 376 Unicaest
1980 329 2064 374 apud
2077 340 2130 363 me

1257 378 1514 422 suppositionum
1536 378 1646 424 regula
1658 403 1669 418 ‚
1693 387 1795 421 eaque
1804 376 1974 413 certiffima
1986 403 1996 419 ,
2021 391 2058 414 ac
2070 380 2132 414 uti-

1258 428 1372 462 lissima
1386 440 1394 460 ε
1423 428 1575 469 videlicet
1587 429 1745 464 affiduum
1757 426 1949 466 exercitium
1962 427 2133 464 scholasti-

1258 490 1352 511 cum.
1381 479 1458 511 Hoc
1481 483 1590 520 itaque
1607 478 1683 513 loco
1707 477 1918 512 solummodo
1940 477 2019 511 volo
2041 480 2134 522 quas-

1257 529 1331 563 dam
1345 528 1472 572 regulas
1486 528 1582 572 plane
1593 529 1783 568 universales
1797 528 1936 565 breviter
1949 527 2109 570 explicare
2120 548 2134 567 ,

1257 579 1290 612 δε
1311 579 1520 613 examinare.-
1552 589 1589 612 ac
1606 579 1761 622 praecipue
1786 579 1879 619 illas,
1907 590 1976 624 quae
1986 577 2136 622 quaestio.

1258 628 1354 662 nibus
1366 626 1587 673 Theologicis
1611 628 1723 662 lumen
1747 628 1870 666 adferre
1880 629 2028 666 valeant.
2057 626 2135 663 Ubi

1258 688 1333 712 ante
1352 679 1466 712 omnia
1486 678 1654 713 sciendum
1679 677 1745 718 est,
1770 678 1819 712 uti
1832 678 1994 720 &adhuc
2007 678 2135 721 aliquo-

1259 729 1318 767 ties
1341 728 1454 762 monui
1477 752 1487 767 ,
1517 739 1634 766 omnes¹
1658 727 1915 763 Summulisticas
1939 728 2135 772 suppositio·-

1260 789 1337 812 num
1363 779 1490 823 regulas
1512 778 1641 813 tantum
1665 777 1852 817 ostendere,
1881 778 1958 821 quid
1979 779 2013 813 sit
2026 778 2135 821 Iuris,

1258 840 1472 873 quaenamque
1485 827 1662 872 suppositio
1690 829 1764 863 voci
1787 827 1859 861 infit
1870 827 1911 866 de
1924 827 1997 872 Jute
2007 828 2135 863 ordina-

1259 880 1308 912 riae
1319 879 1518 920 locutionis,
1548 880 1580 914 ὅ(
1594 878 1743 914 humanae
1761 878 2029 921 communionis3
2053 876 2135 920 quid

1260 928 1336 964 vero
1355 931 1387 963 in
1400 931 1485 963 facto
1498 929 1534 963 sit
1547 953 1558 970 ,
1578 929 1681 972 quave
1694 927 1914 974 suppositione
1924 939 1990 962 vox
1999 928 2040 963 de
2050 927 2135 962 facto

1261 980 1480 1024 supponatur,
1506 979 1625 1014 docere
1647 990 1715 1013 non
1739 979 2016 1024 possuntregulae.
2043 978 2135 1012 Nam

1258 1029 1335 1065 sicut
1348 1027 1451 1065 homo
1474 1029 1552 1072 saepe
1567 1029 1646 1064 facit
1657 1029 1803 1067 actiones
1824 1029 2002 1065 contrarias
2014 1029 2135 1072 regulis

1257 1081 1291 1115 &
1311 1080 1438 1125 legibus
1450 1079 1658 1119 pontificiis,
1672 1078 1916 1121 rvelcaesarein
1943 1079 1989 1115 ita
2002 1088 2135 1122 quoque

1260 1129 1337 1171 saepe
1360 1130 1439 1165 facit
1457 1130 1697 1173 suppositiones
1720 1130 1898 1165 contrarias
1909 1128 2029 1173 regulis
2045 1130 2139 1166 Sum·

1258 1179 1448 1213 mulisticis.
1477 1181 1520 1214 Et
1542 1177 1621 1214 hinc
1643 1179 1758 1214 dicunt
1784 1177 2138 1219 ordinarie‘Summuli-

1257 1228 1309 1263 stae
1329 1231 1400 1263 suas
1412 1230 1540 1275 regulas
1549 1228 1634 1263 nihil
1646 1230 1748 1265 valere
1758 1240 1873 1264 contra
1885 1238 2028 1265 mentem
2038 1228 2072 1262 δι
2086 1228 2136 1261 in·

1256 1279 1438 1314 tentionem
1462 1279 1630 1324 loquentis
1653 1291 1660 1312 ε
1689 1290 1785 1319 voces
1805 1277 1894 1313 enim
1921 1288 1988 1313 non
2015 1286 2135 1322 regunt

1234 1353 1237 1359 ·
1257 1340 1399 1365 mentem
1412 1355 1422 1372 ,
1451 1331 1503 1365 sed
1518 1340 1695 1376 reguntur,
1721 1341 1758 1364 ac
1770 1330 2000 1373 supponuntur
2011 1328 2029 1362 ὲ
2042 1338 2136 1361 τοι-υ»

1239 1742 1244 1786 l

1206 1813 1238 2034 ιγ

1257 1391 1307 1415 te:
1335 1391 1370 1415 ut
1391 1380 1457 1423 jam
1481 1381 1582 1415 etiam
1608 1379 1781 1423 aliquoties
1791 1378 1879 1415 dixi.
1910 1378 2015 1421 Unde
2029 1376 2137 1421 Iudex

1256 1431 1290 1465 in
1303 1432 1417 1465 eauffis
1442 1430 1709 1465 testamentorum
1723 1454 1735 1470 ‚
1760 1427 2045 1470 humanorumque
2057 1434 2137 1462 cou-

1256 1483 1415 1515 tractuum
1429 1504 1439 1520 ,
1467 1491 1586 1515 vocum
1613 1479 1868 1523 suppositionem
1879 1478 1911 1514 δε
1924 1476 2135 1524 significatio-

1258 1541 1331 1566 nem
1358 1541 1424 1564 non
1434 1531 1546 1574 quaerit
1570 1541 1612 1565 ex
1623 1527 2052 1573 Summulistarumregulis;
2081 1525 2135 1561 sed

1256 1593 1297 1615 ex
1309 1579 1575 1615 contrahentium
1600 1590 1735 1620 mente,
1757 1578 1916 1623 variisque
1939 1578 2036 1621 hujus
2046 1588 2138 1614 men-

1257 1633 1298 1664 tis
1312 1630 1619 1673 praesumptionibus
1633 1653 1643 1669 ,
1668 1630 1765 1673 signis
1778 1654 1788 1670 ,
1817 1628 2015 1663 acindiciis.
2046 1627 2139 1671 Ergo

1255 1691 1372 1715 omnes
1384 1679 1635 1714 Summulisticae
1647 1680 1764 1723 regulae
1777 1676 1988 1712 solummodo
1998 1677 2115 1710 dicunt
2126 1700 2139 1716 ,

1255 1730 1336 1774 quid
1348 1730 1384 1763 sit
1409 1730 1450 1764 de
1473 1730 1547 1773 Jure
1558 1728 1727 1764 ordinario
1746 1741 1756 1772 3
1782 1739 1851 1763 non
1868 1726 1944 1763 ver&
1956 1727 2035 1773 quid
2048 1728 2083 1761 sit
2095 1724 2138 1761 de

1259 1781 1362 1818 facio.

1295 1840 1335 1877 ·7.
1363 1831 1409 1861 Bt
1429 1834 1508 1863 rasio
1530 1827 1620 1871 hujus
1635 1827 1708 1870 ιιβ’.
1730 1827 1822 1876 Qia
1850 1826 2026 1871 suppositio
2049 1824 2142 1860 vocis

1256 1880 1340 1913 nihil
1362 1879 1406 1913 esi
1435 1879 1550 1923 aliud,
1575 1890 1675 1923 quam
1699 1878 1843 1923 prolatio
1866 1877 1956 1912 vocis
1969 1875 2078 1911 fauna
2093 1876 2142 1909 lo·

1257 1938 1378 1969 quente
1388 1940 1463 1961 cum
1477 1929 1668 1964 intentione
1681 1926 1907 1972 significandi:
1935 1938 1962 1961 v.
1976 1938 2006 1970 g.
2024 1927 2139 1968 suppo·

1256 1977 1329 2017 sitio
1343 1976 1530 2019 copulativa
1548 1977 1594 2018 est
1612 1977 1757 2026 prolatio
1784 1978 1873 2016 vocis
1882 1975 2144 2018 cuminumio-

2011 2020 2022 2028 a

313 2029 408 2064 tione
431 2028 654 2072 dependenti:
683 2024 1196 2061 habetenimdistributionema
1237 2026 1298 2079 'jne
1319 2026 1650 2071 significandromnia
1673 2038 1739 2070 ejus
1769 2024 1920 2067 inferiora
1952 2023 2143 2071 copulative

313 2077 545 2113 distributione
567 2078 656 2111 vocis
679 2078 826 2110 rationale
837 2073 1095 2116 dependentem.
1125 2074 1195 2108 Ac·-

313 2129 434 2172 eipitur
446 2128 566 2172 quippe
581 2136 638 2169 pro
660 2124 816 2158 omnibus
839 2125 902 2156 suls
913 2123 1125 2160 inferioribus
1137 2134 1196 2155 co-

312 2178 457 2222 pulative
480 2174 732 2214 enumerandis,
747 2170 978 2217 :dependenter
1003 2182 1111 2213 tamen
1134 2172 1193 2209 afi-

312 2228 384 2262 mili
408 2226 593 2270 copulativa
617 2221 1085 2260 enumeratione.inferiorum
1105 2223 1196 2257 vocis

311 2278 475 2312 rationale.
506 2276 587 2309 Non
596 2275 687 2307 enim
701 2272 853 2306 inferiora
870 2272 960 2315 vocis
972 2271 1055 2305 homo
1065 2282 1195 2305 enume-

310 2339 380 2363 rare
395 2336 487 2370 potes
511 2323 577 2358 hoc
598 2320 701 2356 modo
715 2334 722 2355 :
751 2321 867 2356 Petrus
877 2322 922 2358 est
936 2332 1037 2356 omne
1052 2321 1196 2360 rationa-

311 2378 342 2417 le
355 2401 367 2419 ‚
393 2377 424 2410 ὅ(
439 2377 582 2419 Ioannes
596 2373 640 2407 est
649 2384 755 2420 -omne
767 2371 927 2407 rationale
938 2397 948 2412 ,
966 2371 1008 2414 2&
1022 2369 1195 2415 Philippus

311 2427 356 2463 est
373 2436 474 2460 omne
485 2423 645 2465 rationale
658 2446 668 2464 ,
695 2423 760 2463 &c-
773 2422 838 2456 Sed
850 2433 1042 2465 enumerare
1051 2421 1151 2456 debes
1162 2421 1195 2455 il·

311 2479 343 2513 la
368 2476 459 2517 simul
478 2473 706 2508 enumerando
734 2471 888 2506 inferiora
911 2472 1004 2507 vocis
1029 2473 1195 2511 rationale,

313 2526 380 2564 hoc
392 2525 495 2567 modo
507 2538 521 2557 :-
545 2520 797 2568 perussit-hoc
808 2522 964 2556 rationale
977 2547 987 2562 ,
1008 2521 1041 2561 δε
1055 2522 1196 2565 Ioannes

311 2579 357 2613 est
386 2575 469 2612 illud
494 2574 677 2614 rationale,
703 2574 735 2609 &
757 2570 932 2616 Philippus
944 2572 990 2606 est
1004 2571 1089 2606 istud
1102 2576 1195 2607 ratio-

313 2627 390 2663 nale
402 2651 413 2667 ,
438 2627 501 2661 &c-
513 2625 644 2661 Debent
655 2635 735 2668 ergo
750 2623 907 2658 inferiora
920 2623 1012 2658 vocis
1023 2621 1107 2655 bomo
1119 2633 1194 2657 enu-

313 2677 429 2712 merari
447 2674 635 2718 copulative
660 2673 884 2718 dependenter
903 2673 921 2707 ὲ
944 2673 1101 2716 copulata
1118 2684 1194 2707 enu-

313 2727 497 2762 meratione
519 2726 713 2760 inferiorum
732 2723 828 2759 -vocis
838 2725 1003 2760 rationale.
1033 2723 1196 2766 Adeoque

316 2789 382 2815 vox
396 2777 478 2816 homo
495 2774 699 2809 distribuitur
723 2773 956 2808 distributione
966 2774 1165 2816 dependenti
1177 2774 1196 2807 ὲ

312 2826 543 2862 distributione
559 2826 650 2859 vocis
675 2826 843 2858 rationale.
873 2823 1073 2858 Distributio
1099 2822 1195 2857 inde·

314 2877 461 2925 pendens
480 2875 526 2916 est
550 2875 626 2915 illa,
653 2885 722 2918 quae
746 2885 814 2908 non
841 2873 1193 2918 dependetedistribu—

313 2930 407 2963 tione
431 2926 564 2969 alterius
577 2923 682 2959 vocis.
713 2925 755 2959 Et
776 2923 844 2959 haec
854 2922 1042 2958 distributio
1054 2922 1099 2957 est
1111 2923 1195 2957 ordi-

314 2979 425 3014 naria:
453 2976 644 3019 distributio
667 2975 757 3009 enim
778 2972 961 3019 dependens
973 2973 1119 3007 totaliter
1131 2974 1195 3015 spe-

315 3028 460 3064 culativa
473 3027 544 3071 est;
571 3027 606 3061 in
621 3026 711 3070 praxi
725 3023 802 3060 vero
821 3026 854 3062 ἀ
869 3024 928 3058 usu
940 3025 993 3058 vel
1006 3022 1097 3061 nulla
1109 3047 1122 3064 ‚
1147 3024 1194 3056 vel

317 3078 472 3115 rariffima
484 3102 492 3110 .

543 3174 870 3212 DUBIUM
923 3173 972 3212 H.

326 3302 329 3304 .
357 3280 403 3309 De
426 3275 604 3320 quibusdam
625 3277 735 3320 regulis
755 3272 955 3319 suppofitionis
976 3276 1171 3317 copulativae.

323 3324 356 3367 6-
496 3328 552 3360 On
569 3327 615 3362 est
639 3337 721 3372 'meae
734 3326 927 3361 intentionis
940 3348 951 3365 ‚
979 3336 1133 3370 magnum
1144 3323 1198 3359 hic

511 3377 693 3419 regularum
716 3371 884 3417 cumulate
904 3385 1100 3411 contextum
1119 3388 1126 3408 :
1167 3373 1199 3408 id

322 3423 438 3463 onim,
469 3434 545 3458 meo
563 3425 692 3465 quidem
717 3427 848 3469 Judicio
873 3451 884 3468 ,
910 3425 1008 3469 plane
1030 3425 1147 3459 inutile
1165 3426 1198 3459 ἀ

328 3471 527 3522 superfluum
550 3474 595 3509 est
616 3498 623 3506 -
652 3475 740 3510 Nam
765 3476 820 3515 hic
840 3477 1028 3526 regularum
1050 3475 1201 3515 cumulus

1256 2077 1476 2111 enumeranda
1492 2101 1501 2109 ,
1529 2078 1588 2113 At>
1602 2078 1636 2112 ui
1652 2077 1766 2119 ,potest
1784 2078 1927 2119 loquens
1951 2074 2070 2112 habere
2091 2075 2140 2109 in-

1258 2127 1439 2160 tentionem
1464 2124 1557 2158 aliud
1578 2090 1804 2168 significandi:
1826 2125 1935 2167 ,potest
1962 2123 2143 2171 habet-ein-

1257 2174 1439 2209 tentionem
1462 2174 1675 2219 significandi
1701 2174 1971 2210 inferioravocis
1998 2175 2057 2209 sub
2075 2174 2142 2209 alic

1257 2225 1527 2265 enumeratione,
1552 2235 1652 2267 quarn
1676 2224 1877 2266 prefer-ibant
1901 2223 2020 2267 regula
2040 2225 2143 2263 Sum-¹·

1258 2274 1427 2307 mulissicae
1438 2298 1446 2305 .
1478 2273 1685 2318 Ergovpotest
1700 2274 1836 2316 loquens
1851 2274 2015 2312 vocibus}
2026 2275 2061 2309 se
2070 2284 2145 2316 pem

1258 2322 1332 2358 latis
1353 2322 1433 2357 dare
1454 2323 1716 2366 suppositionem.
1734 2323 1865 2367 regulis
1887 2323 2144 2363 Summunsticjs

1258 2373 1455 2412 contrariam
1469 2387 1480 2408 .-
1508 2373 1670 2415 Adeoque
1692 2377 1810 2419 regulae
1822 2373 2074 2410 Summulisticae
2090 2374 2145 2411 uie

1259 2423 1306 2458 hil
1335 2424 1446 2458 valent
1470 2435 1584 2459 contra
1607 2433 1773 2464 mentem,
1797 2436 1835 2459 ac
1857 2423 2079 2459 intentiouem
2095 2424 2144 2458 lo-

1259 2474 1414 2518 quentis.-
1441 2475 1614 2516 solumque
1637 2474 1747 2508 valent
1772 2473 1961 2514 ostendere,
1990 2484 2140 2517 quaenam

1260 2523 1434 2567 suppositio
1448 2524 1582 2558 vocibus
1595 2524 1668 2557 insit
1680 2524 1720 2557 de
1733 2523 1807 2565 Jure
1819 2547 1830 2563 ,
1853 2535 1920 2557 non
1936 2533 2045 2557 autem
2056 2534 2144 2567 quae-

1259 2584 1334 2607 nam
1345 2573 1418 2607 infit
1430 2573 1472 2613 de
1484 2575 1568 2607 fasto
1580 2598 1589 2606 .
1617 2575 1709 2607 Paret
1719 2580 1833 2606 mmor:
1862 2572 1951 2618 Qia
1971 2584 1999 2606 v.
2012 2584 2045 2617 g,
2058 2572 2140 2607 dicit

1259 2623 1368 2668 regula
1393 2622 1657 2663 Summulistica,
1683 2621 1856 2668 subjedmffl
1875 2621 2078 2664 propofinonts
2092 2632 2141 2658 ne-

1257 2675 1382 2717 ceffariae
1394 2672 1562 2716 indefinita
1576 2671 1757 2716 supponitur
1766 2670 2005 2715 universaliter:
2030 2673 2143 2707 Adeo·

1258 2735 1321 2767 que
1340 2723 1511 2766 praescribit
1531 2722 1598 2756 haec
1617 2722 1728 2767 regula
1754 2746 1765 2763 ‚
1791 2732 1827 2759 ut
1848 2718 1953 2756 bomo
1976 2723 2140 2766 proferens

1260 2774 1514 2818 propositionem
1536 2774 1745 2808 necessariam
1759 2771 1993 2812 indefinitam,
2020 2771 2142 2808 habeat

1258 2823 1479 2858 intentionem
1490 2823 1697 2869 significandi
1710 2821 1822 2859 omnia
1837 2822 1993 2861 inferiora
2007 2820 2141 2866 snbjesti

1257 2874 1478 2909 enumeranda
1488 2871 1673 2918 copulative
1682 2897 1692 2911 .,
1717 2872 1821 2916 Atqui
1835 2883 1904 2907 non
1916 2872 2065 2908 obstante
2078 2871 2142 2912 hac

1259 2924 1355 2968 hujus
1366 2924 1486 2969 regulae
1496 2923 1732 2968 prascriptione
1744 2946 1755 2962 ,
1772 2922 1877 2965 potest
1890 2921 1964 2966 quis
1975 2924 2142 2965 proferens

1259 2975 1357 3011 talem
1370 2975 1627 3018 propositionem
1642 2995 1657 3014 ‚.
1680 2970 1799 3008 habere
1809 2972 2027 3013 intentionem
2039 2973 2138 3016 figni-

1261 3025 1383 3060 ficandi
1407 3025 1519 3060 omn-ia
1541 3025 1696 3058 inferiora
1725 3022 1881 3065 subjecti,
1905 3033 1975 3061 non
1986 3020 2140 3055 subenum

1260 3076 1442 3111 metatione
1453 3075 1660 3118 copulativa,
1686 3072 1739 3113 sed
1751 3071 1808 3107 sub
1818 3071 2007 3106 difiunfflva
2023 3084 2030 3104 :
2057 3083 2141 3117 ergo

1265 3124 1366 3169 potest
1389 3126 1527 3170 loquens
1548 3125 1665 3161 habere
1676 3121 1894 3157 intentionem
1912 3121 2066 3156 inferiora
2079 3134 2138 3156 vo-

1260 3175 1307 3211 cis
1320 3175 1337 3208 ὲ
1350 3175 1381 3209 se
1405 3175 1536 3219 prolatae
1555 3172 1759 3221 fignificandi
1771 3172 1829 3208 sub
1839 3173 1902 3208 alia
1914 3172 2139 3207 enumeratio,-

1263 3235 1303 3261 οε
1329 3248 1339 3264 ,
1367 3236 1464 3269 quam
1488 3224 1688 3269 prascribmt
1716 3223 1833 3267 regulae
1857 3222 2106 3257 Summulisticae
2127 3246 2135 3255 .

1263 3275 1365 3320 Qod
1389 3276 1462 3312 dixi
1485 3275 1526 3322 de
1545 3275 1607 3311 ista
1619 3298 1638 3315 ‚A
1657 3273 1721 3311 dici
1746 3273 1843 3307 debet
1870 3273 1911 3308 de
1936 3273 2012 3307 aliis
2035 3272 2137 3308 etiam

1262 3325 1515 3361 Summulisticis
1536 3324 1679 3370 regulis.
1704 3323 1784 3357 Hoc
1806 3323 1917 3366 posito.
1935 3323 2020 3360 inter
2035 3321 2139 3356 maxi-

1263 3374 1316 3409 rne
1339 3377 1520 3411 ordinarias
1539 3372 1778 3411 distributionis
1790 3374 1917 3418 regulas

1317 3428 1346 3464 8.
1381 3430 1489 3461 Prima
1511 3426 1562 3468 effe
1576 3423 1668 3468 potest
1690 3423 1772 3458 baec:
1801 3423 1984 3467 Subjedum
1998 3422 2140 3465 proposi-⁴

1262 3477 1369 3517 tionis
1391 3476 1570 3517 necessaria·
1594 3474 1774 3515 indefinitae
1786 3475 1909 3520 semper
1919 3470 2139 3561 distri-linitur.

2034 3534 2089 3561 inc
