2384 3770
391 162 491 208 ²44

354 228 491 263 inchoes
501 253 510 269 ,
535 229 593 264 nifi
607 228 640 264 in
653 228 764 265 multis
774 228 1052 275 >propositionibus
1063 230 1223 265 DIvinam

296 310 298 312 ,
350 279 580 320 Trinitatem,
606 292 643 314 ac
663 281 926 316 Incarnationem
951 282 1241 316 concernentibus&

351 329 529 371 turpissime
549 340 656 365 errare
672 331 847 369 defideres.
877 331 986 371 Divisio
1007 331 1045 372 est
1055 331 1136 365 haee:
1166 311 1242 366 Di-l

350 378 476 411 viditur
496 381 673 424 appellatio
692 382 725 415 in
750 382 950 416 materialem
971 380 1006 413 ἀ
1030 382 1201 415 formalem
1215 355 1242 434 ,Ι

351 428 546 471 Appellatio
574 431 749 466 materialis
779 432 823 465 est
851 431 1029 474 applicatio
1051 432 1227 476 significati

350 479 495 513 formalis
505 481 602 520 unius
628 482 716 515 vocis
728 482 819 525 supra
831 480 1051 525 significatum
1073 482 1223 516 materia-

348 528 378 562 le
401 530 532 564 alterius
556 533 665 573 vocis;
694 531 777 570 verb.
803 541 882 576 grat.
905 542 980 564 cum
993 530 1085 572 dico,
1117 533 1224 565 Album

345 579 385 619 est
395 580 501 622 dulce,
527 591 592 620 νοις
613 582 695 614 dulc-e
716 580 858 623 appellat
885 581 978 623 supra
989 591 1102 614 vocem
1120 583 1221 615 album

342 631 564 672 appellatione
579 630 736 665 materiali
750 643 762 664 .·
788 632 865 673 quia
885 642 950 663 vox
962 631 1044 664 dulce
1054 632 1146 665 suum
1159 633 1221 665 sor-

343 681 429 713 male
450 681 668 724 significatum
693 681 787 724 ponit
811 681 845 714 δε
863 681 1023 724 applicet,
1052 691 1089 713 ac
1110 682 1220 715 inexi-

342 728 423 762 stere
435 730 590 775 signifieat
614 730 712 772 laeli,
738 731 828 773 quod
851 731 895 764 est
908 730 1127 775 fignificatum
1152 737 1218 766 ma-

339 780 450 814 teriale
476 785 565 815 vocis
582 780 700 814 album.
729 779 920 824 Appellatio
939 781 1090 815 formalis
1103 780 1147 815 est
1158 793 1217 825 ap-

339 829 478 872 plicatio
499 830 671 874 significati
696 829 842 865 formalis
865 831 961 865 unius
976 830 1068 865 vocis
1080 832 1171 875 supra
1183 832 1217 866 fi.

336 880 529 923 gnificatum
555 879 690 913 formale
716 881 872 923 alterius‚·
898 892 926 914 v.
945 892 992 926 gr.
1013 892 1089 915 cum
1116 881 1215 922 dico,

337 930 502 970 Aristoteles
518 929 588 970 fuit
608 941 737 977 magnus
758 930 972 974 philosophus,
997 942 1064 966 vox
1087 943 1214 980 magnus

334 979 474 1022 appellat
501 980 593 1023 supra
631 977 745 1014 vocem
773 980 967 1024 Philosophus
993 982 1215 1025 appellatione

332 1029 462 1062 formali
476 1042 486 1062 s
513 1031 589 1074 quia
608 1032 698 1064 suum
714 1032 851 1066 formale
865 1032 1082 1076 significatum
1095 1033 1214 1075 ponit,

330 1078 493 1120 applicat,
523 1091 560 1114 ac
579 1080 751 1115 inexistere
775 1082 937 1127 significat
958 1082 1142 1126 significato
1154 1082 1214 1115 for-

330 1129 410 1162 mali
432 1130 522 1164 vocis
542 1129 733 1174 philosophus
758 1156 769 1173 ,
794 1131 945 1166 videlicet
972 1131 1213 1175 philosophiae;

329 1179 471 1222 facitque
490 1179 578 1214 hunc
600 1181 750 1215 sensumx
779 1181 971 1217 Aristoteles
1003 1181 1117 1215 habuit
1146 1192 1212 1215 ma·

328 1240 430 1273 gnam
451 1229 692 1274 philosophiam
718 1255 726 1263 .
765 1231 803 1266 In
829 1232 1005 1266 intellectu·
1020 1230 1134 1265 harum
1161 1243 1212 1275 ap—

327 1280 544 1322 pellationum
559 1282 636 1316 latet
645 1292 765 1325 magna
780 1293 850 1324 pars
863 1281 1053 1316 subtilitatis
1068 1280 1210 1325 philoso-

325 1329 429 1372 phicae
441 1355 448 1362 .
478 1331 563 1372 Sed,
589 1343 625 1365 ut
652 1333 763 1366 locum
777 1331 918 1367 habeant
932 1356 943 1373 ,
972 1343 1038 1366 vox
1051 1332 1212 1375 appellata

326 1382 418 1422 (non
428 1391 538 1415 autem
551 1382 716 1425 appellans
728 1384 740 1423 )
751 1383 813 1416 esse
824 1382 919 1416 debet
931 1391 1099 1416 -concreta
1115 1405 1127 1422 ‚
1151 1379 1212 1415 ha·-

324 1429 406 1465 bens
417 1430 637 1481 significatum
655 1431 792 1467 formale
805 1444 881 1467 cum
897 1431 1078 1467 materiali.
1125 1460 1130 1464 .

536 1531 876 1569 DUBIUM
937 1531 981 1568 11.

323 1631 443 1679 Regulae
464 1632 605 1677 quaedam
621 1638 678 1672 pro
699 1630 899 1675 dignoftenda
929 1633 1206 1677 appellationosor-

598 1682 671 1714 mali
698 1682 733 1715 l&
759 1680 911 1716 materiata·
923 1706 932 1714 .
1140 1678 1142 1681 ’

563 1781 585 1814 S
613 1781 640 1815 Β
669 1779 701 1814 C
727 1780 765 1814 T
790 1781 806 1814 1
831 1783 865 1816 O
928 1781 953 1816 1.

534 1881 639 1912 Prima
654 1880 687 1912 (vt
708 1879 842 1921 fret-unda
868 1880 984 1924 Regula
997 1905 1004 1913 .

326 1993 379 2029 15.
409 1978 618 2065 REguIa
642 1985 746 2022 prima
761 1977 799 2021 fit
829 1978 892 2012 baec
913 1992 924 2011 ι
966 1976 1114 2025 Qando
1139 1989 1204 2012 vox

532 2042 683 2065 concreta
706 2028 937 2073 praedicatione
949 2029 1129 2066 essenriali,
1155 2029 1204 2062 vel

324 2082 497 2116 necessaria
530 2082 719 2124 praedicatur
751 2078 792 2112 de
820 2079 882 2111 alia
915 2090 995 2110 voce
1028 2088 1179 2111 concreta
1195 2101 1205 2116 ‚

324 2141 405 2165 tune
420 2130 629 2172 praedicatum
656 2128 793 2170 appellat
807 2127 900 2168 supra
912 2126 1086 2167 subjeetum
1100 2126 1203 2167 appel-

325 2181 449 2215 latione
471 2178 600 2213 sormali
620 2177 711 2210 simul
735 2176 767 2209 ὃ(
780 2175 963 2216 mareria1i;
992 2186 1017 2206 v·
1029 2186 1060 2219 g.
1074 2176 1106 2207 in
1121 2173 1205 2207 hisce

324 2229 607 2274 praedicationibus
627 2250 638 2266 ‚
666 2232 755 2261 Homo
775 2226 815 2265 est
839 2225 977 2264 animal,
1003 2223 1086 2256 bomo
1095 2224 1134 2263 est
1147 2223 1202 2263 nli-

326 2281 393 2314 b‘ilis
404 2305 414 2320 ‚
440 2282 495 2314 etc.
508 2278 552 2311 est
563 2275 710 2312 formalis
726 2299 736 2314 ,
755 2275 847 2307 simul
863 2275 898 2308 δε
912 2274 1085 2307 materialis
1096 2273 1205 2316 appu-

327 2331 408 2364 latio
421 2327 578 2372 praedicati
593 2328 683 2369 supra
696 2323 872 2365 subjectum
885 2348 892 2355 .
916 2323 1018 2369 Qod
1034 2325 1090 2356 fiat
1101 2322 1205 2366 appel·

327 2381 409 2414 latio
433 2376 628 2414 materialis,
651 2375 816 2416 probatur:
844 2374 935 2421 Qia
959 2384 1036 2406 tunc
1051 2373 1205 2416 fitappel-

327 2430 409 2464 latio
421 2427 596 2462 materialis
609 2424 771 2469 praedicati
787 2425 878 2466 supra
892 2423 1072 2465 subjestum
1088 2448 1098 2462 ‚
1109 2434 1201 2464 quan·

328 2479 373 2514 do
383 2478 602 2523 significatum
623 2474 760 2510 formale
774 2473 935 2516 praedicati
950 2473 1147 2512 affirmatur,
1174 2474 1206 2507 ὅ(

329 2529 530 2575 significatur
552 2525 725 2561 inexistere
744 2524 926 2568 significato
937 2524 1095 2556 materiali
1111 2523 1202 2564 subje

330 2582 370 2615 &i
384 2593 391 2612 :
416 2577 511 2623 atqui
525 2579 558 2611 in
573 2573 858 2619 praedicationibus
868 2584 1097 2608 concretorum
1111 2573 1206 2606 essen·

329 2628 463 2665 tialibus
475 2627 692 2672 significatum
705 2625 842 2659 formale
855 2623 1014 2667 praedicati
1039 2622 1184 2656 inexissit
1197 2647 1206 2662 ,

330 2691 368 2714 ac
380 2679 550 2714 inexistere
572 2677 790 2722 significatur,
816 2675 850 2708 &
861 2673 1037 2707 affirmatur
1048 2672 1205 2707 materiali

329 2729 512 2774 significato
536 2727 686 2770 subjecti:
714 2736 795 2770 ergo
819 2725 853 2758 in
872 2724 990 2758 talibus
1003 2723 1206 2771 pra-dicatio-

331 2780 428 2814 nibus
439 2779 475 2812 fit
487 2777 665 2821 appellatio
692 2772 868 2810 materialis
881 2774 1040 2817 praedicati
1055 2776 1148 2816 supra
1159 2774 1205 2807 su-

331 2830 490 2865 biestum.
517 2821 634 2861 Minor
653 2826 789 2860 evidens
813 2825 857 2858 est
885 2823 1076 2858 induffione
1098 2834 1207 2857 exem-

331 2881 461 2923 plorum
485 2877 659 2912 allatorum
682 2899 692 2915 ‚
720 2876 924 2916 aliorumque
944 2874 1114 2908 similium.
1142 2876 1205 2904 Ma-

323 2933 375 2973 jor
387 2928 606 2969 verlprobamr
623 2940 634 2959 .·
661 2926 750 2973 Qia
774 2925 953 2967 appellatio
966 2923 1011 2956 est
1026 2923 1206 2966 applicatio

330 2982 384 3015 seu
408 2980 524 3023 positio
547 2976 717 3021 significati
739 2975 887 3009 formalis
908 2974 997 3007 vocis
1015 2972 1206 3016 appellantis

330 3031 424 3074 supra
436 3029 654 3074 significatum
669 3029 760 3060 vocis
773 3024 957 3068 appellatae:
971 3022 1117 3066 adeoque
1128 3031 1206 3055 tunc

331 3080 540 3123 praedicatum
558 3076 697 3121 appellat
718 3078 808 3120 supra
823 3074 998 3117 subjectum
1018 3073 1206 3116 appellatio-

333 3142 374 3164 ne
385 3128 565 3168 materiali,
580 3125 713 3171 quande>
726 3125 944 3170 significatum
956 3123 1092 3157 formale
1104 3121 1208 3167 praedi·

333 3181 396 3212 cati
411 3179 602 3223 applicatur,
614 3189 651 3211 ae
665 3177 798 3220 ponitur
811 3176 901 3218 supra
913 3173 1130 3219 significatum
1143 3184 1206 3206 ma·

334 3230 444 3263 teriale
457 3227 711 3271 subjeffiAtqui
725 3237 845 3269 ponere
857 3227 906 3258 seu
917 3222 1079 3267 applicare
1090 3223 1207 3268 signifi-

334 3289 441 3312 catum
462 3278 596 3312 formale
608 3276 770 3320 praedicati
782 3276 872 3319 supra
883 3274 1098 3320 significatum
1110 3284 1208 3307 mate-

334 3326 412 3360 riale
426 3328 553 3371 subjeffi
569 3326 652 3361 nihil
662 3328 707 3361 est
722 3325 923 3369 aliud‚quam
935 3325 1094 3358 affirmare
1106 3325 1159 3357 seu
1169 3324 1209 3356 li·-

334 3376 490 3422 gnificare
505 3402 515 3416 ‚
540 3377 627 3417 quod
651 3376 865 3421 significatum
890 3375 1029 3410 formale
1045 3373 1207 3417 praedicati

335 3424 470 3469 quadret
491 3426 523 3458 ὃς
551 3426 700 3460 inexistat
726 3426 908 3471 significato
929 3424 1088 3458 materiali
1109 3423 1209 3467 subje-

337 3475 394 3523 {iiz
423 3475 545 3511 etenim
571 3475 648 3518 quid
663 3477 746 3510 foret
755 3475 868 3511 aliud?
897 3475 987 3521 Ergo
999 3474 1095 3512 toties
1108 3473 1145 3508 fit
1158 3485 1208 3518 ap-

769 141 1002 191 Drswr.
1050 137 1246 191 XVIII.v

1258 137 1402 190 'Due-
1439 142 1496 190 Π.
1532 142 1654 189 δἐε.
1692 145 1727 191 Ι.

1266 231 1414 276 (pellatio
1437 231 1613 266 materialis
1645 228 1807 274 proedic'ati
1834 231 1925 276 stupra
1948 231 2120 276 subjeetum
2132 252 2151 274 ,

1280 283 1407 326 quoties
1427 282 1644 326 significatum
1674 276 1812 314 formile
1833 281 1988 323 predicari
2010 284 2149 316 affirma-

1279 341 1332 366 tur
1346 356 1356 371 ,
1380 333 1415 365 δε
1439 332 1639 376 significatur
1659 330 1831 365 inexistere
1847 330 2029 375 significato
2043 342 2148 368 mate-

1279 382 1351 417 riali
1376 381 1522 423 subjecti.

1333 430 1387 466 16-
1410 431 1511 479 Qud
1534 432 1567 466 in
1591 430 1709 466 talibus
1722 428 2006 475 praedicationibus
2017 441 2147 474 quoque

1278 480 1333 515 fiat
1355 480 1499 515 formalis
1529 481 1705 525 appellatio
1738 480 1900 528 praedicfati
1935 481 2028 523 supra
2048 480 2148 524 stibio·

1277 532 1388 571 diurn,
1413 535 1504 564 etiam
1514 531 1676 574 probatur:
1704 532 1796 573 Qia
1816 539 1898 565 tunc
1924 530 1960 564 fit
1971 529 2148 574 appellatio

1277 580 1424 617 formalis
1446 605 1459 622 ,
1495 581 1630 625 quando
1651 580 1869 625 significatum
1893 581 2029 614 formale
2051 579 2149 614 unius

1278 632 1370 665 vocis
1392 630 1587 675 significatur
1608 628 1762 672 quadrare
1782 632 2005 666 &inexistere
2024 628 2150 675 fignifi-

1276 691 1350 714 cato
1374 681 1504 716 formali
1528 681 1660 715 alterius
1671 680 1782 714 vocis.-
1802 680 1894 725 atqui
1909 682 1944 715 in
1965 682 2059 715 omni
2074 690 2150 722 pra:-

1276 731 1443 766 dicatione
1468 731 1638 765 neces'saria
1660 729 1872 775 significatum
1896 731 2030 765 formale
2040 728 2149 773 praedi-

1275 784 1340 815 cati
1363 779 1520 825 quadrat,
1546 793 1584 815 ac
1608 780 1775 821 inexiflit‚
1802 790 1839 814 ac
1863 778 2016 823 quadrare
2036 780 2149 822 &ines

1276 831 1393 865 xistere
1414 831 1611 876 significatur
1630 831 1663 865 δι
1689 830 1867 864 affirmatur
1879 830 2061 874 fignificato
2084 829 2150 863 for·

1275 882 1354 916 mali
1378 882 1508 925 subjecti
1524 895 1536 917 t
1561 892 1640 927 ergo
1660 882 1695 914 in
1721 881 1778 915 tali
1803 879 2030 924 praedieatione
2041 878 2148 923 praedi·

1273 942 1384 966 catum
1407 932 1546 976 appellat
1569 934 1660 976 supra
1671 930 1845 974 subjeetum
1857 930 2074 974 appellatione
2085 929 2150 963 sor-

1275 981 1370 1015 mali.
1398 984 1497 1024 Major
1515 984 1587 1024 jaem
1611 981 1737 1023 probata
1762 980 1823 1023 est3
1848 986 1942 1013 minor
1967 978 2148 1021 vero'potest

1268 1032 1337 1074 fieri
1359 1034 1443 1065 clara
1449 1041 1504 1074 per
1517 1031 1713 1064 indumonem
1723 1042 1737 1071 ;
1766 1042 1824 1075 v.g.
1839 1041 1914 1065 cum
1927 1030 2002 1064 dico
2016 1053 2027 1068 ,
2058 1034 2148 1062 Homo

1273 1082 1311 1121 est
1321 1083 1436 1115 animal
1443 1109 1452 1122 ‚
1483 1083 1532 1116 vel
1549 1081 1631 1114 bomo
1652 1080 1689 1117 est
1701 1078 1834 1127 rifibtlts,
1859 1081 2043 1114 animalitas
2056 1080 2089 1113 &
2102 1080 2150 1112 ri·-

1273 1130 1426 1173 sibilitas,
1451 1133 1605 1176 quaesunt
1631 1131 1812 1175 significata
1839 1131 1985 1164 formalia
2003 1129 2151 1173 praedica·

1274 1181 1320 1221 ri,
1351 1182 1551 1223 inexislunr,
1578 1191 1615 1214 ac
1636 1179 1808 1214 inexistere
1829 1181 2052 1221 affirmantur,
2081 1189 2151 1212 non

1273 1231 1401 1266 tanturn
1430 1230 1644 1266 humanitatis
1667 1230 1850 1274 supposito,
1876 1230 1965 1273 quod
1977 1227 2151 1275 estsignifi·

1273 1292 1381 1315 catum
1405 1282 1569 1316 materiale
1599 1282 1687 1315 voeis
1711 1280 1817 1322 bomo;
1845 1281 1898 1313 sed
1923 1281 2022 1313 etiam
2037 1280 2151 1313 huma·

1275 1332 1372 1365 nitati
1396 1356 1406 1371 ‚
1435 1344 1503 1376 quae
1523 1331 1567 1366 est
1595 1331 1809 1377 significatum
1833 1329 1996 1364 formale:
2035 1330 2069 1363 ὃ(
2095 1338 2150 1371 per

1272 1383 1473 1426 consequens
1495 1384 1529 1416 in
1558 1381 1616 1415 ista
1645 1381 1864 1424 propositione
1886 1380 2065 1413 affirmatur
2079 1388 2151 1412 non

1274 1431 1483 1468 solummodo
1498 1459 1506 1471 ‚
1533 1431 1621 1474 quod
1646 1430 1750 1465 horno
1776 1427 1894 1464 habeat
1912 1428 2150 1463 animalitatem

1272 1482 1306 1516 ἀ
1339 1482 1552 1516 risibilitatem
1592 1481 1648 1515 fibi
1670 1479 1898 1514 inexistentem
1924 1487 1935 1522 ’ς
1974 1478 2028 1513 sed
2049 1478 2152 1513 etiam

1273 1533 1360 1576 quod
1392 1531 1575 1565 humanitas
1607 1529 1722 1564 habeat
1751 1530 1821 1564 illas
1844 1555 1851 1562 .
1875 1527 2038 1573 'Ergo‘in
2063 1528 2150 1566 istis,

1272 1583 1406 1626 aliisque
1439 1581 1595 1614 similibus
1626 1579 1899 1624 propositionibus
1931 1578 2151 1623 significatum

1271 1632 1409 1668 formale
1429 1632 1589 1675 praedicati
1614 1630 1781 1669 inexistit,
1807 1641 1844 1662 ac
1874 1628 2046 1662 inexistere
2069 1627 2150 1662 affir-

1274 1693 1378 1715 matur
1398 1691 1467 1714 non
1493 1679 1599 1714 solum
1620 1679 1807 1719 materiali,
1828 1678 1883 1713 sed
1909 1678 2008 1714 etiam
2019 1677 2151 1714 formali

1273 1730 1454 1776 significato
1481 1730 1629 1774 subjecti.

1324 1792 1377 1829 17.
1406 1783 1493 1814 Dices
1514 1792 1522 1812 ι
1555 1780 1635 1814 Vox
1659 1779 1823 1822 appellans
1844 1778 1941 1813 debet
1961 1779 2049 1820 posse
2071 1778 2152 1812 affir-

1265 1835 1355 1868 ,mari
1375 1831 1407 1863 &
1431 1829 1589 1873 pradicari
1613 1829 1655 1862 de
1666 1828 1950 1874 significatotvocis
1960 1827 2150 1870 appellata,

1272 1882 1364 1924 supra
1386 1882 1475 1921 quod
1497 1879 1656 1923 appellat:
1682 1880 1771 1922 atqui
1793 1878 1826 1913 in
1855 1878 1940 1910 dista
1963 1876 2152 1920 propositio·

1273 1940 1311 1962 ne
1332 1953 1343 1968 ,
1380 1931 1469 1962 Homo
1491 1929 1528 1968 est
1550 1931 1669 1962 animal
1685 1951 1696 1968 ,
1723 1939 1790 1961 vox
1812 1928 1927 1960 animal
1953 1938 2022 1960 non
2045 1925 2151 1969 potest

1271 1977 1422 2012 affirmari
1446 1978 1479 2011 δε
1501 1977 1661 2021 praedicari
1683 1977 1724 2011 de
1741 1976 1922 2021 significato
1942 1975 2074 2009 formali
2097 1986 2154 2009 vo-
2181 1978 2196 2000 ί

1270 2029 1316 2062 cis
1336 2027 1442 2062 bomo:
1469 2039 1530 2062 nec
1554 2027 1645 2062 enim
1666 2026 1774 2060 dicere
1796 2027 1979 2070 possumus.
2007 2026 2154 2058 Humani-

1269 2088 1320 2110 tas
1342 2077 1380 2116 est
1395 2079 1529 2111 animal.
1558 2074 1705 2121 Ergo'in
1729 2076 1807 2115 ista,
1835 2076 1970 2119 aliisque
1993 2074 2152 2111 similibus
2219 2074 2228 2085 ⁰

1272 2125 1543 2168 propositionibus
1565 2136 1632 2157 non
1642 2125 1678 2157 fit
1690 2125 1837 2157 formalis
1849 2124 2026 2166 appellatio
2040 2124 2151 2166 praedi-

1269 2175 1333 2209 cati
1356 2171 1447 2218 su'pra
1466 2173 1640 2216 subjeetum
1655 2196 1662 2204 .
1691 2175 1781 2205 Patet
1794 2174 1911 2214 major.-
1937 2173 2027 2220 Qia
2041 2174 2151 2217 appel·

1269 2224 1333 2258 lare
1355 2225 1399 2258 est
1422 2223 1600 2268 significare
1623 2223 1657 2257 δε
1680 2222 1837 2256 affirmare
1859 2222 2075 2266 significatum
2085 2223 2151 2257 for·

1271 2273 1353 2307 male
1376 2274 1473 2306 unius
1495 2273 1585 2306 vocis
1612 2270 1784 2305 inexistere
1803 2271 1987 2314 significato
1997 2272 2144 2306 alterius:

1270 2333 1348 2367 ergo
1365 2334 1432 2356 vox
1461 2321 1628 2364 appellans
1650 2321 1745 2356 debet
1771 2320 1860 2363 posse
1876 2320 2042 2364 praedicari
2056 2322 2149 2358 &as-

1272 2373 1389 2406 firmari
1428 2371 1469 2406 de
1501 2371 1685 2416 significato
1708 2372 1799 2405 vocis
1820 2370 1986 2414 appellatae
2006 2396 2018 2413 ,
2055 2372 2148 2414 supra

1253 2423 1360 2473 ,quod
1384 2422 1523 2466 appellat
1553 2444 1561 2454 .
1598 2419 1685 2464 Resp.
1709 2421 1842 2465 negando
1867 2423 2009 2459 maiorem
2030 2435 2042 2456 .·
2067 2422 2148 2458 Hoc

1271 2473 1405 2516 quidem
1425 2470 1589 2506 ordinarie
1611 2472 1644 2505 δι
1667 2470 1743 2513 saepe
1762 2470 1799 2504 fit
1819 2482 1830 2513 ;
1867 2481 1936 2504 non
1969 2481 2078 2505 tamen
2098 2470 2147 2506 est

1273 2523 1478 2556 necoeiiarium
1492 2545 1500 2554 .
1529 2523 1577 2554 Ad
1596 2519 1798 2562 probationem
1821 2530 1888 2562 nego
1904 2519 2016 2562 consi-q.
2029 2521 2120 2568 Quia
2132 2545 2146 2561 ‚

1270 2583 1305 2606 ut
1330 2572 1480 2615 probatio
1495 2572 1559 2613 ipsa
1572 2570 1702 2604 assumit
1715 2594 1725 2609 ,
1756 2568 1915 2612 appellare
1941 2580 2009 2603 non
2030 2570 2075 2604 est
2090 2581 2146 2605 vo·

1269 2632 1338 2656 cem
1359 2621 1576 2664 appellantem
1600 2619 1785 2661 simpliciter
1807 2618 1966 2653 affirmare
1986 2619 2028 2653 de
2049 2620 2146 2665 figni.

1269 2673 1367 2707 ficato
1392 2673 1481 2705 vocis
1514 2668 1681 2713 appellatae
1703 2692 1713 2708 ,
1753 2668 1844 2711 supra
1864 2668 1954 2711 quod
1977 2670 2121 2717 appellat
2126 2682 2143 2712 ,-

1269 2724 1319 2756 sed
1346 2721 1390 2754 est
1423 2721 1530 2754 solum
1564 2718 1699 2754 formale
1730 2718 1947 2762 significatum
1979 2720 2071 2753 vocis
2091 2730 2146 2764 ap·

1270 2771 1420 2815 pellantis
1439 2795 1450 2811 ,
1488 2770 1550 2803 five
1571 2768 1616 2803 est
1641 2779 1756 2802 vocem
1777 2769 1996 2811 appellantem
2032 2771 2144 2803 secun·

1268 2823 1347 2856 dum
1368 2821 1470 2854 solum
1495 2821 1586 2853 suum
1609 2819 1828 2863 significatum
1848 2819 1986 2853 formale
2004 2819 2140 2854 affirma-

1267 2883 1301 2906 re
1325 2871 1364 2906 de
1385 2871 1567 2916 significato
1595 2870 1684 2902 vocis
1702 2868 1867 2910 appellatae
1890 2893 1902 2909 ‚
1940 2870 2029 2912 supra
2051 2867 2142 2913 quod

1268 2923 1431 2966 appellat:
1455 2930 1534 2965 ergo
1561 2919 1639 2953 licet
1653 2917 1730 2960 saepe
1742 2918 1860 2960 poffit,
1887 2929 2076 2953 nontamen
2086 2919 2141 2954 de

1268 2972 1321 3007 bet
1345 2983 1412 3005 vox
1432 2970 1597 3014 appellans
1619 2969 1742 3011 semper
1762 2969 1849 3011 posse
1870 2968 2030 3012 praedicari
2051 2969 2093 3002 de
2104 2969 2140 3003 fi-

1268 3022 1429 3067 gnificato
1452 3021 1542 3054 vocis
1563 3019 1749 3062 appellatae,
1778 3019 1868 3060 supra
1882 3018 1969 3062 quod
1979 3018 2120 3061 appellat
2138 3042 2148 3052 .

1271 3073 1418 3106 Probatur
1437 3069 1546 3114 conseq.
1573 3069 1665 3116 Qia
1685 3078 1778 3115 voces
1791 3078 1948 3101 concretae
1970 3078 2037 3101 non
2061 3069 2140 3103 sem-

1270 3133 1323 3165 per
1348 3123 1475 3166 poslunt
1497 3120 1648 3154 affirmari
1669 3117 1796 3152 de'illis
1808 3116 1954 3160 subjeelis
1972 3140 1982 3156 ‚
2007 3117 2047 3151 de
2069 3118 2140 3162 qui·

1269 3171 1327 3206 bus
1350 3171 1500 3206 affirmari
1522 3171 1654 3214 possunt
1675 3166 1741 3203 sola
1762 3177 1872 3200 earum
1889 3167 2063 3211 significata
2075 3169 2140 3202 for-

1270 3222 1367 3256 malia
1381 3236 1391 3255 :
1418 3231 1454 3256 ut
1476 3221 1599 3255 clarum
1618 3219 1686 3258 est,
1711 3215 1838 3250 &infra
1852 3216 1996 3258 pluribus
2007 3217 2137 3252 dicam.

1271 3271 1374 3315 Atqui
1399 3272 1438 3305 ad
1450 3270 1702 3314 appellationem
1722 3277 1790 3300 non
1805 3267 1997 3309 requiritur,
2023 3277 2138 3301 uttota.

1269 3332 1335 3355 vox
1357 3322 1522 3364 appellans
1546 3317 1720 3354 secundum
1745 3327 1918 3360 utrumque
1931 3319 2022 3350 suum
2039 3317 2139 3361 signi·

1270 3374 1402 3406 ficatum
1419 3396 1429 3412 ,
1456 3381 1560 3412 neque
1582 3379 1617 3403 ut
1628 3366 1805 3401 secundum
1817 3367 2030 3410 significatum
2043 3367 2137 3402 suum

1270 3423 1452 3463 materiale3
1485 3420 1537 3454 sed
1562 3415 1770 3453 solummodo
1798 3428 1833 3450 ut
1854 3416 2031 3466 seeundum
2043 3416 2140 3460 signi-

1271 3472 1415 3513 ficatum·
1433 3472 1524 3507 suum
1547 3468 1683 3508 formale
1710 3467 1886 3503 affirmetur
1906 3466 1948 3503 de
1958 3466 2141 3511 significato

2003 3526 2092 3553 vocis
