2384 3770
44 348 144 391 Epist.

49 409 123 447 137·

47 798 148 842 Epist.

46 1442 129 1486 Cap.
150 1452 205 1488 23.

50 1719 131 1762 Cap.
144 1733 199 1767 31.

19 1854 21 1856 '
44 1847 126 1890 Cap.
143 1858 197 1893 52.

38 1967 208 2017 (Cap.53.

44 2245 125 2288 Cap.
142 2255 193 2280 21-

41 2778 98 2823 Ep.
125 2788 182 2827 70.

43 3229 141 3272 Epist.

598 108 929 152 SANcrr
1019 104 1125 147 Au

1161 107 1558 148 cus-trus:

1965 124 2023 168 37

185 175 190 178 ἢ
211 206 282 230 *tres
306 197 338 230 ὡ·
360 192 474 228 clericos
496 202 591 229 meos,
617 195 668 233 qui
692 201 801 223 mecum
822 187 961 221 habitant
983 210 993 226 ,
1020 183 1106 227 Pres·
1170 191 1203 218 in
1224 184 1306 217 nobis
1330 184 1463 228 negotiosi
1473 208 1484 224 ,
1508 186 1543 220 ό·
1562 195 1613 216 nor
1634 191 1666 218 in
1678 187 1966 232 vobis'otiofifimus,
1995 194 2054 224 Ad.

220 247 328 285 byteros
342 270 351 285 ,
379 246 525 275 Diaconos
538 267 548 282 ‚
572 242 794 279 subdiaconos,
819 239 1031 271 &Patricium
1043 239 1104 267 Ne·

217 304 314 338 potem
347 303 444 326 meum
470 316 480 332 ,
514 291 590 325 tales
612 296 744 328 inveni,
780 289 883 329 quales
909 283 1074 326 defideravi
1095 309 1103 317 .

221 346 315 378 Hinc
341 344 440 377 etiam
464 353 603 385 nequam
626 340 681 373 ille
707 337 894 372 adolescens
919 334 1102 378 Presbyteri

221 393 387 428 Bonifacii
408 393 596 430 accusator,
626 400 693 422 non
719 387 805 428 quasi
833 385 874 419 de
895 386 1023 431 gratia,
1050 383 1103 418 sed

219 444 289 487 iure
313 445 371 478 suo
391 442 432 477 ab
455 440 642 485 Augustino
652 435 878 480 expostulabat
891 436 1079 469 clericatum
1092 456 1100 464 .

220 494 268 527 At
291 492 366 527 vero
386 492 421 525 in
435 488 635 524 monasteriis
647 487 804 530 prioribus
817 485 1001 520 habitantes
1012 493 1104 519 erant

221 545 319 583 laici,
346 544 380 577 in
398 541 515 575 laicatu
541 538 620 579 fixi,
647 537 817 571 clericatus
830 535 1020 579 incapaces,
1035 546 1102 569 non

195 613 197 616 ⁴
221 587 327 627 solum
351 592 395 626 ob
418 589 555 623 scientiae
569 613 579 629 ,
603 587 766 622 sedetiam
779 587 880 630 aliqui
901 586 947 620 ob
966 586 1105 629 personat

221 642 373 688 regularis
394 639 553 673 defectum
566 663 577 679 ,
604 636 668 671 hoc
690 637 735 670 est
748 662 759 678 ,
785 636 831 671 ob
841 637 958 670 vitium
970 635 1104 670 canoni-

220 706 263 727 cae
281 689 544 735 irregularitatis.
573 687 684 721 Testis
708 697 798 721 meus
814 686 859 720 est
873 686 939 730 ipse
955 684 1104 731 Augusti-

221 752 282 776 nus
304 741 347 774 fic
361 739 501 774 scribens
511 739 550 772 ad
563 738 704 773 sanctum
719 737 890 770 Aurelium
905 736 1104 780 Episcopum

223 790 528 834 Carthaginensem.
556 788 722 830 Aliquando
732 793 822 820 etiam
834 785 925 819 bonus
949 784 1104 819 monachus

222 848 279 875 vix
299 839 404 873 bonum
426 840 558 873 clericum
573 837 655 878 facit
667 861 678 876 ,
695 835 726 878 fi
743 835 815 877 adfit
827 843 854 869 ei
863 835 1005 878 sufficiens
1016 840 1104 869 conti-

223 897 327 925 nentia
353 915 364 931 ‚
390 891 425 923 ύ·
445 898 547 922 tamen
565 886 635 929 defit
654 885 802 926 inflrublio
823 886 979 928 neceffariae
1000 910 1012 926 ‚
1049 894 1104 918 aut

219 939 352 985 personae
367 941 509 984 regularis
530 942 707 984 integritas.
736 935 858 970 Tertio
882 959 893 975 ‚
916 936 950 968 in
975 934 1104 969 duobus

222 990 383 1035 prioribus
403 987 607 1023 monasteriis
618 988 752 1027 fratres,
776 996 869 1020 more
879 985 1020 1020 aliorum
1032 995 1104 1018 tum

222 1041 259 1074 in
278 1041 351 1073 Afia
374 1050 446 1073 tum
469 1039 503 1073 in
518 1038 648 1081 Europa
661 1034 924 1077 monachorum,
951 1035 1105 1079 transige-

223 1089 304 1125 bant
327 1091 358 1124 se
379 1089 442 1123 suis
463 1088 633 1128 manibus,
661 1085 726 1120 haec
739 1087 858 1130 quippe
869 1086 1042 1120 transatio
1053 1095 1105 1118 eas

222 1139 378 1174 excitavit
394 1138 500 1174 turbas
523 1139 555 1170 in
572 1137 771 1171 monasterio
783 1136 1036 1181 Carthaginensi
1051 1144 1106 1177 με

225 1190 302 1224 vero
313 1191 423 1224 fratres
434 1188 552 1222 domus
565 1187 765 1230 Episcopalis
778 1210 788 1226 ,
814 1197 929 1229 utpote
946 1186 1044 1220 boves
1052 1185 1106 1219 tri·

222 1249 369 1272 turantes
389 1247 445 1271 aut
466 1237 665 1270 triturationi
684 1237 748 1269 sese
761 1246 972 1280 purpurantes
986 1260 997 1276 ,
1022 1236 1106 1269 vive·

167 1319 169 1321 ,
224 1283 304 1322 bant
315 1287 356 1322 de
377 1286 559 1320 Dominico
569 1286 695 1328 praesepi
704 1309 715 1325 ,
740 1280 781 1320 de
793 1286 1023 1320 Ecclefiasticis
1034 1297 1106 1329 prae-

223 1337 288 1371 diis
310 1348 347 1371 ac
366 1334 512 1370 fidelium
535 1333 775 1369 oblationibus.
810 1334 910 1368 Varia
921 1335 964 1368 de
975 1334 1039 1368 hoc
1053 1334 1106 1368 ha·

225 1387 337 1421 bemus
363 1385 542 1430 Augustini
564 1384 752 1419 testimonia
779 1396 789 1427 ς
827 1385 937 1419 verum
968 1384 1104 1418 sufficiat

226 1448 310 1471 unus
322 1435 481 1470 Poffidius
491 1460 501 1476 ,
529 1435 571 1469 sic
584 1435 696 1469 dicens
705 1459 712 1467 .
741 1437 910 1476 Pauperum
920 1434 1037 1478 semper
1047 1446 1104 1467 me-

226 1498 289 1520 rnor
307 1495 393 1526 erat,
418 1484 517 1528 eisque
527 1486 599 1518 inde
615 1483 772 1528 erogabat,
801 1486 879 1518 unde
892 1486 926 1518 (9
932 1484 1005 1526 fibi,
1027 1483 1103 1527 suis-

224 1546 282 1579 que
301 1535 435 1569 omnibus
447 1534 546 1579 secum
558 1534 736 1568 haben-ribus
748 1535 924 1578 erogabatur
936 1559 946 1575 ‚
968 1534 1020 1567 boc
1041 1534 1080 1574 est
1092 1559 1103 1575 ,

224 1587 280 1620 vel
289 1597 326 1619 ex
337 1584 505 1619 redditibus
512 1585 701 1628 poffeffionum
715 1583 848 1625 Ecclefiae
857 1609 867 1625 ,
892 1586 946 1619 vel
963 1591 1055 1619 etiam
1064 1596 1103 1618 ex

225 1635 418 1670 oblationibus
435 1634 569 1678 fidelium
596 1659 604 1668 .
631 1635 749 1678 Neque
768 1635 887 1669 obsunt
917 1633 950 1668 hi
974 1646 1038 1669 tres
1056 1646 1104 1668 ca·

224 1696 327 1719 nones
348 1687 454 1730 quarti
476 1683 942 1729 ConciliiCarthaginiensis,
969 1686 1024 1719 cui
1038 1685 1106 1719 Au-

223 1735 372 1784 gustinus
396 1735 540 1769 interfuit
551 1748 590 1769 ac
612 1735 811 1778 subscripsit.
840 1737 992 1774 Clericus,
1011 1747 1104 1777 quan·
1136 1748 1141 1754 ·

223 1786 358 1818 tumlibet
379 1786 468 1819 verbo
480 1789 538 1818 Dei
556 1787 690 1818 eruditus
703 1809 714 1825 ‚
738 1784 864 1826 artificio
885 1786 1000 1819 vidum
1025 1796 1103 1827 quee-

221 1845 291 1873 rat.
319 1837 450 1869 Clericus
472 1835 584 1869 viHum
602 1835 849 1874 &vestimentum
857 1834 910 1876 libi
919 1836 1044 1877 artificio
1054 1836 1107 1869 vel

221 1887 403 1928 agricultura
425 1911 437 1927 ‚
463 1884 573 1928 absque
594 1886 675 1927 offitii
688 1883 736 1928 sui
756 1887 919 1919 dumtaxat
940 1887 1105 1919 detrimen-

222 1945 270 1972 to,
292 1943 462 1976 praeparet.
488 1939 594 1968 Omnes
616 1936 724 1967 Clerici
744 1959 754 1974 ‚
781 1937 835 1976 qua*
858 1937 902 1967 ad
922 1937 1104 1976 operandum

224 1985 326 2015 validi
339 1983 435 2026 sunt,
460 1985 493 2016 Θ
513 1984 667 2023 artificiola
691 1985 725 2015 <tr
744 1984 849 2015 literas
872 1983 1005 2025 discam.
1037 1984 1106 2016 Eos

223 2033 343 2078 quippe
362 2043 505 2065 canones
527 2032 664 2074 exponit
686 2030 892 2074 Augustinus
917 2056 927 2070 ,
953 2031 1106 2065 ostendit·

221 2092 284 2123 que
303 2081 345 2114 de
366 2080 560 2120 quibusnam
573 2079 711 2112 Clericis
730 2080 935 2122 intelligendi
951 2082 1012 2112 fine
1025 2103 1035 2118 ,
1061 2082 1103 2112 sic

219 2131 261 2163 de
285 2129 475 2173 Apostolica
498 2139 538 2162 ex
558 2127 690 2161 Altario
715 2127 845 2161 vivendi
877 2127 1035 2171 porestate
1059 2128 1106 2161 di·

217 2190 294 2213 cens
313 2180 345 2213 in
371 2179 454 2213 libro
474 2176 515 2212 de
525 2188 623 2220 opere
636 2176 877 2211 monachorum
889 2202 896 2209 .
913 2177 973 2216 'isli
983 2176 1102 2218 fratres

219 2229 306 2269 nostri
327 2231 441 2263 temere,
455 2228 510 2270 fibi
531 2233 695 2271 arrogant,
723 2228 803 2270 quod
819 2226 1103 2270 eJusmodibabeant

215 2279 386 2320 potestatem
399 2304 406 2311 .
433 2280 463 2310 Si
486 2283 564 2310 enim
585 2277 786 2321 Evangeltssae
796 2275 886 2320 sunt,
906 2277 1010 2319 fateor
1023 2302 1034 2318 ,
1053 2277 1104 2310 ba·

219 2328 313 2371 bent‚·
335 2326 363 2370 fi
381 2327 507 2366 ministri
529 2327 639 2358 altaris
663 2351 673 2366 ‚
699 2325 915 2369 dispensatores
934 2329 1103 2360 sacramen·

220 2386 335 2417 torum,
360 2377 428 2409 bene
440 2375 496 2417 fibi
519 2375 624 2415 islam,
651 2387 709 2409 non
735 2384 877 2420 arrogant
899 2401 910 2416 ,
931 2374 990 2419 sed
1010 2379 1103 2418 plane*

220 2428 381 2460 vendicant
393 2425 581 2467 potestatem.
613 2424 695 2470 Agit
706 2436 784 2469 ergo
796 2425 988 2460 Concilium
1001 2428 1041 2460 de
1054 2428 1102 2460 so·

220 2477 259 2510 lis
279 2475 405 2510 clericis
416 2473 597 2509 minoribus
610 2498 621 2514 ,
647 2486 730 2519 quos
749 2475 931 2509 etiamnum
945 2500 954 2515 ‚
982 2476 1039 2509 nisi
1051 2488 1101 2521 pa·

218 2525 376 2560 trimonio
400 2525 565 2568 polleant,
591 2524 738 2559 videmus
758 2524 799 2558 de
820 2526 971 2560 manibus
982 2528 1045 2560 suis
1058 2528 1102 2560 vi·

217 2575 351 2610 esitare.
382 2576 508 2622 Qarta
542 2575 675 2609 tandem
703 2575 884 2610 differentia
905 2577 950 2609 est
974 2599 985 2615 ‚
1011 2577 1100 2621 quod

216 2626 372 2660 monachi
397 2625 597 2669 degerentin
612 2624 739 2665 hortis,
766 2626 871 2670 agris,
898 2627 1099 2668 nemoribus,

216 2676 325 2709 insulis
337 2701 347 2716 ‚
376 2675 533 2720 segregati
561 2674 602 2707 ab
614 2676 708 2708 omni
723 2676 834 2718 populi
846 2678 1048 2711 commercio
1062 2689 1099 2711 ac

215 2727 358 2759 tumultu
371 2747 381 2763 ‚
407 2727 441 2757 in
465 2726 573 2758 sancio
585 2723 647 2757 isto
660 2725 755 2764 otio,
781 2725 821 2758 de
834 2736 901 2768 quo
914 2726 1099 2761 scribitAu·

214 2775 361 2822 gustinus
373 2774 412 2808 ad
434 2774 599 2808 Comitem
611 2774 840 2807 Bonifacium.
868 2776 987 2817 Nempe
998 2789 1097 2811 omnes

214 2826 298 2859 allus
315 2825 446 2867 publicos
460 2849 470 2864 ‚
497 2823 606 2867 quibus
628 2832 781 2864 occupatus
810 2835 877 2856 eras
899 2850 910 2865 ,
935 2827 1098 2869 relinquere

214 2876 349 2918 cupiebas
361 2899 372 2914 ‚
399 2877 432 2908 (θ’
457 2882 486 2907 te
501 2881 534 2906 in
547 2880 635 2906 otium
642 2872 662 2915 s
658 2874 779 2906 andium
789 2874 919 2915 conferre
930 2898 942 2913 ,
965 2885 1053 2919 atque
1064 2882 1097 2910 in

213 2937 249 2959 ea
268 2932 335 2960 vita
363 2928 467 2957 vivere
480 2948 491 2963 ‚
514 2930 547 2956 in
566 2936 626 2966 qua
639 2922 723 2966 servi
738 2927 794 2955 Dei
817 2923 950 2957 monachi
967 2933 1093 2960 vivunt.

213 2976 351 3010 Etinfra
364 3000 371 3006 .
402 2977 446 3006 Et
463 2978 538 3007 vitae
559 2985 686 3006 vacares
709 2980 741 3005 in
750 2972 889 3015 societate
904 2973 1073 3016 sanderum
1085 3002 1095 3016 ,

213 3025 260 3058 ubi
282 3031 314 3057 in
335 3024 441 3062 filentt'o
451 3033 593 3066 pugnant
609 3025 715 3056 milites
739 3023 871 3063 christi,
899 3036 956 3058 non
974 3035 1008 3058 ut
1029 3033 1094 3060 occi-

213 3077 290 3108 dant
310 3074 439 3107 homines
456 3098 466 3115 ,
488 3073 547 3116 sed
561 3082 593 3104 ut
612 3082 783 3116 expugnent
801 3079 951 3115 principes
970 3076 1094 3116 &pore-

209 3125 303 3166 states
315 3147 324 3161 ‚
350 3126 384 3157 (Ὗ
399 3122 552 3167 spiritalia
564 3130 726 3165 nequitiae,
753 3122 835 3162 idest
847 3147 857 3163 ,
885 3123 1039 3158 Diabolum
1059 3128 1093 3160 Θ

212 3176 338 3218 Angelos
358 3175 421 3214 ejus
436 3198 444 3205 .
473 3174 515 3208 Et
528 3174 569 3207 ad
585 3173 750 3207 Abbatem
767 3173 954 3209 Eudoxium
966 3199 975 3214 ,
1001 3177 1091 3210 alios-

212 3237 276 3269 que
298 3223 356 3257 sub
379 3223 438 3257 illo
455 3222 637 3268 monachos
663 3223 891 3266 Caprarienses
911 3248 918 3255 .
957 3227 1092 3268 ,Quando

211 3281 337 3317 quietem
350 3273 476 3311 vestram
488 3278 648 3317 cogitamus
659 3298 669 3313 ,
696 3284 786 3315 quam
797 3273 911 3305 habetis
920 3279 952 3307 in
963 3274 1089 3315 cbristo,

210 3331 300 3358 etiam
323 3336 394 3363 nos,
422 3329 564 3366 quamvis
585 3329 618 3354 in
641 3323 788 3356 laboribus
809 3328 908 3355 varils
930 3349 940 3364 ‚
966 3324 1087 3368 asperis·

208 3386 265 3419 que
286 3372 435 3414 versemur
462 3396 472 3411 ‚
498 3380 529 3405 in
556 3372 652 3412 vestra
677 3373 822 3406 charitate
848 3373 1050 3417 requiescimus
1075 3401 1086 3416 ‚

207 3436 298 3459 unum
313 3429 388 3455 enim
409 3431 511 3465 corpus
525 3421 584 3465 sub
606 3434 661 3455 uno
682 3429 781 3464 capite
792 3421 897 3466 sumus
911 3447 924 3466 ‚
942 3433 976 3459 ut
988 3426 1086 3460 &vos

306 3471 419 3512 christ.
429 3474 507 3516 Lupi
517 3477 614 3516 Opera
625 3475 705 3508 Tom.
716 3476 788 3507 xii.

1170 246 1318 268 monemus
1340 247 1405 277 ergo
1426 237 1459 268 Θ
1469 233 1650 276 obsecramus
1663 259 1673 273 ,
1701 246 1733 269 ut
1746 239 1832 278 nostri
1843 253 1983 274 memores
1990 241 2056 282 fitis

1170 291 1202 317 in
1217 284 1337 327 sanc‘lis
1360 284 1545 317 orationibus
1573 283 1701 324 vestrm,
1728 299 1803 327 quas
1817 301 1869 324 vos
1882 291 2056 335 mgnamqo.

1170 347 1216 368 res
1237 337 1272 369 eb·
1289 339 1386 378 magis
1409 332 1529 377 sobrias
1540 333 1648 366 babere
1658 337 1828 380 credimus3
1855 340 1965 379 nostras
1976 346 2057 374 enim

1167 384 1248 427 sepe
1264 382 1383 427 sauciat
1406 386 1440 418 6
1460 383 1598 417 Militat
1619 386 1760 417 tumultus
1784 387 1918 433 &caligo
1934 389 2059 432 saecula-

1170 440 1246 467 rium
1272 434 1421 467 aHionum
1445 459 1455 475 ,
1481 445 1556 476 quas
1579 431 1632 474 etfi
1654 434 1765 474 nostras
1793 447 1849 467 non
1877 439 2017 473 babemus
2044 464 2057 480 ,

1169 495 1267 518 eorum
1287 493 1408 524 tamen,
1437 490 1487 526 qui
1510 495 1562 516 nos
1585 490 1750 526 angariant
1769 486 1847 518 mille
1868 490 1966 529 passus
1986 514 1997 530 ‚
2021 490 2057 523 ὁ*

1164 535 1303 572 jubemur
1326 540 1370 567 ire
1391 544 1456 566 cum
1475 539 1516 567 eis
1537 535 1599 566 alla
1612 535 1669 566 duo
1683 558 1693 573 ‚
1718 542 1815 567 tanrae
1828 536 1909 568 nobis
1922 543 2056 580 ingerun-

1171 594 1220 617 tur
1232 608 1242 623 ,
1271 593 1304 617 ut
1319 590 1375 618 vix
1400 582 1544 626 respirare
1551 583 1684 625 pommus
1698 607 1705 615 .
1733 583 1846 617 Hosce
1868 586 1980 619 fratres
1994 588 2056 622 Ca·

1171 635 1345 676 prarienses
1361 634 1529 679 eleganter
1551 632 1647 667 nobis
1661 633 1810 677 depingit
1829 634 1947 670 Homo
1962 647 2058 680 paga-

1171 696 1231 718 nus
1250 685 1397 719 Rutilius
1410 683 1649 720 Numatianus.

1171 785 1302 828 Proceffu
1324 787 1426 828 pelagi
1443 786 1516 824 jam
1536 783 1571 828 fir
1600 788 1757 827 Capraria
1781 786 1880 826 tollis,

1218 836 1350 877 squallet
1377 833 1514 878 lucifugis
1542 834 1639 879 infida
1662 836 1754 876 plena
1780 841 1859 869 viris
1875 860 1883 867 .

1170 882 1230 927 Ipfi
1249 884 1283 927 se
1309 884 1466 918 monachos
1494 888 1591 926 Grajo
1616 891 1780 929 cognomine
1805 886 1910 919 dicunt
1924 909 1937 926 ‚

1222 936 1315 976 ,Quod
1337 934 1390 978 soli
1415 936 1495 968 nullo
1521 941 1631 970 vivere
1652 935 1720 975 teste
1739 936 1860 969 volunt.

1174 986 1300 1016 Munera
1318 983 1458 1025 sortunae
1483 993 1644 1023 metuunt,
1668 986 1741 1018 dum
1757 987 1872 1019 damna
1895 995 2054 1020 verentur:

1221 1031 1395 1077 ‚Quisquam
1416 1032 1522 1076 sponte
1548 1034 1658 1078 miser,
1685 1046 1722 1068 ne
1746 1034 1833 1078 miser
1856 1036 2032 1079 essequeat?

1173 1087 1328 1128 ,Qua-nam
1351 1081 1489 1125 perversi
1510 1084 1608 1117 rabies
1635 1092 1701 1116 tam
1720 1084 1815 1124 stulta
1830 1087 1958 1126 cerebri,

1224 1137 1304 1166 Dum
1331 1134 1413 1165 mala
1434 1132 1605 1174 formides,
1632 1143 1683 1165 nec
1707 1133 1784 1166 bona
1806 1137 1879 1178 poffe
1887 1137 1985 1178 pati?

1174 1188 1253 1218 Sive
1274 1182 1348 1226 suas
1373 1191 1512 1225 repetunt
1536 1194 1574 1216 ex
1591 1183 1664 1225 fato
1674 1184 1961 1227 ergastulapaenas,

1222 1233 1330 1273 Tristia
1351 1231 1404 1276 seu
1429 1239 1511 1276 nigro
1536 1231 1652 1275 visi-era
1678 1232 1746 1276 felle
1766 1242 1898 1268 tument.

1172 1287 1218 1318 Sic
1247 1290 1350 1316 nimiae
1378 1282 1448 1316 bilis
1474 1283 1608 1316 morbum
1634 1284 1791 1326 affignavr't
1804 1287 1950 1319 Homerus

1222 1333 1489 1376 Bellepborontaeis
1514 1331 1784 1377 fhllicitudinibus.

1222 1435 1386 1477 Loquitur
1403 1446 1444 1469 ex
1466 1446 1507 1469 eo
1530 1435 1598 1479 ipso
1617 1435 1752 1479 spiritu,
1780 1447 1823 1471 ex
1845 1447 1913 1480 quo
1937 1437 1971 1471 δε
1996 1436 2059 1470 Lu-

1172 1483 1299 1525 tberus‚
1327 1486 1362 1519 δε
1383 1485 1543 1520 Calvinus
1559 1510 1570 1526 ‚
1596 1486 1716 1528 aliique
1738 1485 1976 1521 monachorum
1989 1489 2060 1521 oso·-

1172 1546 1220 1569 res
1244 1536 1445 1579 loquuntur;
1473 1544 1618 1571 attamen
1643 1536 1823 1570 solitariam
1844 1549 1881 1571 ac
1908 1537 2061 1570 Eremiti-

1172 1597 1264 1626 cam,
1291 1586 1332 1619 ab
1354 1584 1491 1619 istorum
1510 1595 1696 1628 temporum
1709 1586 1846 1620 Clericis
1870 1585 1972 1630 longe
1983 1587 2061 1620 alie-

1173 1647 1275 1676 nam,
1302 1635 1437 1669 istorum
1460 1636 1596 1669 fratrum
1623 1636 1725 1670 vitam
1760 1637 1928 1681 eleganter
1949 1636 2062 1679 depin-

1172 1687 1239 1730 git.
1273 1685 1407 1720 Etenim
1429 1684 1551 1719 Clerici
1586 1685 1752 1731 degebant
1774 1687 1807 1719 in
1831 1686 2022 1720 civitatibus
2046 1711 2060 1726 ,

1173 1736 1207 1770 in
1231 1736 1471 1779 Episcoporum
1493 1735 1628 1770 Palatiis
1656 1760 1667 1776 ,
1705 1737 1740 1770 in
1769 1736 1885 1771 mediis
1908 1736 2061 1770 fidelium

1172 1786 1367 1830 populorum
1392 1785 1590 1820 tumultibus
1605 1797 1643 1820 ac
1656 1786 1775 1820 turbis.
1807 1787 1899 1820 Hinc
1909 1787 1998 1820 enim
2011 1785 2059 1818 di-

1171 1838 1215 1870 cit
1238 1836 1444 1880 Augustinus
1464 1836 1504 1869 de
1526 1837 1591 1870 suis
1603 1837 1827 1870 orationibus.
1857 1837 1982 1874 Nostros
2001 1834 2062 1878 ste*

1168 1895 1207 1928 pe
1220 1885 1337 1928 sauciat
1359 1887 1393 1919 (9⁹
1419 1886 1557 1925 debilitat
1584 1887 1675 1928 caligo
1701 1888 1735 1919 Θ
1760 1887 1903 1918 tumultus
1926 1884 2056 1927 saecula-

1171 1942 1249 1967 rium
1275 1936 1422 1966 ae‘lionum
1436 1959 1443 1966 .
1471 1934 1583 1976 Atque
1605 1935 1647 1967 sic
1669 1935 1775 1977 pergit
1797 1935 1838 1970 ad
1851 1936 1980 1969 eosdem
1996 1938 2057 1971 fra-

1173 1994 1235 2017 tres
1258 1982 1499 2025 Caprarienses.
1529 1986 1586 2015 Vos
1605 1991 1706 2016 autem
1720 1984 1840 2026 fratres
1862 1985 2056 2020 exhortamur

1171 2039 1205 2065 in
1227 2036 1372 2076 Domino,
1401 2041 1435 2064 ue
1453 2031 1626 2072 propositum
1651 2033 1778 2072 vestrum
1798 2035 1967 2074 custodiatis
1981 2060 1993 2076 ,
2018 2039 2054 2071 Θ

1171 2079 1260 2121 usque
1278 2085 1310 2111 in
1329 2079 1422 2120 finem
1436 2079 1658 2121 perseveretis:
1686 2082 1758 2122 acsi
1773 2096 1861 2125 quam
1873 2094 1991 2126 operam
2003 2098 2054 2120 ve·

1164 2129 1259 2168 stram
1276 2139 1372 2161 mater
1397 2127 1524 2168 Ecclesia
1539 2127 1710 2167 desiderarit
1722 2154 1733 2170 ‚
1757 2143 1809 2165 nec
1819 2135 1943 2168 elatione
1957 2138 2056 2170 avida

1167 2175 1334 2221 suJ'cipiatis
1358 2202 1368 2218 ‚
1395 2189 1446 2211 nec
1467 2178 1639 2212 blandiente
1662 2179 1770 2220 desidia
1791 2182 1939 2225 respuatis
1963 2209 1974 2225 ,
1998 2183 2056 2228 sed

1170 2233 1239 2261 miti
1266 2229 1350 2261 corde
1374 2227 1578 2270 obtemperetis
1606 2232 1666 2262 Deo
1686 2255 1692 2261 .
1722 2235 1789 2265 Nee
1813 2233 1943 2272 vestrum
1962 2241 2053 2268 otium

1170 2278 1381 2318 neceffltatibus
1408 2277 1542 2319 Ecclefiae
1564 2287 1775 2322 praeponatis,
1801 2275 1847 2316 cui
1868 2291 2053 2325 parturienti

1161 2327 1192 2369 fi
1215 2330 1287 2361 nulli
1313 2328 1379 2360 boni
1404 2328 1569 2368 ministrare
1593 2329 1703 2362 vellent
1723 2354 1734 2370 ‚
1760 2335 1897 2373 quomodo
1922 2334 2052 2377 nascere·

1167 2383 1242 2410 mini
1268 2389 1325 2410 non
1351 2380 1529 2411 inveniretis
1551 2403 1558 2411 .
1600 2378 1679 2412 Hoc
1697 2379 1743 2413 est
1767 2404 1779 2420 ,
1805 2393 1846 2416 ne
1874 2384 2050 2419 imitemini

1167 2439 1243 2465 eos,
1270 2428 1326 2469 qui
1352 2437 1384 2460 us
1405 2426 1616 2471 Episcopatum
1634 2426 1822 2472 suscipiant,
1853 2441 1994 2467 tenentur
2004 2440 2047 2467 in·
2066 2433 2173 2477 Epist:
2210 2456 2213 2461 ι

1167 2484 1249 2517 viti,
1270 2478 1497 2519 perducuntur,
1523 2480 1740 2520 includuntur,
1767 2481 2046 2526 custodiuntur-,pm
2062 2493 2144 2530 204„
2169 2477 2171 2481 ¹

1167 2533 1283 2560 riantur
1306 2536 1395 2561 tanta
1416 2539 1481 2571 quae
1508 2530 1612 2562 nolunt
1638 2553 1650 2570 ‚
1677 2531 1767 2564 donec
1783 2537 1827 2565 eis
1847 2530 1921 2574 adlit
1945 2536 2047 2568 volun·

1156 2586 1216 2610 =tas
1236 2576 1413 2620 suscipiendi
1437 2584 1531 2620 operis
1553 2579 1620 2612 boni
1642 2603 1650 2612 .
1688 2579 1763 2615 Nec
1790 2592 1865 2616 eum
1887 2607 1898 2623 ,
1924 2585 1979 2626 qui
2003 2586 2044 2619 ad

1167 2628 1341 2661 Ecclesiam
1353 2628 1380 2660 F
1382 2628 1570 2663 uffalensem
1580 2629 1697 2664 eiestus
1706 2654 1718 2671 ,
1736 2632 1808 2672 jam
1816 2632 1966 2677 presente
1977 2639 2044 2668 Nu·
2061 2621 2165 2665 Epist&

1165 2679 1267 2711 midiae
1287 2680 1423 2711 Primate
1436 2703 1446 2718 ,
1470 2685 1654 2722 omniumque
1673 2686 1707 2713 in
1731 2693 1763 2714 re
1787 2691 1877 2715 tanta
1900 2682 2041 2727 suspensis
2060 2672 2140 2709 261-

1163 2734 1276 2760 animis
1287 2751 1298 2767 ‚
1327 2729 1371 2760 ad
1386 2727 1489 2761 boram
1505 2740 1556 2762 nos
1573 2731 1638 2768 ille,
1665 2736 1718 2772 qui
1729 2730 1801 2763 mibi
1813 2741 1944 2774 paratus
1959 2737 2044 2768 vide·

1156 2778 1275 2823 ‚batum
1299 2779 1463 2811 omnimodo
1482 2777 1818 2822 refiffendofrustravit.
1846 2783 1963 2827 Neque
1973 2783 2040 2818 Ca-
2058 2799 2086 2831 E
2111 2799 2166 2834 mr

1163 2827 1296 2861 sterium
1317 2851 1327 2867 ‚
1353 2828 1407 2861 cui
1425 2828 1466 2862 ad
1488 2829 1661 2864 Ecclesiam
1688 2829 1912 2875 Vaginensem
1937 2832 2040 2868 elesto
2055 2810 2126 2886 ,ἕο
2152 2821 2164 2834 ⁴

1160 2877 1274 2911 eiectio
1290 2877 1429 2912 indicari
1442 2880 1568 2922 nequiit
1581 2904 1592 2920 ,
1613 2878 1736 2921 nificum
1746 2893 1812 2921 eum
1814 2883 1885 2922 jam
1897 2891 2040 2924 tenerent,
2126 2873 2137 2883 ⁸

1158 2927 1265 2969 quibus
1285 2938 1350 2960 erat
1372 2929 1559 2971 neceffarius.
1589 2930 1655 2963 His
1676 2940 1816 2973 namque
1838 2931 1945 2965 modis
1965 2944 2041 2978 age·

1161 2977 1238 3012 bant
1260 2978 1484 3022 &agebantur
1503 2980 1613 3012 fratres
1629 3003 1640 3019 ,
1665 2979 2040 3023 quandoequietiffirno

1159 3025 1268 3066 horti,
1295 3029 1389 3072 agri,
1415 3030 1581 3069 nemoris,
1607 3028 1784 3063 autinsulae
1795 3031 1866 3064 otio
1878 3032 2039 3067 vocaban—

1158 3087 1210 3111 tur
1231 3077 1271 3110 ad
1291 3078 1480 3112 clericatum
1502 3090 1539 3112 ac
1556 3079 1716 3113 turbidam
1742 3081 1955 3123 praefesturam
1980 3094 2038 3125 po-

1158 3127 1309 3170 pulorum
1337 3150 1344 3158 .
1367 3128 1459 3174 Qas
1480 3129 1748 3162 monasteriorum
1771 3127 1968 3163 differentias
1990 3143 2035 3166 at-

1156 3177 1292 3210 tendens
1313 3178 1438 3211 sanstus
1451 3176 1611 3211 Pollidius
1621 3178 1701 3213 dicit
1722 3178 1763 3212 de
1780 3181 1888 3222 primo
1898 3179 2034 3224 Presby-

1154 3228 1212 3260 teri
1236 3227 1416 3270 Augustini
1436 3226 1652 3262 monasterio:
1681 3231 1757 3261 Cum
1784 3232 1840 3261 Dei
1860 3227 1962 3270 servis
1986 3237 2031 3265 vi·
2049 3235 2129 3282 Cap.
2167 3240 2203 3285 5:

1153 3288 1223 3309 vere
1248 3281 1359 3317 caepit;
1384 3274 1425 3309 de
1444 3276 1586 3311 secundo
1611 3288 1721 3312 autem
1745 3279 1896 3321 Episcopi
1918 3289 2032 3316 mona·

1153 3327 1249 3359 sterio
1285 3326 1328 3358 sic
1367 3324 1474 3359 dicit:
1513 3331 1590 3359 Cum
1616 3327 1676 3370 ipsit
1708 3326 1823 3369 semper
1846 3329 1940 3364 clerici
1970 3342 2031 3365 una

1151 3381 1243 3409 etiam
1269 3375 1352 3407 domo
1376 3386 1412 3408 ac
1436 3375 1539 3418 mensa
1570 3375 1794 3420 sumptibusque
1828 3381 2028 3415 communibus
2045 3361 2198 3409 <hp-25:

1150 3425 1310 3460 alebantur
1349 3436 1383 3460 ac
1415 3426 1613 3466 vestiebantur
1638 3451 1645 3459 .
1679 3426 1750 3463 Per·
1780 3428 1846 3464 Dei
1882 3430 1992 3466 servos
2016 3455 2029 3471 ,

1643 3475 1679 3511 D
1878 3476 1979 3524 phrasi
