2384 3770
443 177 515 220 AN
530 176 601 220 AD
614 174 726 220 Van.
741 172 875 218 PnoP.
888 173 1072 218 Arnim.
1084 171 1208 230 RQ
1220 171 1356 217 Extsr.
1370 159 1484 217 Sunt.
1497 175 1592 218 Aur
1606 173 1754 220 Pano:

234 259 326 293 Patet
348 260 464 292 minor.-
490 259 579 308 Qia
599 268 741 294 extrema
761 257 852 291 istius
873 255 1098 299 propositionis

227 317 287 350 pro
304 307 493 352 significatis
504 309 694 343 formalibus
704 306 823 341 habent
832 303 1070 343 humanitatem
1086 330 1097 348 ‚

224 356 261 390 ec
281 357 482 392 albedinem:
504 359 593 402 atqui
620 358 686 401 baec
705 357 778 399 sunt
790 354 958 389 manifeste
970 354 1098 389 realiter

225 404 387 441 distinsta:
397 420 475 453 ergo
487 409 544 442 issa
557 406 699 450 extrema
711 405 1020 453 habentsignificata
1033 406 1097 440 for-

227 457 323 491 malia
346 459 470 492 realiter
492 458 659 499 distinssu
685 455 830 500 adeoque
852 455 886 488 in
910 454 1096 499 significatis

227 505 292 541 (ὣς
313 507 504 541 formalibus
524 506 648 540 realiter
659 516 726 539 non
739 505 999 551 identificantur.

282 567 333 599 10.
359 558 438 590 Haec
471 554 603 598 quidem
631 554 817 589 formalium
844 554 1097 599 significatorum

224 606 442 642 identificatio
462 606 496 637 in
508 605 782 648 propositionibus
795 605 956 644 concretis
970 604 1044 648 saepe
1054 615 1098 638 re·
1121 612 1124 616 “

225 657 359 700 peritur.
392 654 445 688 Ut
456 652 511 699 hic
524 679 535 695 ,
558 657 645 687 Homo
659 654 696 695 ιβ
708 657 886 696 animalitas
898 679 908 694 ,
922 653 1006 697 boma
1014 653 1049 694 ιβ
1059 659 1098 687 ri-

218 705 312 748 fibtjles
323 728 334 744 ,
360 703 442 736 bomo
452 703 490 743 ιβ
503 706 659 738 rationalis
672 729 683 744 ,
709 706 766 738 δι’.
795 705 836 738 Et
858 704 1050 748 generaliter
1062 704 1096 737 in

223 753 376 789 omnibus
383 754 651 797 propositionibus
661 753 878 795 essentialibus
888 779 898 794 ,
911 765 948 798 ac
962 755 1096 788 neccssa-

224 804 299 840 riis».
323 804 357 837 in
371 803 421 837 his
434 805 554 849 quippe
566 804 721 838 omnibus
732 803 948 847 significatum
961 804 1097 837 formale

225 853 389 899 praedicati
400 853 445 887 est
468 854 595 898 realiter
613 854 854 887 identificatam
870 852 1033 894 subjest03
1061 862 1095 885 ut

225 903 294 939 dixi
306 904 396 946 supra
418 902 495 946 ἄτῃ).
501 915 553 940 21·
565 902 633 936 dub.
639 913 670 949 3.
685 902 742 947 Illa
754 912 864 937 tamen
879 903 918 938 ad
931 902 1096 948 yeritatem

224 954 454 997 propofitionis
465 965 534 986 non
545 952 591 986 est
602 952 794 994 necessariag
821 952 876 988 sed
890 951 984 999 plane
995 953 1097 994 super-

224 1003 291 1043 flua
305 1026 311 1032 .
335 1006 380 1036 Et
390 1008 467 1041 rana
483 1002 521 1042 ιβ
532 1016 542 1036 .-
569 1001 659 1050 Qia
685 1003 765 1041 tales
778 1002 1007 1045 propositiones
1020 1013 1097 1048 con·

223 1062 315 1086 cretae
339 1064 405 1086 non
428 1052 614 1097 significant
629 1051 744 1090 realem
758 1051 1009 1096 significatorum
1025 1052 1095 1084 suo-

225 1114 298 1136 rum
310 1102 495 1136 formalium
517 1102 740 1144 identitatem3
770 1102 821 1136 sed
834 1100 1040 1136 solummodo
1053 1100 1096 1134 si-

226 1152 387 1196 gnificant
409 1152 622 1196 significatum
635 1151 772 1186 formale
783 1151 944 1198 predicari
957 1149 1095 1195 haberia

224 1201 408 1246 significato
419 1200 575 1236 materiali
590 1199 736 1247 subjesti3
762 1213 789 1233 v.
802 1213 833 1245 g.
846 1201 892 1236 hae
905 1201 1095 1244 propositio-

224 1262 283 1286 nes
294 1276 305 1292 ,
324 1256 415 1298 Hom?
421 1251 459 1291 ιβ
470 1252 586 1284 animal
596 1276 606 1292 ‚
629 1251 711 1284 homo
721 1251 759 1290 ιβ
768 1253 854 1284 albus
867 1274 878 1289 ‚
897 1252 953 1284 (π’.
971 1262 1039 1285 non
1053 1250 1097 1283 fa-

224 1302 318 1334 ciunt
331 1300 418 1337 hunc
426 1301 549 1334 sensum
561 1296 770 1343 ,hamanitas
782 1301 820 1341 est
832 1301 1007 1333 animalitas
1017 1323 1027 1339 ‚
1041 1308 1097 1333 aut

226 1356 410 1396 Ruinanitas
422 1349 459 1390 ιβ
471 1351 574 1383 albedo
584 1358 598 1393 ς’
621 1350 672 1384 sed
684 1351 812 1384 faciunt
826 1344 914 1384 hunc
924 1361 936 1382 .-
960 1356 1053 1385 Homo
1062 1346 1100 1388 ιβ

226 1399 342 1435 habens
356 1402 569 1447 animalitatem
586 1424 597 1440 ,
609 1410 666 1434 aut
675 1399 859 1440 albedinem.
876 1399 980 1442 Atqui
993 1397 1098 1445 potest

226 1449 442 1494 significatum
462 1445 598 1486 formale
611 1448 770 1497 praedicati
786 1445 895 1483 haberi
906 1447 1075 1493 {subjecto
1087 1471 1099 1488 ,

227 1500 434 1543 quantumvis
446 1499 493 1532 illi
506 1500 636 1533 realiter
645 1504 712 1540 non
726 1498 946 1540 identificetur
956 1510 967 1530 :
989 1507 1025 1530 ut
1038 1508 1100 1531 ma·

227 1547 380 1592 nifestum
389 1547 435 1596 est
447 1572 455 1580 .
484 1542 572 1594 Ergo
583 1547 623 1581 acl
638 1547 805 1595 veritatem
821 1546 971 1580 similium
987 1557 1098 1589 propo·

225 1599 383 1642 fitionum
409 1608 475 1644 non
497 1597 668 1640 requiritur
680 1596 898 1643 identificatio
907 1595 1100 1639 significato-

227 1659 299 1688 rum
311 1647 494 1692 formalium
505 1659 513 1688 ;
528 1647 581 1680 sed
594 1645 800 1680 solummodo
812 1670 822 1686 ‚
838 1654 873 1678 ut
884 1644 1098 1688 significatum

228 1698 394 1734 materiale
414 1696 544 1740 subjecti
559 1694 678 1739 'habeat
700 1696 735 1730 in
757 1696 789 1743 se
802 1695 1023 1741 significatum
1036 1689 1100 1731 for·

229 1747 313 1792 male
325 1745 484 1793 praedicati
495 1772 502 1780 .
567 1742 570 1745 ’
880 1740 883 1744 ’
981 1740 984 1743 ’
1042 1739 1045 1742 ³

283 1809 298 1834 1
308 1809 334 1834 1.
361 1795 536 1839 Respandeo‘
549 1795 675 1839 sicundb
697 1808 704 1828 ε
733 1795 787 1829 Ad
809 1793 975 1829 veritatem
1000 1794 1102 1836 cujus-

228 1852 369 1890 cumque
386 1846 619 1892 propositionis>
633 1846 831 1880 affirmativae
854 1868 864 1885 ‚
882 1845 953 1878 ”sive
974 1840 1100 1877 constet

229 1891 378 1931 terminis
399 1896 581 1937 concretis,
607 1897 669 1930 sive
682 1890 838 1930 ¹terminis
849 1893 1011 1927 abstractis·
1022 1917 1033 1933 ,
1058 1904 1102 1927 re-

230 1947 366 1988 quiritur
377 1945 411 1979 &
424 1946 540 1988 sufficit
551 1946 642 1990 realis
654 1939 871 1985 extremorum
886 1943 960 1987 iden
965 1943 1101 1975 tificatio

231 1994 338 2039 quoad
359 1994 536 2038 significata
563 1997 646 2029 resta
657 2019 665 2026 .
694 1992 796 2041 Quod
812 1992 876 2026 haec
889 1990 1102 2025 identificatio

232 2044 410 2088 requiratur
425 2042 576 2086 ,ficprobo
591 2056 597 2076 :
621 2045 712 2092 Qia
723 2050 733 2084 ,'
746 2053 781 2076 ut
795 2043 828 2076 in
839 2042 945 2084 capite
955 2040 1046 2075 dubii
1057 2040 1102 2074 di·

231 2095 342 2129 cebam
354 2118 364 2134 ,
378 2092 417 2127 ad
430 2095 594 2129 veritatem
614 2086 1047 2141 propofitionis‘affirmativae
1058 2101 1101 2123 re·

229 2144 369 2189 quiritur
378 2141 488 2183 aliqua
510 2144 603 2175 realis
624 2151 844 2174 extremorum
861 2138 1078 2172 identificatio
1093 2148 1101 2168 ε

229 2192 319 2236 atqui
335 2203 403 2226 non
417 2186 590 2234 requiritur
602 2189 817 2229 identificatio
828 2188 935 2235 quoad
948 2186 1103 2232 significa·

231 2252 263 2276 ta
288 2241 421 2285 obliqua
436 2252 444 2271 :
470 2251 550 2283 ergo
573 2239 708 2281 superest
720 2262 731 2277 ‚
756 2248 791 2281 ut
805 2236 1100 2279 requiratureorum

231 2288 445 2324 identificatio
456 2285 564 2328 quoad
575 2286 748 2333 significata
762 2287 843 2319 resia
853 2309 860 2316 .
888 2288 977 2317 Patet
990 2290 1098 2316 minor:

232 2339 324 2385 Qja
335 2363 345 2379 ,
358 2349 392 2371 ut
402 2336 465 2377 jam
477 2336 561 2380 dixi,
571 2335 611 2370 ad
627 2336 791 2369 veritatem
803 2333 1032 2377 propositionis
1046 2332 1101 2371 ha-

233 2389 339 2423 bentis
351 2397 492 2421 extrema
503 2394 652 2432 concreta
667 2395 733 2430 non
747 2384 914 2426 requiritur
925 2382 1100 2416 identifica—

233 2439 283 2474 tio
292 2446 510 2471 extremorum
523 2435 630 2481 quoad
644 2435 816 2479 significata
830 2433 977 2466 formalia
992 2433 1099 2476 :atqui

232 2490 267 2522 in
279 2486 433 2521 extremis
456 2485 618 2519 concretis
629 2485 805 2530 fignificata
818 2479 969 2517 formalia
978 2483 1051 2515 sunt
1064 2482 1099 2514 si·

232 2537 383 2581 gnificata
396 2534 548 2578 obliqua:
575 2544 610 2568 ut
623 2533 692 2568 dixi
706 2535 796 2578 supra
809 2532 849 2568 de
861 2543 940 2567 voce
950 2541 1099 2566 concreta

232 2598 341 2631 agens·
355 2586 443 2630 Ergo
453 2585 492 2618 ad
507 2584 672 2623 veritatem
686 2583 780 2626 hujus
793 2582 1019 2626 propositionis
1032 2593 1099 2615 non

232 2636 401 2679 requiritur
412 2634 629 2666 identificatio
637 2642 852 2673 extremorum
865 2632 972 2676 quoad
985 2632 1099 2675 signifi-

231 2697 302 2721 cata
329 2683 461 2725 obliqua
474 2705 485 2721 ,
507 2682 561 2714 sed
583 2682 792 2715 solummodo
804 2681 910 2724 quoad
924 2681 1100 2725 significata

233 2737 317 2769 reeta
339 2759 346 2765 .
387 2731 488 2779 Qod
513 2731 588 2764 vero
609 2729 675 2763 haec
700 2729 912 2764 identificatio
944 2731 1078 2764 sufficiat
1090 2755 1100 2771 ‚

232 2790 436 2825 etiampatee:
507 2780 557 2813 uia
570 2805 581 2820 ‚
604 2780 651 2814 uti
662 2780 727 2823 jam
736 2780 803 2816 dixi
818 2803 828 2819 ,
853 2791 919 2813 non
931 2781 1101 2822 requiritur

233 2831 449 2869 identificatio
467 2840 684 2865 extremorum
707 2829 812 2871 quoad
835 2829 1009 2872 significata
1022 2829 1103 2863 obli-

233 2897 297 2929 qua
310 2897 316 2915 :
343 2893 423 2926 ergo
442 2881 600 2915 sufficiens
612 2880 656 2914 est
668 2890 779 2920 eorum
790 2878 1005 2913 identificatio
1016 2890 1099 2923 quo-

233 2934 275 2974 a‘d
285 2933 350 2967 sola
363 2931 539 2976 significata
551 2931 632 2964 resta
644 2955 651 2962 .
1086 2932 1091 2937 “

286 2994 338 3019 12-
368 2981 418 3014 Ex
439 2993 505 3025 quo
530 2989 614 3023 patet
637 2980 741 3019 ratio,
768 2989 823 3013 cur
845 2979 936 3022 supra
950 2977 985 3016 in,
997 2977 1100 3021 prima

233 3031 438 3076 responsione
449 3031 586 3064 dixerim
599 3055 608 3070 ,
637 3033 666 3062 51
677 3039 810 3062 extrema
818 3028 878 3070 fint
889 3036 1030 3066 concreta,
1043 3038 1100 3069 noa

233 3087 393 3125 requiritur
406 3105 416 3121 ,
424 3091 461 3114 utr
470 3080 682 3122 identificentur
695 3085 727 3112 in
734 3077 902 3122 fignificau's
908 3076 1097 3119 formalibus:

233 3132 323 3179 Qia
335 3130 356 3162 si
379 3142 522 3165 extrema
545 3130 694 3164 abstracta
712 3130 832 3162 fuerint
844 3152 855 3168 ,
883 3128 913 3161 id
930 3127 1099 3171 requiritur

234 3179 373 3217 omnino
388 3203 396 3211 .
417 3180 620 3214 Generaliter
639 3190 716 3223 ergo
738 3179 778 3212 ad
805 3180 971 3211 veritatem
997 3176 1097 3220 cujus-

234 3240 375 3274 cumque
396 3230 619 3273 propositionis
631 3230 823 3262 affirmativae
836 3227 984 3260 habentis
997 3237 1098 3275 eittrc·

234 3293 288 3317 rna
311 3279 461 3312 abarana
479 3280 646 3321 requiritur
657 3277 870 3312 identificatio
880 3287 1097 3310 extremorum

236 3328 343 3376 quoad
355 3328 533 3372 significata
545 3328 710 3363 formalia.
738 3332 827 3360 R-‚atio
837 3326 873 3366 ιβ
882 3328 962 3360 clara
976 3339 983 3357 :
1010 3326 1097 3373 Qia

236 3382 278 3415 ad
290 3379 453 3413 veritatem
466 3378 695 3421 cujuscumque
705 3378 898 3412 affirmativae
911 3376 1096 3418 propositio·

238 3431 290 3466 nis
325 3428 497 3470 requiritur
533 3427 624 3461 realis
650 3439 864 3463 extremorum
886 3426 1098 3461 identificatio

240 3479 346 3529 quoad
371 3477 552 3522 significata.
565 3478 644 3510 resta
659 3501 671 3518 ,
698 3490 731 3518 ut
742 3477 804 3519 jam
818 3477 907 3512 dixi.
933 3474 1038 3521 Atqui
1047 3488 1101 3512 ex-

339 3526 440 3567 Christ.
467 3531 544 3570 Lupi
559 3531 654 3570 Opera
666 3531 691 3560 T
691 3540 745 3561 om.
756 3531 826 3562 XII.

1897 174 1995 229 289

1163 265 1337 295 tremorum
1358 255 1583 290 abstrastorum
1604 258 1778 300 significata
1799 259 1876 292 reeta
1899 260 1973 292 sunt
1987 257 2023 291 si-

1158 306 1309 352 gnificata
1330 306 1499 343 formalia:
1526 315 1563 338 ut
1586 305 1653 345 dixi
1679 310 1751 342 satis
1774 310 1863 351 supra
1885 308 1925 342 de
1938 319 2020 342 voce

1157 365 1307 393 concreta
1327 355 1361 389 ὅ(
1384 354 1536 396 abstrac‘ka
1547 365 1663 399 agens.
1692 357 1779 401 Ergo
1791 358 1961 400 propositio
1973 358 2020 400 af-

1157 406 1315 447 firmativa
1334 430 1345 446 ,
1371 415 1514 444 extrema
1540 404 1690 438 abstracta
1714 404 1853 447 habens,
1878 408 1955 441 ficut
1977 405 2018 442 ad

1159 457 1207 499 sui
1229 456 1393 501 veritatem
1417 455 1550 502 requirit
1561 463 1704 487 extrema
1718 454 1769 486 sua
1782 456 1970 490 identificari
1984 458 2018 488 in

1158 506 1344 550 significatis
1367 506 1475 545 restis,
1501 505 1545 537 ita
1569 514 1700 547 quoque
1721 505 1851 546 requirit
1865 506 1918 539 illa
1931 505 2019 539 reali-

1158 567 1204 590 ter
1227 555 1417 597 identificari
1436 555 1468 588 in
1490 553 1674 599 significatis
1686 553 1894 593 formalibus:
1922 555 1955 588 in
1969 555 2018 588 his

1158 606 1278 653 quippe
1297 601 1450 647 extremis
1477 604 1692 648 significatum
1718 605 1836 637 restam
1860 602 1893 635 id
1917 603 2019 645 ipsum

1157 656 1200 690 est
1211 681 1222 696 ,
1248 651 1334 699 quod
1349 654 1562 699 significatum
1576 653 1711 687 formale
1721 677 1728 684 .

1208 715 1258 761 13.
1288 708 1376 738 Peter
1393 702 1536 747 secundo:
1566 702 1621 736 An
1646 701 1684 736 ad
1697 701 1865 737 veritatem
1879 702 2020 745 proposi.-

1157 755 1256 798 tionis
1278 754 1474 791 affirmativae
1497 749 1580 786 nihil
1607 752 1787 796 requiratur
1806 753 1888 785 ultra
1902 751 2022 785 realem

1158 804 1446 844 identificationem
1465 812 1682 844 extremorum
1707 802 1741 835 in
1766 801 1954 849 significatis
1975 811 2024 835 re·

1156 855 1242 888 ctis?
1269 852 1436 897 Respondeo
1454 855 1550 895 prim&
1564 865 1575 885 .·
1598 852 1635 885 ln
1660 850 1931 896 propositionibus
1944 861 2022 884 con-

1156 898 1312 937 stantibus
1332 903 1502 948 praedicato
1523 912 1676 946 concreto
1690 901 1772 936 ultra
1785 901 1873 934 illam
1886 900 2023 934 identifi-

1157 952 1448 990 cationem'adhuc
1470 952 1660 994 requiritur,
1687 961 1722 983 ut
1735 950 1947 995 significatum
1961 950 2024 983 for·

1157 1004 1240 1037 male
1252 1002 1408 1045 praedicati
1421 1002 1575 1044 habeatur
1588 1026 1598 1041 ‚
1624 1001 1685 1034 five
1700 1000 1771 1034 insit
1785 1000 1965 1045 significato
1976 1010 2022 1032 re-

1156 1055 1206 1087 sto
1219 1051 1348 1095 subjecti
1360 1063 1418 1095 pro
1430 1046 1573 1094 tempore
1586 1062 1640 1094 per
1650 1050 1798 1093 copulam
1810 1049 2020 1093 principalem

1159 1107 1355 1146 importat03
1383 1112 1411 1132 v.
1431 1112 1475 1145 gr.
1498 1100 1576 1134 'verae
1598 1102 1669 1133 sunt
1695 1100 1740 1133 hae
1763 1099 2024 1143 praedicationeS,

1158 1160 1248 1197 Homo
1259 1151 1297 1192 ιβ
1307 1151 1438 1197 animal,
1470 1150 1550 1183 bomo
1571 1150 1608 1189 est
1620 1150 1703 1182 albus
1717 1174 1726 1189 ‚
1754 1151 1785 1191 ὅ(
1799 1150 1914 1182 similes
1929 1172 1936 1180 .
1963 1148 2026 1181 Ea-

1157 1214 1228 1236 rum
1250 1201 1338 1236 enim
1358 1209 1503 1234 extrema
1526 1199 1768 1233 identificantur
1788 1199 1821 1231 in
1838 1197 2025 1242 significatis

1156 1252 1266 1293 oeffls3
1292 1262 1329 1285 ac
1342 1261 1488 1294 praeterea
1506 1249 1721 1293 fignificatum
1734 1248 1868 1281 formale
1882 1245 2028 1289 praedica-

1158 1303 1182 1335 ti
1195 1301 1329 1345 quadrat
1342 1301 1525 1345 significato
1546 1300 1632 1335 resto
1646 1297 1773 1340 subiesti
1786 1311 1797 1331 :
1823 1297 1968 1339 adeoque
1980 1295 2029 1328 ni-

1159 1350 1284 1394 hil'illis
1295 1351 1380 1385 deest
1392 1350 1432 1394 ad
1444 1350 1606 1384 veritatem
1619 1373 1626 1380 .
1658 1347 1746 1382 Nam
1758 1358 1868 1394 earum
1883 1356 2028 1381 extrema

1160 1403 1232 1443 sunt
1252 1404 1361 1440 Homo,
1387 1400 1546 1433 &animal
1553 1424 1563 1439 ,
1589 1398 1673 1431 homo
1697 1397 1847 1439 &albus3
1874 1395 2028 1441 significa-

1159 1461 1229 1486 tum
1242 1452 1361 1485 testum
1383 1450 1471 1483 vocis
1482 1449 1564 1482 bomo
1575 1448 1618 1482 est
1633 1448 1831 1491 suppositum
1844 1446 2029 1480 humanitas·

1160 1502 1225 1544 ris;
1250 1499 1466 1545 significatum
1491 1499 1566 1543 vero
1593 1499 1713 1543 redium
1736 1498 1826 1542 vocis
1847 1497 1962 1529 animal
1981 1494 2029 1529 est

1161 1547 1358 1594 suppositum
1377 1547 1603 1587 animalitatis:
1630 1559 1700 1589 quae
1726 1547 1760 1579 in
1784 1545 2032 1580 reidentifican·

1159 1609 1234 1639 tur,
1261 1610 1298 1632 ac
1321 1598 1397 1631 sunt
1419 1597 1555 1639 unicum
1578 1595 1790 1638 suppositum.
1819 1594 1974 1626 Similiter
1995 1592 2034 1625 si-

1161 1649 1353 1693 gnificatum
1377 1648 1498 1680 rectum
1525 1645 1622 1677 vocis*
1637 1643 1722 1688 albas
1734 1642 1779 1676 est
1792 1654 1839 1676 res
1850 1641 1971 1676 habens
1986 1642 2033 1675 al-

1161 1696 1331 1737 bedinem,
1357 1706 1427 1737 quae
1439 1696 1471 1728 in
1485 1705 1517 1727 re
1538 1693 1582 1726 est
1598 1693 1705 1732 idem,
1718 1726 1722 1731 ,
1734 1691 1822 1734 quod
1836 1692 2033 1734 suppositum

1162 1744 1377 1791 humanitatis
1403 1757 1411 1776 :
1449 1744 1597 1787 adeoque
1619 1754 1686 1776 vox
1709 1742 1794 1774 albur
1819 1739 2032 1775 identificatur

1160 1797 1259 1831 etiam
1283 1796 1317 1828 in
1341 1795 1399 1828 suo
1426 1793 1605 1839 significato
1630 1793 1715 1826 resto
1738 1802 1813 1824 cum
1841 1802 1919 1824 voce
1929 1790 2034 1823 homo.

1163 1846 1254 1890 Ergo
1265 1843 1395 1878 istarum
1410 1843 1668 1887 propositionum
1681 1852 1823 1885 extrema
1837 1840 2036 1874 identifican·

1162 1896 1261 1929 turin
1282 1893 1345 1927 suis
1369 1892 1555 1936 significatis
1568 1891 1658 1924 restis
1673 1915 1680 1921 .
1707 1891 1862 1924 Similiter
1873 1890 2036 1934 significa⁴

1173 1954 1243 1976 tum
1255 1940 1391 1976 formale
1412 1941 1571 1984 praedicati
1596 1939 1739 1973 inexistit
1753 1964 1764 1980 ,
1790 1940 1842 1973 seu
1856 1940 2035 1983 quadratin

1162 1993 1228 2029 illis
1241 1991 1422 2036 significato
1431 1993 1513 2024 resto
1528 1990 1657 2033 subjeffi
1668 2015 1675 2022 .
1703 1990 1791 2023 Nam
1804 1990 1976 2032 subjeetum
1989 1990 2034 2033 esi:

1163 2042 1245 2075 homo
1259 2066 1270 2081 ,
1296 2039 1462 2086 praedicata
1477 2043 1548 2073 sunt
1570 2040 1729 2073 animal&
1743 2040 1850 2081 αἴθων,
1879 2040 2034 2085 fignifica-

1163 2103 1233 2125 tum
1247 2092 1364 2133 testum
1387 2091 1475 2122 vocis
1485 2089 1567 2121 homo
1587 2090 1630 2122 est
1646 2091 1837 2132 suppositum
1853 2087 2036 2124 humanita-

1163 2141 1223 2173 tis:
1251 2137 1428 2181 significata
1448 2137 1596 2171 formalia
1609 2148 1724 2170 vocum
1737 2139 1852 2169 animal·
1864 2164 1873 2178 ‚
1902 2141 1934 2172 &
1946 2139 2035 2172 albus·

1164 2190 1237 2222 sunt
1250 2186 1434 2226 animalitas
1446 2185 1620 2219 &albed0.
1653 2186 1754 2228 Atqui
1768 2188 1971 2227 animalitas,
2002 2189 2036 2221 &x

1162 2235 1278 2270 albedo
1306 2235 1438 2274 insunt,
1465 2246 1501 2266 ac
1524 2234 1680 2275 quadrant
1693 2236 1854 2277 supposito
1868 2237 2035 2271 humano.-

1162 2285 1282 2329 ergoin
1299 2284 1366 2316 istis
1388 2282 1658 2325 propositionibus
1670 2283 1885 2325 significatum
1897 2287 2034 2320 formale

1165 2333 1324 2377 praedicati
1348 2331 1482 2375 quadrat
1494 2355 1506 2371 ‚
1532 2341 1567 2364 ac
1580 2331 1659 2365 inest
1673 2331 1851 2377 significato
1866 2337 1950 2368 resto
1963 2335 2035 2371 suba

1164 2383 1252 2418 esti.

1163 2396 1172 2428 J
1216 2443 1267 2481 14.
1290 2433 1429 2467 Defestu
1452 2431 1565 2474 prioris
1585 2431 1784 2466 conditionis
1804 2433 1881 2467 falsa
1904 2433 1947 2467 est
1962 2433 2031 2467 haec

1164 2476 1357 2527 propositio:
1387 2487 1568 2515 Humanitas
1599 2483 1637 2520 est·
1658 2484 1788 2514 animal.
1818 2484 1853 2516 ln
1876 2483 1957 2523 hac,
1985 2484 2033 2516 in-

1163 2545 1282 2578 quam,
1310 2533 1535 2575 praedicatione
1555 2532 1770 2574 significatum
1805 2534 1938 2566 formale
1960 2545 2032 2575 prae·

1162 2583 1259 2616 dieati
1283 2583 1415 2626 quidem
1430 2581 1508 2614 inest
1521 2605 1531 2620 ,
1552 2582 1584 2614 δε
1605 2582 1740 2623 quadrat
1753 2583 1934 2627 significato
1946 2584 2030 2616 resto

1164 2633 1290 2676 subjeai
1314 2644 1323 2674 3
1350 2641 1488 2666 extrema
1509 2641 1616 2665 tamen
1639 2642 1706 2665 non
1730 2632 1973 2666 identificantur
1995 2633 2031 2667 in

1163 2680 1347 2728 significatis
1359 2683 1422 2716 suis
1433 2681 1542 2725 restis:
1569 2679 1714 2725 adeoque
1735 2682 1810 2715 falsa
1822 2682 1865 2715 est
1891 2683 2031 2725 propost-

1165 2734 1233 2766 tio.
1264 2731 1365 2777 Qod
1387 2730 1602 2774 significatum
1626 2731 1761 2764 formale
1782 2731 2032 2773 praedicatiqua-

1163 2783 1229 2816 dret
1243 2782 1427 2826 significato
1440 2781 1525 2814 resto
1539 2780 1666 2824 subjecti
1680 2806 1691 2821 ,
1714 2781 1751 2820 ιβ
1763 2782 1887 2813 evidens
1902 2794 1913 2813 ,-
1938 2781 2028 2827 Qia

1163 2832 1337 2874 subJectum
1359 2830 1404 2864 est
1426 2829 1628 2873 humanitas;
1657 2830 1867 2875 significatum
1891 2831 2029 2863 formale

1162 2882 1320 2926 praedicati
1332 2881 1498 2914 animal-est
1513 2880 1696 2913 animalitas
1708 2894 1719 2913 .·
1745 2880 1833 2922 atqui
1847 2880 2029 2912 animalitas

1163 2931 1242 2965 inest
1256 2956 1266 2972 ‚
1292 2932 1326 2965 &
1351 2930 1485 2972 quadrat
1508 2929 1720 2963 humanitati:
1747 2942 1824 2974 ergo
1840 2930 1870 2961 in
1887 2930 1944 2963 ista
1959 2941 2030 2971 pro·

1163 2981 1322 3024 positione
1344 2980 1556 3024 significatum
1569 2979 1704 3013 formale
1720 2980 1877 3021 praedicati
1893 2979 2028 3021 quadrae

1161 3031 1343 3078 significato
1367 3031 1452 3063 reeto
1473 3028 1600 3072 subjetsti
1625 3053 1632 3061 .
1662 3029 1765 3076 Qod
1787 3029 1858 3062 vero
1884 3039 2027 3061 extrema

1162 3093 1229 3114 non
1255 3079 1540 3114 identificenturin
1557 3079 1742 3123 fignificatis
1754 3080 1842 3112 restis
1855 3103 1864 3118 ‚
1890 3085 1979 3111 etiam
1990 3075 2029 3116 ιβ

1161 3133 1306 3164 evldens:
1334 3129 1424 3176 Qia
1444 3128 1658 3172 significatum
1684 3130 1801 3162 testum
1815 3127 1904 3161 vocis
1917 3135 2029 3163 Humae-

1162 3186 1245 3213 nitas
1265 3179 1310 3213 est
1333 3177 1517 3211 humanitas
1539 3202 1550 3217 ‚
1580 3180 1633 3212 seu
1660 3188 1771 3211 natura
1792 3176 1933 3210 humana
1958 3189 1967 3219 3
1993 3176 2028 3208 si-

1160 3231 1352 3273 gnificatum
1369 3228 1445 3261 vero
1473 3229 1593 3261 testum
1607 3228 1695 3263 vocis
1707 3229 1824 3260 animal
1830 3228 1873 3260 est
1890 3226 2028 3269 supposi-

1160 3290 1231 3316 tum
1254 3276 1488 3312 animalitatis.-
1514 3278 1604 3320 atqui
1627 3288 1738 3311 natura
1761 3277 2030 3319 humana&sup-

1160 3329 1299 3371 positum
1323 3326 1534 3360 animalitatis
1548 3329 1619 3360 sunt
1631 3327 1755 3360 realiter
1768 3327 1915 3360 distinsta
1933 3339 1940 3358 :
1967 3336 2028 3358 neo

1160 3379 1249 3412 enim
1261 3387 1372 3410 natura
1384 3377 1427 3410 est
1441 3377 1655 3420 suppositum.
1683 3377 1772 3420 Ergo
1783 3386 1924 3410 extrema
1937 3375 2027 3408 istius

1164 3426 1391 3472 propositionis
1419 3439 1485 3463 non
1499 3426 1741 3472 identificantur
1751 3427 1784 3460 in
1799 3425 1861 3472 suis
1871 3425 2026 3470 significan

1165 3479 1204 3513 tis
1214 3477 1323 3520 reikis.
1909 3472 1913 3482 ³

1569 3525 1620 3559 Bb
1668 3535 1689 3572 3
1845 3536 1884 3568 15
1913 3523 1974 3555 De..
