2384 3770
829 116 1496 164 DEFENsro'le.

269 212 307 245 ln
326 204 562 252 fignificatione
583 202 647 238 veri
670 200 859 247 participii?
885 199 967 233 Non
979 199 1075 234 credo
1088 202 1130 234 sa-

269 260 310 293 rie
331 269 388 291 vos
408 256 472 290 esse
494 265 559 288 tam
576 253 720 296 ineptos.
748 250 817 285 Cur
838 249 871 283 id
892 259 962 283 nori
976 249 1105 283 credam
1119 275 1130 291 ,

269 319 336 343 non
350 307 427 341 dico
438 319 449 339 :
477 303 568 339 Absit
579 303 668 337 enim
691 303 709 335 a
723 311 776 333 me
786 323 798 340 ,
824 307 858 332 ut
871 298 956 332 adeo
968 297 1127 333 sinistrum

268 360 406 394 formem
418 356 459 390 de
472 355 574 388 vestra
584 351 769 387 eruditione
791 348 969 391 judicium.
1001 349 1130 384 Firmis.

267 407 342 442 sime
365 404 445 452 ergo
466 405 622 448 praesunio
646 410 702 434 vos
723 399 771 432 uti
795 397 931 432 vocibus
954 398 1022 432 istis
1050 409 1128 433 tarn-

269 469 369 502 qiiam
392 453 582 490 nominibus
601 448 857 494 participialibus
878 461 889 492 3
926 458 1129 491 nequaquam

269 518 436 551 tamquam
459 500 649 551 participiis.

318 569 352 604 4.
374 556 530 590 Attamen
554 551 586 585 ἀ
605 548 670 585 hoc
689 547 832 583 dicendo
859 548 975 582 falsum
998 547 1107 582 dicitis
1121 572 1128 580 .

268 608 398 642 Falsum
413 630 423 645 ,
435 605 581 647 inquam,
591 600 635 635 est
647 624 658 641 ,
673 600 761 643 quod
773 601 835 634 effe
847 610 958 632 verum
972 598 1105 632 brutum
1117 621 1129 638 ,

267 665 446 698 verumque
457 650 579 687 animal
600 651 637 684 sit
656 650 742 684 idem
755 674 765 689 ‚
790 647 879 691 quod
891 649 954 682 esse
972 648 1104 686 visivum
1117 672 1128 688 ,

266 707 419 740 factivum
434 728 444 743 ,
470 702 675 740 auditivum,
704 700 821 735 &c.Et
838 699 928 741 probo
942 697 1011 731 hoc:
1038 698 1127 746 Qia

265 754 371 799 potest
383 753 452 787 dari
477 763 589 786 verum
613 751 764 791 brutum,
791 760 967 792 verumque
983 748 1131 788 animal,

266 803 357 847 quod
370 814 472 846 neque
486 803 524 836 sit
535 801 669 835 visivum
679 824 689 840 ,
717 810 840 843 necque
850 798 1032 832 auditivum
1046 821 1056 837 ,
1079 808 1127 831 ne-

265 865 330 898 que
341 853 493 889 tassivum
504 865 514 884 :
539 862 609 885 uno
621 849 722 884 verbo
732 873 744 889 ,
770 848 860 892 quod
883 859 950 882 non
965 848 1002 881 sit
1013 848 1131 881 sensiti-

265 915 360 939 vum.
388 904 466 937 Hoc
478 900 660 936 trivialibus
682 897 901 942 Philosophi,
929 897 1027 932 credo
1041 921 1054 938 ‚
1076 908 1129 941 ap·

265 953 389 998 parebit
398 952 561 987 mitum&
576 948 778 993 paradoxum
789 973 796 981 .
826 948 918 992 Ergo
938 948 1000 981 esse
1017 958 1127 981 verum

264 1000 390 1038 animal
403 1010 607 1047 nequaquam
618 999 663 1034 est
678 997 762 1033 idem
775 1021 785 1037 ,
795 996 884 1041 quod
896 999 958 1032 esse
969 997 1103 1031 visivum
1118 1020 1128 1037 ‚

264 1053 469 1092 auditivum,
486 1051 637 1086 tastivum
650 1073 661 1088 ‚
671 1050 734 1083 διε.
749 1049 994 1092 Consequentia
1005 1047 1050 1081 est
1063 1047 1124 1080 cla—

264 1115 299 1138 ra
310 1105 342 1138 r&
356 1102 525 1138 manifesta
537 1125 545 1133 .
575 1100 725 1134 Probatur
734 1095 801 1142 ergo
811 1099 989 1132 antecedens
1002 1109 1009 1129 z
1037 1097 1126 1144 Qia

263 1165 365 1188 omne
377 1152 592 1197 compositum
603 1162 644 1184 ex
655 1149 742 1184 nuda
755 1149 889 1184 materia
901 1148 1002 1192 prima
1014 1148 1047 1182 &
1060 1148 1124 1181 ani-

263 1214 317 1238 ma
331 1204 477 1237 sensitiva
489 1202 532 1236 est
547 1211 658 1235 verum
669 1200 811 1235 animal:
835 1199 967 1232 Etenim
980 1198 1052 1242 quis
1063 1196 1126 1232 hoc

262 1256 387 1298 neget?
401 1254 487 1287 Nam
498 1253 590 1295 juxta
602 1262 657 1283 om
664 1260 719 1284 nes
731 1247 963 1292 philosophos,
975 1258 1057 1291 quos
1067 1246 1126 1281 hac

262 1304 297 1337 in
307 1311 396 1347 parte
406 1304 537 1337 adiuvat
553 1302 677 1335 sanstus
691 1299 894 1344 Augustinus
904 1300 926 1331 l.
938 1299 1018 1345 7.de
1030 1302 1124 1332 civit.

261 1364 286 1387 c.
296 1363 350 1400 29.
363 1357 410 1386 Et
428 1355 448 1387 l.
460 1354 491 1390 8.
516 1365 540 1388 c.
555 1350 585 1388 6.
608 1353 653 1384 Et
664 1349 735 1383 alibi*
754 1347 856 1391 saepe,
882 1359 951 1382 non
974 1349 1047 1382 sunt
1066 1347 1123 1381 nifi

260 1413 324 1437 tres
337 1405 468 1437 animae:
497 1400 647 1435 videlicet
662 1402 841 1445 vegetativa
855 1423 867 1439 ,
892 1398 1040 1432 sensitiva
1052 1422 1063 1438 ‚
1091 1398 1124 1431 ἀ

263 1453 467 1487 intellectiva
482 1477 490 1484 .
516 1452 624 1485 Prima
636 1460 712 1484 cum
722 1449 856 1484 materia
877 1447 895 1481 a
907 1448 938 1481 se
949 1449 1122 1482 informata

258 1502 340 1536 facit
359 1505 502 1546 plantam
516 1525 528 1541 ‚
553 1501 652 1534 altera
675 1499 754 1532 facit
775 1497 907 1530 brutum
927 1498 960 1529 ὅ(
974 1496 1096 1530 animal
1112 1521 1123 1537 ,

256 1552 354 1585 tertia
378 1553 456 1586 facit
478 1549 666 1584 hominem.
692 1544 804 1590 Ergo,
828 1546 906 1579 licet
932 1557 1000 1579 nori
1022 1558 1124 1580 omne

256 1601 381 1635 animal
400 1602 437 1635 sit
455 1599 673 1643 compositum
694 1607 736 1630 ex
750 1595 836 1629 nuda
861 1594 994 1629 materia
1011 1596 1121 1630 &ani-

257 1662 312 1685 ma
324 1651 474 1685 sensitiva
485 1675 497 1691 ,
522 1659 633 1682 tamen
657 1647 726 1680 vice
741 1646 827 1679 versa
842 1655 943 1679 omne
959 1647 1121 1688 composi-

257 1710 330 1735 tum
350 1712 393 1735 ex
417 1701 505 1735 nuda
524 1697 657 1732 materia
679 1696 713 1730 ὅ(
726 1695 872 1730 sensitiva
893 1694 1004 1728 anima
1015 1694 1058 1728 est
1073 1705 1120 1729 ve-

255 1761 332 1785 rum
343 1751 485 1785 animal.
513 1748 619 1792 Atqui
631 1746 845 1789 compositum
868 1754 910 1778 ex
922 1744 1009 1779 nuda
1021 1755 1118 1778 mate-

253 1801 302 1834 ria
317 1801 352 1835 δε
362 1801 507 1835 sensitiva
518 1800 628 1833 anima
639 1807 743 1839 neque
766 1795 810 1829 est
827 1794 959 1828 vifivum
976 1818 986 1833 ,
1014 1804 1119 1837 neque

251 1850 437 1884 auditivum
450 1874 462 1891 ,
489 1859 593 1892 neque
615 1846 768 1880 tactivum
781 1867 793 1884 ,
817 1855 922 1887 neque
937 1843 1008 1877 ullo
1026 1844 1118 1878 sensu

250 1900 439 1933 sensitivum
460 1912 468 1931 ε
500 1899 589 1942 Ergo
607 1896 678 1931 dari
699 1894 803 1939 potest
826 1905 937 1928 verum
962 1894 1092 1927 brutum
1107 1917 1118 1933 ,

250 1948 577 1992 verumqueanimal,
603 1945 693 1988 quod
705 1955 809 1986 neque
831 1944 1034 1982 fitvifivum,
1064 1954 1115 1976 ne-

249 2008 314 2041 que
337 1998 522 2032 auditivum
543 2022 555 2038 ,
589 2006 695 2038 neque
716 1994 878 2027 ullatenus
904 1993 1090 2027 sensitivam
1105 2017 1112 2024 .

249 2047 400 2081 Probatur
423 2053 518 2081 minoi·
539 2060 550 2080 .·
578 2046 667 2093 Qiia
689 2042 730 2078 de
751 2042 868 2085 majori
896 2054 964 2077 non
985 2040 1090 2076 habeo
1103 2067 1113 2082 ‚

247 2096 337 2139 quod
347 2098 456 2131 dicam
467 2097 607 2140 amplius
620 2108 628 2127 z
653 2094 752 2128 credo
762 2095 852 2127 enim
862 2092 953 2126 illam
967 2093 1029 2125 esse
1041 2103 1110 2125 cer-

1922 139 1941 181 3
1960 139 2016 184 17

1196 199 1302 234 tivum
1314 225 1325 242 ,
1347 212 1451 246 neque
1461 201 1527 235 alio
1541 204 1640 238 modo
1654 205 1836 239 sensitivam
1849 230 1856 237 .
1881 205 1991 249 Major
2003 208 2048 241 est

1189 250 1291 284 clara:
1315 250 1461 284 Caveant
1480 251 1558 295 ergo
1571 254 1812 300 Marpurgenses
1831 265 1902 290 eam
1914 266 2049 300 negare.

1190 299 1338 333 Probatur
1358 303 1461 342 itaque
1484 306 1578 333 minor
1596 314 1603 333 ε
1643 305 1730 351 Qia
1750 306 1968 348 compositum
1990 306 2048 341 ali-

1191 350 1279 392 quod
1292 374 1302 389 ,
1329 361 1363 385 ut
1375 351 1410 383 sit
1425 350 1554 384 visionis
1565 361 1619 384 aut
1633 352 1759 387 alterius
1770 358 1821 388 sen
1829 356 1962 390 sationis
1973 357 2049 391 effe-

1192 399 1312 433 ctivum
1334 424 1345 440 ,
1370 399 1467 434 debet
1490 401 1523 434 in
1558 402 1589 434 se
1610 399 1727 436 habere
1748 406 1886 438 formam
1919 405 2049 440 istarum

1191 450 1414 492 operationum
1438 451 1614 484 effectivam
1636 462 1645 492 3
1670 461 1706 484 ut
1729 453 1764 485 sit
1786 466 1896 488 earum
1921 456 2052 499 recepti·

1190 499 1298 540 vum,
1317 499 1433 534 habere
1456 500 1552 534 debet
1573 511 1696 544 organa
1716 501 1782 534 istis
1805 505 2049 547 operationibus

1193 548 1401 583 subiestandis
1414 562 1449 584 ac
1462 551 1675 584 sustentandis
1694 560 1765 594 apta
1779 563 1814 584 ac
1829 555 2051 596 proportiona-

1191 609 1244 632 ta.-
1273 599 1352 633 Haec
1365 601 1452 634 enim
1474 600 1546 643 quis
1569 603 1689 645 neget?
1718 601 1908 645 Utrumque
1933 605 2051 647 quippe

1192 648 1255 683 hoc
1278 650 1443 693 eleganter
1465 650 1498 683 ὅ(
1511 649 1645 684 breviter
1668 652 1764 685 tradit
1783 652 1928 685 Divinus
1941 652 2052 686 Philo·

1193 698 1311 743 sophus
1325 700 1419 732 Pater
1432 699 1539 733 noster
1551 700 1752 745 Augustinus
1764 701 1856 742 Epist.
1871 711 1902 746 3.
1914 701 1964 735 his
1987 713 2052 735 ver-

1193 749 1259 783 bis:
1287 751 1362 781 Sunt
1374 751 1448 782 certe*
1459 755 1703 792 quinquepartiti
1713 757 1838 793 corporis
1846 750 1948 793 sensus
1962 776 1973 792 ,
2000 759 2052 794 qui

1192 810 1243 832 nec
1252 797 1309 838 fine
1319 804 1444 839 anima,
1467 811 1517 832 nec
1532 799 1591 840 fine
1611 808 1726 842 corpore
1745 802 1795 844 effe
1808 802 1938 843 possunt.
1966 804 2052 844 ‚Quia

1193 860 1282 891 neque
1301 847 1414 891 sentire
1434 849 1471 889 est
1481 848 1538 890 m'fi
1554 850 1713 892 viventis,
1739 852 1820 894 quod
1837 851 1876 884 ab
1898 855 1999 883 anima
2014 852 2051 891 est

1190 905 1321 940 corpori:
1343 910 1434 941 neque
1439 897 1503 940 fine
1520 905 1659 941 corporeis
1682 900 1879 940 instrumentis
1891 925 1900 940 ,
1929 902 2057 943 &quast

1191 948 1268 989 vasis
1288 956 1375 991 atque
1396 955 1514 993 organis
1535 951 1671 984 videmus
1693 975 1705 991 ,
1732 953 1866 984 audimus
1889 974 1899 990 ,
1927 949 2054 993 caeteris-

1192 1010 1246 1040 que
1261 999 1357 1031 tribus
1377 1007 1486 1032 utimur
1504 999 1631 1042 senfibus
1654 1026 1661 1033 .
1691 1001 1775 1034 Ecce
1792 1013 1889 1044 quam
1906 1001 1990 1035 clare
2011 1001 2052 1035 ad

1191 1048 1394 1082 sentiendum
1409 1051 1542 1092 requirit
1561 1051 1763 1094 Augustinus
1786 1053 1817 1085 ὅ(
1829 1052 1970 1084 animam
1986 1053 2053 1086 sen·

1192 1097 1322 1131 sationis
1344 1099 1542 1139 effestivarn,
1562 1111 1599 1132 ac
1610 1102 1708 1135 etiam
1732 1112 1891 1145 organum
1905 1101 2055 1135 sensatio-

1191 1149 1240 1181 nis
1254 1148 1465 1191 susceptivum
1478 1175 1485 1181 .
1513 1148 1590 1184 ldeo
1603 1152 1690 1184 enim
1715 1150 1795 1184 dicit
1817 1160 1977 1195 organum
1991 1152 2053 1185 esse

1188 1199 1273 1239 quasi
1288 1199 1480 1232 sensationis
1504 1211 1577 1233 vas.
1597 1201 1647 1233 Ex
1667 1211 1733 1244 quo
1756 1210 1842 1243 patet
1855 1225 1865 1241 ‚
1892 1211 1990 1244 quam
2006 1202 2055 1233 in-

1188 1249 1351 1291 congrue,
1377 1248 1520 1292 &quam
1541 1250 1559 1284 a
1586 1260 1695 1284 mente
1719 1250 1826 1284 sancii
1851 1249 2055 1294 Augustini,

1187 1309 1284 1341 quem
1296 1308 1404 1333 tamen
1416 1310 1474 1343 pro
1487 1300 1540 1333 sua
1551 1299 1712 1342 opinione
1726 1300 1806 1334 citat
1818 1323 1830 1338 ,
1848 1299 1955 1333 aliene
1965 1299 2054 1333 dicat

1192 1348 1369 1382 Rodericus
1382 1348 1518 1393 Arriaga
1534 1348 1616 1392 Disp.
1631 1360 1661 1397 3.
1675 1351 1710 1383 de
1724 1355 1831 1383 Anima
1845 1348 1933 1392 ,[εέῖ.
1947 1349 2055 1393 2-sub·

1187 1398 1250 1431 iee‘i‘.
1266 1409 1386 1444 3.num.
1407 1396 1460 1446 83.
1485 1401 1684 1434 stnsationes
1702 1400 1873 1434 brutorum
1897 1400 1994 1443 recipi
2020 1400 2054 1433 in

1188 1447 1254 1482 sola
1265 1448 1373 1483 anima
1389 1461 1398 1491 ς
1417 1449 1450 1482 ἰη
1464 1461 1590 1494 organo
1603 1450 1679 1483 vero
1694 1475 1704 1490 ‚
1731 1451 1763 1483 ὃς
1776 1449 1942 1484 ordinario
1954 1451 2055 1483 sensa-

1188 1498 1318 1532 tionum
1330 1500 1401 1532 vase
1421 1510 1461 1533 ne
1475 1498 1606 1543 quidem
1632 1500 1809 1543 partialiter
1827 1501 1862 1535 ὅ(
1874 1499 2054 1543 inadaequa-

1187 1546 1235 1580 te.
1262 1546 1369 1589 Atqui
1381 1550 1596 1589 compositum
1609 1561 1647 1582 ex
1660 1550 1803 1583 sensitiva
1815 1551 1923 1583 anima
1951 1550 1984 1583 &
1999 1560 2055 1582 nu—

1186 1596 1226 1629 da
1240 1597 1371 1630 materia
1394 1597 1525 1640 quidem
1547 1596 1581 1630 in
1598 1595 1736 1630 sehabet
1761 1600 1898 1631 formam
1921 1598 2053 1631 istarum

1185 1649 1414 1687 operationum
1437 1646 1635 1687 effestivam3
1662 1647 1768 1680 forma
1790 1646 1910 1690 quippe
1936 1647 1992 1680 ista
2009 1648 2052 1680 est

1187 1695 1333 1728 sensitiva
1354 1695 1481 1735 anima,
1505 1706 1602 1739 quarn
1626 1696 1840 1738 compositum
1869 1696 1952 1730 istuc
1975 1698 2009 1730 in
2023 1698 2053 1731 se

1185 1743 1300 1778 habet:
1328 1744 1409 1778 Non
1423 1755 1532 1778 tamen
1546 1744 1644 1779 habet
1658 1756 1783 1790 organa
1807 1744 1874 1779 istis
1894 1747 2052 1787 operatio-

1185 1793 1280 1827 nibus
1303 1794 1517 1828 snstentandis
1537 1807 1575 1828 ac
1588 1794 1789 1837 hospitandis
1802 1805 1873 1837 apta
1885 1820 1893 1827 .
1915 1796 2050 1840 Organa

1183 1843 1301 1886 quippe
1321 1844 1355 1878 δε
1376 1845 1449 1878 vasa
1472 1844 1530 1878 ista
1553 1845 1625 1878 sunt
1648 1846 1736 1878 oculi
1763 1870 1773 1884 ‚
1794 1855 1906 1885 aures,
1933 1856 2048 1885 nares,

1181 1893 1312 1935 aliaeque
1324 1894 1443 1927 similes
1456 1904 1562 1936 partes
1574 1896 1736 1939 organicae
1749 1919 1760 1934 ‚
1782 1894 1901 1938 quibus
1913 1906 2049 1939 compo-

1180 1942 1275 1975 situm
1287 1953 1329 1975 ex
1341 1942 1426 1977 nuda
1439 1944 1571 1977 materia
1583 1954 1668 1978 caret
1682 1958 1693 1978 .·
1704 1945 1737 1978 Si
1751 1945 1841 1978 enim
1855 1945 1933 1978 talia
1946 1957 2044 1990 orga-

1179 2003 1219 2026 na
1233 1989 1362 2026 haberet
1374 2016 1384 2032 ,
1405 1993 1471 2027 iarn
1483 2004 1549 2028 non
1564 1995 1647 2028 foret
1659 1996 1877 2038 compositum
1889 2006 1929 2028 ex
1943 2006 2041 2030 mate-

1177 2042 1222 2075 ria
1232 2042 1317 2076 nuda
1331 2066 1341 2081 ‚
1363 2043 1415 2076 sed
1427 2055 1467 2076 ex
1481 2047 1612 2078 materia
1638 2044 1719 2079 bene
1734 2044 1848 2078 vestita
1860 2069 1874 2084 ,
1893 2044 2043 2088 beneque

1173 2092 1362 2134 organizata
1374 2115 1382 2123 .
1393 2093 1481 2136 Ergo
1492 2095 1711 2135 compositum
1722 2106 1761 2128 ex
1775 2095 1919 2129 sensitiva
1930 2095 2040 2129 anima

244 2155 336 2186 tam,
363 2147 497 2180 &extra
517 2154 619 2178 omne
638 2143 750 2175 omnis
760 2141 963 2174 rationabilis
982 2150 1110 2172 contro·
1150 2137 1206 2188 1¹&
1227 2139 1313 2172 nuda
1333 2141 1464 2173 materia
1487 2164 1497 2180 ,
1525 2142 1597 2174 licet
1619 2143 1653 2175 sit
1678 2145 1899 2178 sensationum
1922 2146 2037 2178 effecti-

245 2196 351 2229 versiae
362 2195 541 2238 periculum
563 2192 698 2237 positam
711 2215 718 2222 .
748 2189 842 2223 Probo
859 2192 927 2233 ergo
946 2195 1087 2222 minorem
1099 2202 1109 2222 .-

285 2244 338 2277 uia
348 2246 410 2278 esse
422 2245 557 2275 visivum
570 2265 583 2280 ,
606 2241 669 2272 esse
680 2237 882 2277 auditivum,
911 2241 973 2271 effe
993 2238 1109 2270 sensiti-

245 2302 324 2325 vum
337 2316 348 2332 ‚
374 2290 511 2325 nihilest
523 2289 663 2324 omnino
674 2285 761 2319 aliud
773 2309 784 2324 ‚
803 2297 900 2328 quam
913 2288 975 2319 esse
991 2295 1108 2327 potens

245 2343 282 2375 in
304 2341 479 2384 semetipso
499 2340 616 2373 elicere
627 2349 664 2372 ac
676 2334 853 2380 producere
868 2336 1027 2376 visioneS,
1053 2347 1103 2368 au·

246 2391 409 2432 ditiones,
437 2391 501 2425 διε.
523 2388 628 2432 Atqui
649 2386 866 2429 compositum
879 2396 918 2418 ex
930 2385 1019 2418 nuda
1042 2394 1104 2417 ma-

245 2441 326 2476 teria
343 2441 376 2475 &
388 2441 536 2474 sensitiva
559 2439 669 2474 anima
691 2447 759 2469 non
772 2435 817 2470 est
836 2446 937 2479 capax
959 2436 992 2468 in
1010 2435 1104 2468 seme-

244 2492 330 2533 tipso
348 2491 466 2524 elicere
487 2489 621 2523 visiones
642 2513 654 2529 ‚
679 2486 867 2520 auditiones
887 2509 898 2525 ,
923 2495 977 2519 aut
1001 2484 1101 2517 ullam

242 2540 339 2574 aliam
360 2540 574 2574 sensationem
590 2552 600 2571 .·
625 2536 703 2581 ergo
723 2535 941 2579 compositum
962 2546 1002 2568 ex
1018 2535 1101 2567 nuda

241 2590 376 2624 materia
387 2602 424 2623 ac
435 2588 580 2623 sensitiva
593 2589 702 2621 anima
714 2587 870 2629 ncqueest
884 2586 1016 2618 visivum
1028 2609 1037 2624 ‚
1051 2596 1100 2617 ne-

241 2651 306 2682 que
317 2638 499 2673 auditivum
514 2649 638 2680 ,neque
649 2636 718 2670 ullo
729 2637 797 2669 alio
807 2636 897 2669 sensu
908 2635 1101 2668 sensitivum.

239 2689 324 2722 Non
347 2690 414 2722 scio
434 2698 498 2731 ego
518 2684 758 2728 Philosophum
772 2709 783 2724 ‚
803 2687 858 2727 qui
879 2683 1033 2718 hactenus
1044 2685 1098 2718 du-

241 2738 391 2773 bitaverit
404 2736 444 2770 de
456 2737 570 2780 majori
584 2748 591 2767 :
622 2735 733 2780 Quare
745 2746 813 2767 non
836 2734 934 2767 credo
947 2734 1014 2767 fore
1026 2759 1038 2773 ‚
1064 2745 1097 2767 ut

239 2788 391 2823 dubitent
415 2786 664 2831 Marpurgenses
684 2809 691 2816 .
731 2784 880 2817 Probatur
901 2785 966 2826 ergo
985 2789 1097 2817 minor:

238 2839 327 2885 Qia
352 2848 387 2872 ut
409 2837 543 2881 aliquod
566 2835 780 2878 compositum
804 2834 839 2866 sit
863 2833 1019 2881 visionis,
1046 2844 1097 2867 au-

237 2887 374 2923 ditionis
390 2911 402 2928 ,
431 2898 486 2921 aut
506 2885 736 2928 cujuscumque
757 2884 888 2917 alterius
910 2882 1097 2917 sensationis

235 2940 271 2973 in
283 2937 453 2981 semetipso
464 2937 643 2972 elicitivum
658 2959 668 2975 ,
681 2933 776 2968 debet
787 2930 1094 2975 istarum’operatio-

235 3000 317 3022 num
328 2989 390 3022 effe
402 2988 491 3022 simul
504 2988 685 3021 effectivum
706 2996 742 3018 ac
764 2983 960 3027 receptivum
974 2996 986 3016 .·
1007 2982 1095 3016 Nam

234 3040 378 3080 aliquam
410 3038 634 3082 operationem
660 3036 693 3068 in
718 3033 887 3077 semetipso
913 3032 1030 3067 elicere
1050 3033 1094 3066 est

235 3098 308 3121 eam
324 3088 358 3122 in
371 3088 564 3132 semeptipso
571 3088 714 3126 efficere,
736 3096 773 3119 ac
784 3084 883 3118 etiam
898 3083 915 3117 a
928 3082 1095 3125 semetipso

235 3136 380 3171 effectam
402 3140 558 3182 recipere.
585 3135 689 3179 Atqui
710 3134 925 3177 compositum
946 3143 986 3166 ex
1006 3133 1094 3167 nuda

236 3187 371 3221 materia
392 3189 580 3223 &sensitiva
592 3188 701 3221 anima
719 3197 786 3219 non
800 3184 844 3217 est
856 3183 1008 3223 visionis,
1032 3194 1093 3216 au·

235 3237 373 3271 ditionis
392 3261 402 3277 ,
430 3248 486 3272 aut
506 3238 736 3281 cujuscumque
755 3235 885 3268 alterius
905 3233 1093 3267 sensationis

235 3287 329 3321 simul
353 3288 534 3321 effectivum
557 3301 595 3322 ac
613 3286 836 3329 receptivum:
878 3282 969 3327 Ergo
991 3293 1093 3326 neque

233 3337 278 3371 est
301 3336 432 3372 istarum
468 3339 693 3381 operationum
725 3337 759 3370 in
785 3334 958 3377 semetipso
981 3333 1091 3367 eliciti·

233 3398 310 3422 vum
324 3399 335 3421 .·
357 3386 504 3432 adeoque
524 3398 629 3433 neque
638 3389 683 3424 est
697 3387 828 3423 visivum
840 3408 852 3426 ‚
879 3393 988 3427 neque
1005 3382 1090 3419 audi-

1150 2193 1156 2224 l
1174 2199 1249 2222 vum
1258 2213 1269 2228 ,
1282 2199 1349 2221 non
1360 2188 1406 2225 est
1417 2199 1527 2223 tamen
1536 2201 1646 2225 earum
1658 2194 1857 2236 receptivum
1870 2207 1880 2226 :
1892 2193 2038 2237 adeoque

1171 2247 1373 2279 nequaquam
1393 2238 1438 2270 est
1462 2239 1665 2274 sensitivum.

1219 2296 1248 2330 5.
1276 2285 1407 2319 Videtis
1427 2286 1505 2330 ergo
1526 2287 1800 2332 Marpurgenses,
1829 2304 1926 2333 quam
1950 2293 2035 2327 male

1169 2335 1336 2376 posueritis
1353 2334 1419 2370 haec
1430 2336 1523 2370 verba
1537 2349 1545 2368 ι
1569 2342 1656 2370 Nota
1664 2337 1789 2380 secumio
1811 2343 2012 2381 ptaedicatum
2026 2356 2033 2375 :

1166 2387 1247 2425 quod
1254 2384 1293 2423 est
1305 2390 1410 2418 anima
1415 2385 1557 2426 senfitt‘va
1576 2387 1735 2428 informari
1747 2412 1757 2427 ,
1784 2400 1946 2433 verumque
1965 2391 2034 2424 bru—

1165 2442 1229 2467 tum
1239 2459 1251 2474 ,
1262 2446 1423 2478 verumque
1434 2438 1550 2469 animal
1558 2437 1625 2479 esse:
1638 2437 1689 2471 boc
1697 2438 1734 2477 est
1743 2461 1753 2477 ,
1769 2441 1872 2473 audire
1885 2464 1897 2480 ‚
1913 2442 2031 2482 videre,

1163 2491 1294 2528 tangere,
1305 2486 1421 2518 odorari
1442 2511 1452 2527 ,
1468 2486 1596 2531 gustare,
1608 2489 1645 2520 de
1667 2490 1765 2520 locam
1781 2492 1873 2522 locum
1891 2502 2008 2524 movere
2019 2515 2026 2523 .

1163 2534 1243 2568 Non
1258 2535 1347 2569 enim
1369 2538 1433 2570 effe
1447 2537 1569 2569 animal
1587 2536 1633 2570 est
1655 2538 1765 2578 idem,
1786 2540 1876 2583 quod
1899 2541 1961 2574 effe
1983 2541 2029 2575 vi-

1162 2585 1241 2618 dens
1253 2608 1264 2624 ,
1274 2585 1409 2619 audiens
1421 2610 1431 2624 ‚
1446 2586 1577 2629 gustans
1588 2610 1598 2626 ,
1612 2587 1675 2621 &a
1691 2588 1854 2632 Adeoque
1865 2601 2001 2634 quaerere
2014 2615 2025 2631 ,

1161 2645 1200 2667 an
1214 2645 1316 2668 ovum
1335 2636 1516 2669 faecundum
1540 2637 1574 2669 sit
1593 2647 1705 2672 verum
1727 2638 1856 2673 brutum
1871 2665 1881 2680 ‚
1901 2651 2025 2674 verum·

1161 2695 1222 2726 que
1235 2685 1355 2718 animal
1371 2708 1382 2724 ,
1401 2686 1523 2719 nonest
1548 2697 1684 2730 quaerere
1700 2712 1713 2728 ‚
1730 2700 1771 2722 an
1784 2699 1887 2722 ovum
1901 2691 2024 2725 faecun-

1160 2736 1239 2767 dum
1262 2735 1367 2768 videat
1380 2759 1391 2774 ‚
1411 2736 1545 2775 audiat,
1568 2745 1680 2781 tangat
1695 2762 1705 2777 ‚
1726 2739 1787 2771 ἀς.
1805 2738 1865 2772 Sed
1888 2741 2023 2774 effeani-

1161 2785 1223 2816 mal
1236 2784 1279 2816 est
1292 2786 1401 2818 anima
1427 2786 1575 2819 sensitiva
1589 2787 1693 2821 vivere
1704 2811 1716 2827 ‚
1737 2788 1769 2821 δε
1781 2798 1820 2820 ex
1831 2788 1940 2822 an'ima
1954 2791 2024 2823 sen·

1159 2834 1247 2868 sitiva
1270 2835 1332 2868 esse
1353 2836 1569 2877 compositum
1590 2849 1602 2868 .-
1622 2836 1768 2880 adeoque
1790 2848 1922 2880 quaerere
1943 2862 1953 2878 ,
1976 2850 2018 2873 an

1158 2895 1256 2917 ovum
1269 2885 1451 2918 faecundum
1475 2885 1511 2919 sit
1521 2885 1643 2920 animal
1655 2911 1666 2927 ‚
1687 2887 1733 2920 est
1752 2898 1885 2930 quaerere
1897 2909 1908 2925 ‚
1924 2898 1964 2921 an
1979 2889 2017 2923 iit

1157 2935 1266 2967 anima
1286 2934 1431 2968 sensitiva
1449 2936 1630 2969 animatum
1652 2960 1663 2976 ‚
1683 2937 1717 2970 δε
1741 2937 1850 2972 vivum
1863 2963 1871 2970 .
1893 2938 2015 2985 Qiaero

1155 2984 1252 3028 ergo,
1273 2995 1313 3017 an
1328 2985 1365 3019 sit
1380 2985 1491 3019 vivum
1507 3010 1517 3025 ,
1528 2996 1569 3018 an
1582 2986 1617 3019 sit
1629 2987 1808 3021 animatum
1825 2999 1887 3028 ‚an
1898 2988 1934 3022 sit
1945 2989 2014 3022 ani·

1155 3035 1220 3068 nial
1230 3059 1242 3075 ,
1267 3045 1306 3068 an
1320 3034 1354 3068 sit
1366 3033 1523 3069 brutum?
1545 3034 1624 3069 Non
1636 3045 1743 3071 tamen
1766 3048 1873 3082 quaero
1885 3061 1896 3077 ‚
1916 3048 1957 3071 an
1969 3038 2015 3072 vi·

1152 3084 1250 3123 deat,
1274 3095 1316 3117 an
1338 3085 1471 3126 audiat,
1491 3097 1534 3119 an
1561 3095 1673 3130 tangat
1693 3111 1707 3128 ,
1726 3088 1787 3122 ἃς.
1806 3088 1818 3120 2
1841 3087 1945 3129 Non,
1966 3088 2013 3122 in-

1151 3145 1248 3178 quam
1260 3157 1271 3172 ,
1282 3144 1388 3176 quaero
1403 3158 1413 3173 ‚
1433 3146 1475 3168 an
1491 3135 1527 3168 fit
1542 3136 1678 3172 visivam
1690 3161 1700 3177 ,
1725 3139 1877 3174 taiiivum
1889 3161 1900 3177 ‚
1923 3138 2015 3172 audi-

1151 3185 1259 3222 tivum
1271 3208 1281 3224 ,
1307 3185 1368 3218 &c.
1383 3184 1401 3215 ἒ
1426 3184 1558 3218 Etenim
1570 3183 1634 3220 hoc
1655 3187 1699 3220 est
1712 3199 1857 3229 certum,
1879 3188 1910 3221 ὅ(
1923 3197 2011 3222 extra

1150 3244 1284 3268 omnem
1306 3232 1533 3269 rationabilem
1565 3237 1818 3271 controversiam
1847 3238 2013 3281 positum,

1151 3283 1230 3318 illud
1249 3282 1324 3319 vero
1335 3283 1381 3316 est
1402 3284 1561 3319 incertum
1573 3310 1585 3327 ,
1603 3296 1639 3320 ac
1651 3287 1805 3321 rationali
1826 3297 2014 3325 controver-

1151 3334 1198 3366 siae
1221 3332 1415 3376 subjectum.

1201 3382 1233 3418 6.
1267 3384 1377 3418 Veram
1388 3392 1491 3419 contra
1511 3383 1576 3420 baec
1587 3384 1720 3421 obilcies:
1750 3387 1822 3423 Esse
1833 3387 1956 3422 animal
1968 3387 2012 3421 est

1907 3439 1967 3471 esse
