2384 3770
794 139 1467 195 DEFENSIONIS.

268 223 349 260 vero
361 224 453 259 illam
465 224 482 259 ὲ
493 224 573 261 locis
583 224 623 261 ad
634 235 734 261 unam
746 226 798 261 vel
810 227 888 262 duas
899 225 1005 261 leucas
1015 225 1032 258 a
1044 224 1121 259 civi-

268 284 336 309 tate
346 276 497 316 remotis,
522 275 691 320 apparebat
704 287 772 319 tota
789 278 932 311 candens
948 276 1096 320 &ignita
1108 301 1115 307 .

269 324 395 366 Eadem
404 326 445 360 de
456 328 559 367 caussa
571 327 623 360 via
635 327 752 366 lastea,
764 337 862 370 quam
874 324 972 360 credo
984 326 1045 359 effe
1058 336 1123 360 coe·

270 373 380 408 lestem
402 376 565 423 quandam
589 376 728 419 plateam
748 375 877 410 diverfis
899 375 1032 410 stellulis
1044 386 1120 414 tam·

258 425 366 474 *quam
397 431 558 476 lapidibus
583 429 712 463 stratam
735 451 747 466 ‚
783 436 911 470 apparet
937 425 1032 463 nobis
1052 436 1122 460 tota

266 481 408 522 candida
429 479 591 523 aclafiea:
619 477 677 511 Ob
689 475 873 516 distantiam
893 475 964 519 ejus
985 486 1053 511 non
1072 475 1123 509 vi-

268 530 364 565 detur
374 527 402 572 -ὲ
426 530 521 569 nobis
532 527 694 568 stellarum
711 525 926 561 intertextura
936 525 1123 568 acinterpo·
1150 534 1151 538 ¹

267 580 389 619 latura.
419 579 546 618 Eodem
567 576 771 622 ergojurein
794 578 877 610 ferro
897 574 1073 615 candenti,
1100 574 1123 608 Γι

266 640 372 679 partes
383 624 552 663 luminosae
571 627 664 661 simul
685 628 832 670 &opacae
844 627 971 667 forent,
1000 624 1126 668 fiparti-

267 680 327 718 bus
336 679 446 722 opacis
472 679 580 713 forent
603 677 794 720 intextextae
813 676 1007 721 luminosae;
1029 684 1065 712 ut
1079 674 1125 708 lu-

258 725 401 764 'mino‘sae
418 728 612 766 illustrarent
635 738 753 771 opacas
773 751 783 768 ‚
818 724 971 769 deberent
994 724 1057 759 effe
1091 725 1125 758 in

267 789 404 818 numero
444 777 542 823 longe
575 777 689 820 majori
715 789 723 808 ε
767 775 900 810 Etenim
928 773 983 810 hic
1008 774 1127 809 recurri

266 839 337 870 non
355 828 460 873 potest
481 825 520 862 a‘d
533 827 740 869 distantiam.
768 824 930 870 Adeoque
945 849 957 865 ‚
986 825 1008 858 fi
1022 835 1128 867 opacae

255 878 328 917 fixit
348 877 415 918 tam
434 877 572 922 copiosae
594 888 634 911 ac
656 877 730 910 sunt
751 875 925 909 luminosae
944 897 955 914 ‚
995 884 1127 925 appare-

265 938 300 967 re
347 927 443 965 debet
465 928 674 968 intertextum
692 950 703 966 ,
742 936 891 969 apparere
912 923 1032 966 debent
1063 934 1128 972 par-

253 974 314 1013 >tes
325 989 448 1022 opacae.
475 976 600 1020 Atqui,
626 976 649 1009 fi
670 975 704 1009 in
723 975 807 1009 ferro
830 975 986 1008 candenti
1011 974 1125 1018 eande-

264 1037 312 1069 ret
334 1027 421 1063 solus
441 1025 595 1070 potorum
615 1037 668 1060 aer
699 1049 709 1064 ‚
725 1024 817 1058 simul
840 1023 969 1058 fortaffe
994 1034 1130 1057 cumex-

264 1077 345 1119 tima
367 1076 555 1120 perosorum
575 1076 710 1119 laterum
731 1075 898 1119 superficie
915 1077 927 1117 (
950 1072 1014 1108 hoc
1038 1072 1127 1108 enim

264 1125 356 1169 addit
369 1127 412 1161 D.
424 1126 615 1171 Plempius)
626 1135 730 1169 partes
750 1136 859 1168 opacae
883 1124 918 1158 in
944 1124 1028 1158 ferro
1050 1134 1124 1157 can-

263 1177 358 1214 denti
378 1178 487 1217 forent
514 1188 583 1211 non
605 1171 711 1210 solum
736 1173 826 1218 aeque
845 1174 1047 1213 numerosae,
1074 1172 1126 1206 sed

262 1227 370 1269 forent
396 1226 538 1270 partibus
559 1225 726 1270 luminosis
749 1224 905 1259 infinities
931 1222 1126 1257 numerofio·

263 1287 312 1310 res
322 1302 330 1310 .
358 1273 449 1321 Ergo
458 1301 470 1320 ,
481 1286 517 1320 ut
532 1276 614 1310 bene
627 1273 877 1319 philosophatur
891 1273 1046 1306 Thomas
1057 1274 1084 1306 F
1087 1273 1127 1306 ie·

261 1338 349 1368 nus,
373 1326 433 1368 illa:
448 1335 552 1370 partes
572 1325 725 1360 deberent
746 1334 918 1368 apparete,
943 1324 976 1357 ὅ(
997 1322 1058 1356 ess'e
1083 1322 1129 1355 ni-

288 1388 327 1410 rae
347 1401 355 1408 .
382 1377 487 1420 Atqui
508 1375 574 1417 hoc
602 1387 671 1418 non
694 1375 731 1408 fit
751 1373 879 1419 {Ergo
904 1373 1031 1418 signum
1056 1371 1099 1405 est
1116 1395 1126 1411 ‚

263 1437 377 1471 ignem
390 1438 458 1461 non
470 1426 533 1467 effe
555 1426 660 1467 solum
684 1425 719 1459 in
732 1423 805 1459 ferri
827 1422 932 1468 poris;
962 1422 1014 1456 sed
1029 1422 1127 1456 etiam

260 1476 297 1516 in
309 1476 433 1515 intimis
443 1476 508 1519 ejus
521 1476 671 1514 medullis
684 1499 695 1515 ,
708 1485 745 1507 ac
760 1472 980 1517 penetralibus
993 1497 1000 1504 .
1027 1475 1065 1511 ln
1077 1469 1128 1513 hoc

260 1523 392 1568 discursu
401 1523 497 1564 major
507 1525 545 1563 est
552 1527 650 1557 clam:
666 1524 799 1555 Etenim
810 1522 866 1563 qui
878 1521 969 1553 illam
984 1530 1127 1565 negaret,

259 1583 392 1620 negaret
403 1574 503 1608 fidem
516 1584 583 1607 non
594 1571 653 1606 soli
666 1568 759 1610 mihi,
771 1569 822 1602 sed
833 1570 866 1602 δε
878 1570 1046 1603 communi
1058 1581 1126 1603 om-

262 1624 355 1659 nIum
365 1623 588 1667 experientiae.
616 1618 831 1663 Consequentia
849 1620 918 1651 ver&
931 1616 1122 1661 estfhrmalis-

253 1673 347 1717 fima:
377 1673 453 1718 Ego
464 1673 578 1706 saltem
591 1671 625 1705 in
639 1681 677 1704 ea
690 1669 818 1704 nullum
829 1666 926 1701 video
939 1691 949 1708 ,
977 1675 1032 1700 aut
1043 1667 1124 1701 olfa-

260 1724 316 1762 cio
327 1724 443 1765 vitium
459 1747 467 1756 .
497 1726 543 1755 De
563 1726 670 1755 minori
694 1729 793 1753 autem
805 1723 870 1761 quis
892 1716 1007 1761 dubiret
1019 1718 1036 1749 ,ἓ
1063 1717 1123 1753 Et—

259 1772 482 1808 enimferrum
503 1771 620 1806 scateat
643 1769 826 1815 &abundet
848 1767 932 1811 poris
954 1777 1042 1802 tanta
1055 1769 1124 1801 sca·-

262 1822 407 1867 turigine
418 1847 429 1863 ,
455 1832 610 1865 tantaque
620 1819 797 1855 abundatia
811 1843 821 1858 ‚
836 1829 958 1863 quanta
971 1817 1122 1859 volueris3

260 1873 352 1912 fateri
364 1882 474 1914 tamn
487 1872 583 1914 debes
595 1895 605 1911 ‚
618 1870 707 1918 quod
722 1870 756 1903 in
766 1870 852 1903 ferro
864 1867 926 1901 fint
939 1868 1043 1914 plures
1055 1878 1122 1911 par-

260 1932 308 1956 tes
332 1920 706 1967 ferreae'fflqmntin'uae,
732 1930 828 1963 quam
852 1917 1069 1961 discontiguae
1090 1917 1123 1950 &

259 1971 381 2015 perosae
401 1983 409 2003 :
435 1970 540 2053 ᾟιοᾶ
561 1968 618 2004 sub
642 1969 844 2012 dimensione
865 1967 971 2011 pedali
997 1967 1068 2009 plus
1088 1968 1122 2000 sit

259 2019 445 2055 substantiae
477 2031 568 2054 erreae
590 2045 600 2060 ,
616 2026 618 2028 ’
637 2030 739 2063 quam
764 2018 850 2064 intra
874 2028 970 2060 poros
997 2014 1123 2051 inelusae

259 2070 442 2105 substantia:
453 2082 566 2105 aereae.
597 2066 730 2104 Etenim
744 2069 817 2111 quis
834 2066 898 2101 hoc
915 2077 1031 2110 negare
1050 2078 1121 2107 prae-

257 2122 417 2159 sumeret?
446 2119 535 2167 Ergo
555 2120 653 2153 etiam
674 2119 765 2152 fateri
791 2117 912 2156 debes,
938 2116 1025 2158 quod
1050 2115 1121 2148 siin

256 2170 342 2204 ferro
352 2169 507 2210 candenti
518 2167 671 2208 canderet
684 2166 771 2207 solus
784 2166 917 2208 porosus
929 2176 982 2198 aer
995 2188 1006 2204 ‚
1031 2163 1121 2197 simul

257 2220 387 2252 fortaffe
399 2228 475 2251 cum
488 2218 611 2250 extima
631 2217 820 2258 poroibrum
839 2214 996 2255 parietum
1012 2214 1120 2254 super—

257 2268 332 2307 ficie
345 2291 356 2307 ,
383 2267 417 2306 in
429 2267 513 2299 ferro
526 2264 679 2306 candenti
695 2264 800 2305 plures
814 2263 923 2296 forent
935 2270 1037 2304 partes
1049 2272 1122 2303 opa-

257 2328 302 2356 τε
315 2341 327 2358 ,
351 2327 448 2360 quam
463 2315 648 2357 luminosae.
677 2312 800 2358 Qod,
830 2311 879 2344 uti
890 2312 954 2353 jam
969 2310 1122 2349 ostendi,

257 2366 386 2404 videtur
408 2367 471 2404 effe
492 2364 633 2399 omnino
654 2361 826 2397 absurdum
840 2385 848 2393 .
879 2361 1016 2394 Certum
1042 2359 1121 2404 ergo

256 2416 409 2461 videtur,
436 2415 546 2460 ignem
569 2412 706 2448 insidere
724 2423 792 2446 non
817 2410 894 2454 solis
918 2410 989 2444 ferri
1014 2409 1099 2454 poris
1113 2432 1123 2448 ,

255 2466 311 2507 sed
332 2466 367 2510 ὃς
381 2465 504 2509 intimis
528 2464 597 2507 ejus
610 2461 845 2506 penetralibus.

308 2527 362 2562 13.
375 2515 434 2549 Ast
448 2515 512 2549 hoc
523 2513 545 2546 fi
560 2524 672 2555 verum
682 2512 727 2546 est
743 2535 754 2552 ,
767 2509 939 2555 quomodo
953 2508 1119 2552 evadimus

255 2564 436 2617 periculum
447 2563 699 2609 penetrationis?
725 2562 807 2605 Sane
820 2572 888 2594 non
902 2560 958 2593 nisi
971 2570 1025 2603 per
1034 2560 1118 2594 viam

254 2616 398 2658 aliquam
408 2613 604 2661 paradoxam
617 2624 654 2650 ac
665 2609 817 2646 haetenus
830 2610 1011 2644 inauditam
1024 2634 1031 2642 .
1050 2611 1116 2644 No·

256 2666 290 2698 lo
301 2673 409 2697 tamen
422 2661 509 2705 sequi
520 2662 719 2695 Fienismum
733 2685 743 2699 ‚
769 2659 849 2694 nolo
859 2659 966 2695 dicere
976 2661 1117 2694 formam

254 2714 343 2759 ignis
354 2712 611 2758 seuigneitatem
634 2711 696 2743 esse
717 2709 886 2743 accidens.
915 2709 1048 2743 Etenim
1061 2709 1114 2744 ho·

252 2759 382 2798 minum
395 2762 513 2796 animis
527 2762 623 2794 nimis
634 2760 772 2801 infixum
783 2759 828 2792 est
841 2782 852 2798 ,
871 2760 1011 2792 formam
1023 2758 1113 2794 istam

252 2814 316 2849 effe
329 2812 540 2847 substantiam
551 2836 559 2844 .
588 2811 669 2845 Hoc
691 2810 799 2851 itaque
811 2810 910 2842 etiam
934 2810 1090 2852 profiteor
1102 2823 1113 2843 .-

254 2861 469 2903 Acommuni
483 2861 545 2906 hac
566 2861 620 2902 via
639 2869 846 2902 nequaquam
867 2858 1003 2892 deflecto
1016 2882 1023 2890 .
1052 2858 1111 2903 Ast

253 2914 312 2957 qui
334 2912 440 2946 evado
467 2920 640 2955 corporum
667 2907 924 2952 penetrationem
947 2909 960 2941 ἓ
997 2908 1112 2943 Evado

253 2961 503 3006 quamoptime.
532 2961 630 3005 Nego
642 2959 753 3005 ignem
777 2958 882 2992 traiici
909 2968 962 3001 per
972 2959 1111 3005 ferrum³

253 3011 336 3047 illud
349 3008 416 3046 non
429 3010 637 3046 concidendo
659 3020 714 3043 aut
732 3008 950 3051 dirumpendo
961 3032 972 3049 ‚
997 3008 1050 3042 sed
1063 3020 1112 3043 to·

253 3071 325 3103 tum
339 3061 541 3106 pervadendo
553 3061 587 3094 δι
597 3058 785 3104 implend03
813 3057 960 3100 utisupra
974 3058 1111 3102 positum

254 3111 388 3155 putabat
400 3120 627 3157 argumentum
642 3134 650 3141 .
678 3108 811 3142 Etenim
825 3108 911 3152 ignis
923 3107 968 3141 est
980 3118 1111 3151 compo-

253 3163 348 3195 situm
368 3172 409 3194 ex
427 3160 559 3195 materia
578 3161 610 3201 ὃς
622 3161 724 3203 forma
738 3182 748 3198 ,
774 3157 862 3202 quod
882 3158 927 3191 ita
950 3168 1005 3200 per
1020 3157 1109 3192 aliud

252 3210 469 3253 compositum
483 3210 589 3244 traiici
620 3219 827 3252 nequaquam
858 3207 960 3253 potest
983 3232 991 3249 ·‚
1019 3208 1108 3242 Dico

251 3262 352 3301 item,
380 3271 432 3302 per
442 3268 551 3293 totum
561 3261 678 3301 ferrum
690 3257 794 3292 traiici
815 3268 883 3291 non
905 3256 1010 3290 solum
1023 3258 1108 3292 calo-

251 3322 347 3350 rem-7
373 3309 475 3353 quue
495 3307 539 3342 ob
558 3310 714 3344 rationem
735 3307 827 3351 supra
851 3307 1042 3350 allegatam,
1069 3318 1106 3341 ac

254 3358 425 3406 praesertim
444 3358 489 3392 ob
509 3359 732 3393 austeritatem
754 3357 851 3391 sanffi
869 3355 903 3389 Ρ.
925 3356 1106 3401 Augustini

253 3410 364 3450 statim
385 3408 590 3453 allegandam
604 3433 611 3439 .
638 3410 727 3443 Dico
749 3405 828 3451 ergo
854 3417 908 3449 per
927 3414 1034 3441 totum
1048 3408 1107 3441 fer·

254 3470 325 3498 tum
348 3459 450 3493 traiici
473 3458 610 3491 formam
628 3458 715 3502 ignis
736 3456 995 3500 substantialem;
1020 3457 1107 3493 &ab

354 3507 460 3549 Christ.
474 3511 555 3553 Lupi
586 3511 685 3551 Opera
701 3511 789 3542 Tomo
800 3509 873 3548 XII.

1923 162 2019 207 349

1198 238 1234 261 ea
1247 225 1292 259 ita
1310 227 1433 271 trajecta
1453 235 1561 263 totum
1583 230 1701 266 ferrum
1716 231 1830 276 igniri,
1855 230 1992 267 candere
2017 234 2051 274 ὃς

1201 275 1413 314 inflammari.
1441 278 1530 312 Dico
1540 288 1594 320 per
1607 289 1713 319 totum
1733 283 1850 316 ferrum
1871 281 2052 319 traiicifor-

1201 336 1287 369 mam
1300 326 1386 371 ignis
1398 326 1638 361 substantialem
1649 353 1659 368 ‚
1687 343 1754 366 non
1766 332 1916 375 expulsa,
1939 331 1992 366 sed
2004 331 2052 366 in-

1201 376 1324 419 columi
1336 377 1370 411 ὅ(
1380 376 1465 410 salva
1476 375 1677 414 substantiali
1689 382 1789 415 forma
1802 383 1874 416 ferri
1886 408 1893 415 .
1917 382 2050 418 Etenim

1201 437 1258 460 cur
1270 426 1340 460 duae
1352 427 1571 461 substantiales
1584 438 1652 461 non
1665 427 1873 466 subordinate
1885 435 1995 467 formae
2003 433 2051 465 fo-

1201 486 1273 510 rent
1287 476 1321 509 in
1343 477 1457 511 eadem
1482 476 1614 511 materia
1640 477 1735 511 simul
1760 480 2028 525 incompoffibiles
2037 505 2051 526 ‚

1201 536 1265 574 ego
1277 537 1442 570 nunquam
1455 525 1543 565 vidi,
1553 538 1722 570 nunquam
1735 530 1871 563 credidi.
1900 532 1975 566 Scio
1987 531 2050 565 hoc

1201 577 1312 610 meum
1325 574 1446 610 dietum
1460 577 1522 610 effe
1534 577 1597 611 fere*
1609 574 1807 620 paradoxum
1819 602 1826 610 .
1853 580 1995 616 Videtur
2005 591 2053 614 ta-

1201 636 1276 659 men
1289 627 1352 660 efle
1363 627 1461 660 sancti
1475 625 1650 671 Augustini
1661 628 1682 661 l.
1692 637 1750 662 21-
1761 628 1799 661 de
1809 630 1904 662 Civit.
1916 641 1939 663 c.
1955 642 1989 676 4.
2000 630 2052 664 hIs

1202 674 1318 710 verbis:
1349 681 1519 719 Intuenmur
1529 678 1621 710 etiam
1635 677 1807 710 miraculum
1817 679 1925 712 calcis:
1952 683 2055 713 Eme*

1195 733 1248 767 pto
1257 737 1287 758 eo
1302 751 1313 767 ,
1340 728 1378 760 de
1390 738 1446 769 quo
1465 730 1526 759 iam
1534 726 1613 769 satis
1625 727 1756 760 diximus
1767 750 1779 766 ‚
1804 729 1884 769 quod
1902 732 1967 772 igne
1987 739 2054 761 can-

1199 774 1300 818 descat
1311 800 1323 816 ,
1348 787 1402 818 quo
1414 777 1475 808 alia
1487 772 1566 809 teti-a
1588 777 1755 810 redduntur
1768 799 1778 815 ,
1803 778 1895 809 etiam
1915 779 2057 819 occultiffi·

1198 827 1244 858 md
1256 830 1352 868 ignem
1364 826 1401 858 ab
1413 831 1478 868 igne
1498 831 1621 868 concipit
1632 849 1639 857 .
1665 829 1804 868 Eumque
1810 828 1878 866 jam
1885 828 1973 870 gleba
1987 837 2055 860 tan·

1192 875 1333 918 gentibus
1339 874 1458 918 frigida
1469 884 1534 908 tam
1549 877 1676 909 latenter
1682 876 1787 918 servat
1799 900 1810 916 ,
1836 885 1870 909 ut
1878 877 1953 912 nulli
1965 878 2058 916 nostro

1194 922 1293 966 finsui
1309 923 1432 968 prorsus
1445 933 1593 967 appareat
1604 949 1615 965 ‚
1638 924 1694 968 fied
1700 934 1864 968 compertus
1877 931 2059 969 experimen·

1196 983 1226 1006 to
1236 995 1248 1012 ,
1271 980 1362 1008 etiam
1375 976 1445 1007 dum
1459 987 1515 1007 non
1530 984 1659 1017 apparet
1668 998 1679 1014 ‚
1698 974 1813 1018 sciatur
1825 977 1910 1019 ineffe
1919 975 2033 1020 fhpitus
2046 999 2056 1008 .

1197 1025 1321 1066 Propter
1343 1026 1424 1067 quod
1441 1036 1507 1061 eam
1526 1026 1630 1058 calcem
1650 1031 1761 1059 vivam
1784 1026 1926 1069 loquimur
1938 1050 1949 1066 ‚
1975 1026 2058 1060 velut

1198 1071 1258 1115 ipse
1279 1079 1357 1118 ignis
1367 1076 1465 1108 latens
1479 1098 1490 1114 ‚
1514 1080 1618 1108 anima
1632 1073 1672 1117 fit
1689 1073 1846 1116 invifibilis
1861 1075 1987 1117 visibilis
1998 1087 2059 1110 cor-

1193 1128 1295 1164 poris.
1317 1127 1403 1169 Jam
1425 1135 1495 1157 vero
1515 1136 1605 1166 quam
1623 1130 1732 1158 mirum
1748 1124 1807 1166 est,
1831 1126 1911 1168 quod
1920 1137 1985 1159 cum
2006 1137 2060 1160 ex-

1190 1171 1370 1216 stinguitur,
1397 1181 1467 1207 tunc
1485 1169 1675 1208 accenditur?
1708 1178 1745 1207 Ue
1766 1179 1846 1208 enim
1866 1176 1970 1209 occulto
1993 1179 2060 1219 igne

1196 1233 1295 1257 careat
1308 1247 1320 1264 ,
1346 1235 1435 1266 aquae
1461 1222 1636 1265 infunditur
1659 1247 1671 1264 ,
1695 1234 1816 1266 aquave
1833 1224 2055 1266 perfunditur,

1196 1272 1302 1314 &cum
1315 1272 1429 1314 antefit
1442 1272 1586 1317 frigida,
1609 1274 1680 1307 inde
1696 1271 1864 1316 fervescit,
1890 1275 1969 1308 unde
1985 1274 2059 1315 fer-

1199 1328 1304 1356 ventia
1321 1324 1428 1357 cundia
1441 1322 1605 1367 frigescunt
1619 1349 1625 1356 .
1652 1325 1739 1357 Velut
1756 1322 1931 1367 exspirante
1943 1327 2010 1368 ergit
2024 1326 2059 1357 il·

1198 1373 1229 1406 la
1234 1372 1323 1417 gleba
1334 1396 1346 1412 ‚
1369 1372 1518 1416 discedens
1539 1378 1633 1418 ignis,
1663 1379 1715 1416 qui
1739 1373 1854 1407 latebat
1867 1398 1877 1415 ,
1903 1381 2034 1416 apparet
2050 1397 2062 1413 ,

1199 1433 1234 1456 ac
1245 1424 1354 1462 deinde
1369 1432 1523 1466 tamquam
1544 1431 1659 1458 mortua
1675 1422 1714 1464 fic
1718 1422 1842 1466 frigida
1852 1422 1890 1463 est
1900 1447 1912 1464 ‚
1938 1431 1970 1456 nt
1980 1424 2061 1456 adie⁴

1201 1472 1249 1505 ila
1258 1485 1339 1516 aqua
1349 1484 1407 1507 non
1412 1473 1451 1515 fit
1465 1471 1571 1517 arsura
1580 1497 1592 1514 ,
1618 1475 1653 1508 θ
1664 1484 1755 1519 quam
1763 1475 1870 1507 calcem
1882 1473 2059 1508 vocabamus

1200 1528 1330 1564 vivam,
1354 1533 1490 1557 vocemus·
1515 1523 1689 1563 exstim'lam
1699 1547 1707 1555 .
1733 1524 1858 1557 Omnia
1877 1520 1964 1564 haec,
1991 1534 2063 1564 quas

1200 1571 1282 1606 dicit
1305 1572 1511 1615 Augustinus
1534 1572 1575 1606 de
1589 1573 1678 1606 calce
1700 1584 1756 1615 per
1781 1573 1892 1616 ignem
1912 1573 2035 1607 viventi
2051 1596 2062 1611 ‚

1201 1618 1279 1663 quid
1297 1620 1332 1654 ni
1356 1620 1421 1664 e'go
1434 1619 1694 1663 Augustinianus
1715 1620 1823 1653 dicam
1849 1621 1889 1654 de
1900 1624 1986 1655 ferro
2008 1631 2063 1664 per

1202 1668 1314 1712 ignem
1327 1669 1479 1713 candenti
1492 1670 1504 1701 ?
1524 1668 1644 1702 Dicam
1657 1666 1732 1701 sane
1742 1669 1902 1702 omnino:
1933 1669 2065 1705 Utrius-

1200 1729 1264 1761 que
1274 1718 1363 1761 ,euim
1387 1718 1431 1753 est
1442 1717 1626 1762 pariformis
1645 1729 1682 1756 ac
1694 1716 1808 1752 eadem
1822 1719 1905 1752 ratio
1915 1742 1923 1751 .
1952 1720 2059 1762 Atqui

1200 1768 1233 1802 S.
1244 1768 1449 1814 Augustinus
1458 1768 1543 1803 dicit
1563 1768 1599 1802 in
1608 1767 1698 1802 calce
1710 1766 1831 1804 viventi
1843 1770 1905 1802 effe
1928 1780 1996 1803 non
2008 1769 2058 1804 so-

1200 1818 1267 1852 lum
1279 1819 1439 1860 calorem,
1469 1818 1523 1852 sed
1535 1818 1634 1852 etiam
1646 1817 1756 1861 ignem
1769 1841 1780 1858 ‚
1808 1828 1903 1866 quern
1927 1818 1971 1854 ab
1979 1819 2057 1863 igne
2075 1862 2079 1866 N

1198 1867 1412 1902 occultiffime
1423 1867 1567 1910 concipit
1578 1879 1593 1908 ;
1618 1868 1738 1910 quique
1749 1867 1784 1900 in
1794 1867 1848 1902 illa
1862 1893 1873 1909 ‚
1900 1867 1975 1902 licet
1988 1881 2055 1903 non
2080 1867 2082 1869 “

1197 1927 1370 1965 appareat,
1395 1917 1492 1960 scitur
1512 1927 1619 1950 tamen
1641 1918 1703 1951 effe
1712 1911 1973 1963 sopitus:'Erg6
1998 1919 2057 1953 idi-

1197 1968 1289 2010 psum
1305 1978 1370 2012 ego
1388 1966 1464 2000 dico
1480 1966 1520 2000 de
1533 1967 1617 2000 ferro
1629 1966 1801 2000 candenti.
1835 1968 1916 2002 Item
1930 1969 2056 2002 sanstus

1198 2014 1403 2066 'Augustinus
1420 2016 1502 2051 dicit
1515 2016 1625 2061 ignem
1637 2016 1699 2051 effe
1709 2016 1743 2049 in
1757 2015 1846 2052 calce
1857 2042 1868 2058 ,
1894 2029 1962 2052 non
1975 2018 2055 2052 ficut

1196 2065 1340 2101 locatum
1360 2067 1395 2100 in
1416 2067 1493 2100 loeo
1506 2089 1518 2106 ,
1542 2066 1596 2100 sed
1617 2067 1694 2101 ficut
1715 2068 1858 2101 animam
1882 2068 2052 2102 invisibilis

1195 2116 1340 2157 corporis
1349 2128 1360 2148 .·
1389 2115 1480 2158 Ergo
1493 2116 1588 2150 sentit
1600 2115 1690 2150 illam
1701 2117 1763 2151 esse
1772 2117 1805 2150 in
1818 2117 1906 2151 calce
1919 2130 1986 2152 non
2001 2129 2054 2161 per

1194 2162 1370 2205 {implicem
1383 2164 1642 2206 penetrationem
1653 2186 1663 2201 ‚
1676 2166 1727 2198 sed
1739 2177 1795 2207 per
1807 2177 1915 2200 veram
1927 2179 1965 2202 ac
1974 2167 2056 2211 phy·

1194 2212 1289 2255 (icam
1302 2213 1569 2245 informationem
1581 2236 1589 2244 .
1616 2212 1653 2244 Id
1665 2212 1770 2255 ipsum
1781 2223 1844 2258 ego
1854 2214 1930 2250 dico
1943 2217 1984 2251 de
1994 2217 2055 2251 fer-

1194 2271 1229 2297 ro,
1240 2260 1392 2294 candenti
1405 2284 1416 2300 ,
1445 2260 1561 2306 Quaere
1581 2261 1661 2305 ergo
1679 2261 1768 2295 aliud
1791 2264 1923 2306 separati
1947 2266 2056 2310 quoad

1192 2310 1388 2344 astivitatem
1400 2309 1604 2344 instrumenti
1615 2310 1801 2353 exemplum
1812 2311 1829 2343 :¹
1852 2312 1985 2350 Etenim
1999 2315 2055 2350 hie

1192 2370 1266 2394 tuus
1276 2358 1364 2393 calor
1383 2369 1586 2403 nequaquam
1604 2359 1649 2393 est
1666 2359 1746 2394 tale.
1777 2360 1838 2394 Ast
1861 2362 1902 2396 de
1917 2361 1978 2398 hac
1991 2366 2052 2400 for·

1190 2420 1315 2449 marum
1338 2408 1635 2453 compatibilitate,
1659 2409 1740 2444 alibi
1763 2410 1951 2451 liberalius.

1322 2509 1354 2544 G
1403 2507 1436 2543 A
1490 2507 1517 2542 P
1566 2508 1600 2541 U
1650 2506 1689 2541 'P
1787 2513 1822 2544 X
1836 2511 1851 2545 1
1865 2511 1917 2545 11.

1210 2610 1418 2643 Examinatur
1438 2610 1618 2652 oppugnatio
1642 2619 1710 2642 mea
1731 2609 1871 2655 secundae
1895 2616 2025 2647 ratlann

1514 2659 1716 2710 principalis,

1191 2770 1219 2796 1.
1303 2757 1513 2802 Rincipalem
1538 2769 1644 2795 meam
1670 2758 1915 2794 conclusionem
1942 2785 1954 2801 ,
1982 2773 2053 2805 quae

1325 2808 1453 2843 dicebat
1464 2810 1604 2855 caullam
1619 2808 1842 2853 principaliter
1852 2810 1907 2844 ovi
1921 2813 2052 2846 confor-

1189 2860 1371 2894 mationem
1384 2857 1598 2898 inchoantem
1609 2860 1670 2893 ess'e
1681 2859 1822 2903 aliquam
1835 2870 1901 2894 ovo
1912 2861 2051 2897 infiden-

1187 2919 1252 2944 tem
1272 2910 1415 2943 animam
1428 2933 1438 2949 ,
1464 2909 1654 2945 confirmavi
1678 2908 1785 2943 adhuc
1811 2907 1870 2943 hac
1893 2911 2023 2945 ratione
2037 2925 2046 2944 ε

1190 2958 1312 2994 Eadem
1324 2959 1429 2993 caussa
1439 2959 1736 2993 conformationem
1747 2959 1803 2992 ovi
1816 2984 1826 2999 ,
1839 2959 1902 2993 five
1914 2960 2046 2994 confor-

1186 3009 1367 3052 mationem
1388 3008 1468 3052 pulli
1492 3009 1577 3042 intra
1601 3008 1659 3042 ovi
1682 3010 1839 3043 corticem
1863 3009 1975 3044 incluti
1996 3010 2045 3044 in·

1184 3058 1303 3100 choat‚
1329 3070 1400 3102 quae
1412 3058 1709 3092 conformationem
1732 3058 1811 3101 pulli
1834 3058 1897 3101 jam
1909 3070 1977 3093 ovo
1989 3071 2043 3093 ex-

1184 3109 1258 3146 clusi
1271 3107 1396 3152 perficit
1406 3131 1418 3148 ‚
1431 3109 1575 3155 complet
1586 3131 1598 3148 ,
1609 3119 1646 3142 ac
1656 3109 1863 3144 consummat
1874 3122 1886 3142 .·
1900 3109 2044 3144 Consor-

1184 3159 1288 3193 matio
1298 3157 1389 3192 enim
1402 3156 1481 3201 pulli
1496 3169 1563 3192 ovo
1574 3154 1694 3192 exclusi
1716 3156 1823 3192 adhuc
1836 3158 1932 3192 valde
1941 3160 2043 3194 infov-

1182 3209 1244 3248 mis
1255 3233 1266 3249 ,
1291 3208 1326 3242 δε
1338 3208 1522 3250 imperfecta
1534 3207 1603 3250 est,·.
1631 3218 1708 3251 caro
1729 3207 1836 3242 adhuc
1857 3208 1943 3242 fluxa
1953 3232 1964 3248 ‚
1991 3219 2040 3244 to-

1180 3269 1277 3302 taque
1287 3255 1422 3291 humida
1441 3257 1474 3290 δε
1486 3258 1606 3292 viscosa
1619 3269 1629 3300 ;
1654 3259 1721 3291 offa
1733 3258 1835 3303 magis
1857 3257 2015 3303 cartilago
2026 3283 2039 3300 ,

1179 3319 1279 3351 quam
1301 3307 1368 3350 ossa
1380 3331 1389 3340 .
1419 3306 1480 3340 Illa
1503 3306 1581 3351 ergo
1605 3309 1710 3341 caufla
1738 3309 2038 3343 conformationem

1177 3359 1235 3392 ovi
1248 3359 1331 3391 intra
1344 3356 1499 3391 corticem
1509 3356 1642 3391 inchoat
1652 3381 1663 3398 ‚
1690 3368 1760 3400 quae
1772 3357 1979 3400 postmodum
1988 3360 2038 3391 os-

1177 3408 1229 3447 sa,
1243 3418 1391 3446 carnem,
1405 3417 1542 3451 nervos,
1571 3407 1695 3450 plumas
1707 3430 1718 3448 ‚
1745 3417 1892 3451 ungues,
1910 3409 2035 3449 aliaque

1177 3456 1326 3494 membra
1336 3457 1368 3492 δε
1380 3467 1504 3502 organa
1514 3455 1698 3493 consolidat
1711 3480 1722 3498 ,
1732 3457 1870 3500 perficit,
1882 3466 2034 3499 augmen·

1620 3506 1654 3539 G
1669 3516 1694 3551 g
1741 3515 1764 3551 3
1913 3515 1981 3539 tat:
2037 3513 2041 3516 “
