2384 3770
823 106 868 151 D
887 122 909 149 n
948 105 1181 151 Sn12‘120s'1
1198 120 1233 150 τ.
1272 106 1521 153 Disiun‘

288 200 341 227 tur
352 189 530 224 fimulcum
543 190 607 224 suis
627 189 900 236 singularitatibus
913 215 926 231 ‚
951 192 985 225 δε
996 192 1155 234 quatenus

287 242 362 276 sunt
374 239 462 274 vocis
471 241 659 275 communis
669 241 849 286 significata
863 241 1064 274 secundaria.
1090 240 1154 275 Hae

283 300 365 375 Ergo
374 289 444 373 iguo
456 291 688 336 suppositiones
695 302 763 325 non
774 289 983 331 coincidunt,
1009 289 1063 325 sed
1078 291 1153 327 sunt

310 350 375 374 iver
390 351 414 374 ae
425 364 433 374 .

469 488 814 545 *DU131UM
870 490 942 526 IV.

467 643 515 674 De
539 641 733 685 Suppofitlone
756 639 932 683 dist'uncqiva
947 666 954 672 .

278 792 338 832 26·
451 790 635 835 Uppofitio
646 791 711 827 haec
721 786 821 827 etiam
829 791 954 826 diversa
964 789 1123 825 vocabula
1141 814 1152 830 ,

466 843 672 887 diversosque
688 843 805 876 titulos
817 840 913 876 habet
923 867 931 874 .
962 841 1110 875 Vocatur
1121 852 1149 874 e·

278 893 349 928 nim
362 892 536 937 suppositio
547 891 737 926 disiunaiva
746 915 758 930 ‚
785 891 960 934 suppositio
975 890 1149 935 particula·

186 966 190 968 >
241 970 244 972 -
271 942 340 983 εἰς,
362 941 537 986 suppositio
558 941 796 979 determinata,
817 941 991 976 disiunctio
1009 941 1071 974 ὅτε.
1084 941 1146 973 De-

278 991 367 1026 finir'i
380 989 532 1027 solethoc
543 991 660 1025 modo:
691 990 746 1026 Est
762 991 927 1034 usurpatio
948 991 1039 1024 vocis
1060 1000 1146 1024 c0m0

277 1043 386 1076 munis
404 1053 462 1085 pro
473 1038 754 1075 suisinferioribus
765 1064 776 1080 ,
804 1041 857 1074 seu
869 1040 1090 1075 denominatis
1101 1039 1145 1074 di-

277 1091 427 1127 fiunfflve
437 1091 663 1126 enumerandis
677 1102 732 1134 per
742 1089 1008 1132 conjunstionem
1031 1091 1147 1124 disiun—

276 1143 396 1176 aivam
415 1140 608 1175 dinan-{rive
634 1142 811 1184 sumptam.
841 1140 940 1175 Verb.
964 1150 1047 1184 grat.
1068 1151 1144 1173 cum

276 1192 375 1232 dico,
401 1194 489 1225 Homo
508 1191 545 1233 est
567 1190 675 1231 albus,
699 1191 811 1233 aliquis
836 1189 919 1224 bomo
941 1190 979 1230 est
1011 1190 1145 1230 animal,

275 1242 335 1275 &aa
355 1251 423 1275 tarn
445 1239 603 1282 subjesta,
625 1252 723 1283 quam
748 1238 917 1284 praedicata
942 1240 1146 1283 accipiuntur

274 1289 523 1333 particulariter:
545 1289 748 1333 accipiuntur
760 1292 878 1334 quippe
891 1301 948 1334 pro
962 1289 1023 1324 suis
1036 1290 1144 1323 inferi-

271 1338 584 1374 oribusdifiunfflve
597 1340 827 1373 enumerandis
853 1338 917 1374 hoc
941 1338 1064 1379 modo,
1086 1337 1143 1372 Pe-

272 1397 341 1423 trus
352 1388 398 1423 est
409 1388 518 1431 albus,
547 1389 596 1423 vel
607 1389 747 1432 Joannes
759 1389 804 1423 est
815 1388 907 1424 albus
918 1415 929 1430 ‚
957 1388 1007 1424 vel
1019 1386 1106 1422 Phili
1111 1400 1141 1432 p-

275 1439 516 1482 pusestalbus,
537 1440 599 1473 διε.
623 1439 741 1474 Homo
763 1439 808 1473 est
830 1439 897 1473 hoc
919 1439 1030 1473 album
1046 1463 1057 1478 ,
1090 1438 1142 1472 vel

271 1486 378 1523 homo
387 1488 433 1522 est
445 1488 525 1522 illud
537 1489 647 1522 album
664 1512 675 1528 ,
687 1488 737 1522 vel
749 1489 833 1521 istud
846 1488 957 1522 album
970 1511 980 1527 ,
993 1488 1056 1521 &c.
1072 1487 1139 1522 Vo-

269 1548 325 1572 ces
336 1539 455 1582 quippe
466 1537 670 1581 accipiuntur
681 1549 739 1580 pro
752 1538 816 1571 suis
829 1537 1036 1572 inferioribus
1046 1538 1090 1572 ita
1112 1550 1140 1572 e-

269 1587 484 1622 numerandis
509 1612 520 1628 ,
546 1587 716 1631 quomodo
739 1587 918 1620 verificatur
940 1588 1119 1631 propositio
1133 1601 1140 1621 :

268 1637 363 1682 atqui
374 1637 437 1671 istae
445 1638 579 1682 praefatae
589 1636 822 1681 propositiones
835 1638 1051 1677 verificantur,
1064 1639 1141 1672 utri·

268 1688 371 1731 usque
382 1687 520 1722 extremi
532 1688 685 1722 inferiora
695 1687 919 1721 enumerando
930 1685 1132 1722 difiunstive:

268 1747 348 1782 ergo
369 1747 540 1780 utrumque
559 1748 670 1773 earum
696 1746 878 1773 extremum
899 1737 1063 1783 accipitur
1084 1738 1138 1772 di-

265 1786 437 1822 siunfflve.

317 1847 373 1885 27.
385 1838 653 1884 Quaertblcfhlet:
678 1838 733 1874 An
756 1839 851 1874 detur
871 1838 1045 1884 suppositio
1068 1840 1138 1874 disi·

267 1889 397 1922 unffiva
411 1900 470 1932 pro
480 1889 614 1934 singulis
625 1901 781 1934 generum
793 1916 804 1931 ,
828 1890 861 1923 &
884 1901 941 1933 pro
963 1890 1136 1935 generibus

265 1937 468 1980 singulorum
480 1963 491 1978 ‚
512 1941 589 1973 sicut
598 1939 691 1972 datur
701 1941 911 1981 copulativa?
932 1941 1004 1971 Sive
1014 1950 1055 1971 an
1084 1951 1135 1972 vo(

266 1994 319 2018 ces
328 1997 520 2021 communes
530 1987 632 2030 accipi
644 1987 763 2030 poffint
776 1987 965 2020 difiunaive
980 1999 1038 2030 pro
1060 1988 1135 2022 solis

264 2034 565 2080 fingulisgenerum
578 2061 589 2077 ‚
614 2036 647 2070 ὄσ
659 2048 717 2079 pro
732 2038 812 2071 solis
834 2037 1004 2081 generibus
1031 2038 1135 2081 singu-

263 2084 396 2124 lorum,
415 2086 492 2119 sicut
507 2087 551 2119 ita
565 2086 669 2127 accipi
679 2088 811 2127 possunt
829 2085 1016 2128 copulative
1041 2086 1056 2116 ἒ
1089 2086 1132 2119 Et

263 2133 397 2176 quidem
410 2157 421 2173 ,
439 2133 528 2175 quod
549 2133 653 2175 accipi
665 2133 782 2175 poffint
794 2144 852 2175 pro
875 2133 1007 2177 singulis
1028 2144 1132 2178 gene·-

261 2193 335 2216 rum
346 2207 357 2222 ‚
380 2183 513 2226 planum
529 2182 574 2216 est
586 2207 597 2223 ‚
616 2193 654 2216 ac
671 2182 705 2215 in
730 2183 875 2216 confesso
897 2184 981 2226 apud
993 2194 1109 2218 omnes
1123 2209 1130 2216 .

261 2232 410 2279 Qiaestio
423 2243 502 2277 ergo
516 2231 724 2266 solummodo
736 2232 797 2264 est:
820 2232 875 2265 An
889 2233 1007 2275 possint
1016 2233 1130 2266 disiun-

263 2279 346 2314 aive
356 2281 459 2323 accipi
472 2292 530 2324 pro
541 2280 616 2313 solis
627 2280 799 2322 generibus
808 2281 1031 2326 singulorum?
1058 2282 1130 2315 Ali-

263 2330 319 2370 qui
334 2340 453 2374 negant
466 2354 477 2370 ,
499 2329 600 2373 aliqui
614 2329 776 2362 affirmant
790 2352 797 2360 .
819 2329 895 2373 Ego
906 2329 1071 2364 subscribo
1084 2332 1127 2364 af·

1171 2360 1174 2371 ‚
1190 2338 1223 2360 ra
1235 2327 1446 2371 singulorum.
1482 2329 1560 2362 Hoc
1571 2353 1581 2369 ‚
1609 2331 1742 2375 inquam
1757 2357 1768 2373 ‚

1960 127 2056 172 237

1218 199 1293 222 cum
1307 188 1495 224 intentione
1506 191 1704 234 significandi
1718 195 1784 237 ejus
1797 196 1994 242 fignificata=
2013 198 2085 233 ade·

1217 249 1303 282 oque
1313 238 1492 282 suppositio
1504 240 1693 277 difiunctiva
1706 244 1787 279 nihil
1799 247 1844 281 est
1856 247 1944 281 aliud
1959 271 1970 288 ,
1983 258 2081 291 quam

1216 287 1357 332 prolatio
1384 290 1474 323 vocis
1507 292 1694 325 communis
1725 306 1798 329 cum
1830 296 2017 332 intentione
2037 299 2081 333 si··.

1214 338 1394 382 gnificandi
1419 339 1596 384 significata
1619 341 1688 383 ejus
1710 343 1894 381 secundaria
1917 347 2082 383 difiunai·

1215 387 1254 421 ve
1272 390 1507 424 enumeranda.
1545 390 1649 434 Atqui
1671 393 1773 434 potest
1789 396 1860 436 quis
1872 399 2013 439 proferre
2023 409 2082 433 vo-

1215 448 1288 471 cem
1315 448 1525 474 communem
1551 448 1628 474 cum
1662 439 1847 476 intentione
1875 445 2081 490 significandi

1214 487 1282 522 sola
1296 487 1363 530 ejus
1378 499 1495 532 genera
1506 490 1714 533 singulorum:
1730 490 1861 526 formari
1872 496 1958 528 enim
1971 496 1989 529 a
2000 507 2083 541 quo-

1213 538 1298 579 piam
1311 538 1467 581 loquente
1481 540 1580 575 talem
1601 540 1821 575 intentionem
1837 566 1848 580 ,
1864 544 1942 585 quid
1963 556 2048 580 vetat
2062 547 2079 579 ἓ

1214 585 1306 631 Ergo
1316 587 1384 621 dari
1398 590 1500 631 potest
1515 590 1693 634 suppositio
1715 590 1900 627 disiunctiva
1923 604 1981 637 pro
2003 596 2079 629 solis

1211 636 1411 680 singulorum
1424 641 1612 683 generibus.
1953 666 1955 669 -

1261 683 1315 722 28.
1344 688 1472 722 obiicies
1486 702 1493 721 :
1522 688 1647 731 Utjam
1661 689 1738 734 saepe
1747 690 1870 726 distum
1885 693 1930 728 est
1943 718 1954 734 ‚
1981 693 2079 736 subje-

1211 737 1295 770 stum
1309 739 1535 780 propositionis
1545 740 1739 775 affirmativa:
1751 742 1942 785 supponitur
1963 756 2020 787 pro
2045 744 2081 776 il-

1179 779 1185 790 '
1210 786 1249 819 lis
1262 788 1324 820 suis
1337 789 1544 823 inferioribus
1561 790 1700 833 ,quibus
1713 792 1864 835 quadrat,
1893 794 1998 837 eoque
2010 804 2081 827 mo·

1208 835 1253 868 do
1263 839 1511 879 enumerandis,
1540 850 1606 883 quo
1625 841 1690 873 illis
1701 842 1836 884 quadrat
1859 843 2077 888 significatum

1209 886 1368 928 praedicati
1398 889 1554 922 formale:
1581 891 1672 934 atqui
1693 891 1728 924 in
1753 892 1813 925 hac
1835 893 2081 935 praedicatione,

1207 937 1335 978 Aliquod
1355 939 1471 970 animal
1490 939 1556 980 fuit
1589 946 1622 972 m
1640 951 1710 974 arca
1733 945 1798 974 Noe
1818 966 1829 981 ,
1854 943 2073 987 significatum

1208 986 1342 1019 formale
1368 987 1672 1034 praedicatiquadrat
1684 1001 1752 1025 non
1775 991 1853 1025 solis
1873 994 2076 1037 singulorum

1191 1071 1193 1082 Ι
1207 1034 1378 1080 generibus
1391 1061 1403 1077 ,
1416 1038 1467 1071 scd
1482 1039 1854 1075 omnibusinferioribus
1878 1044 2007 1086 subjecti
2022 1043 2077 1078 di·

1189 1085 1357 1132 {fiunfflve
1380 1089 1627 1130 enumerandis,
1654 1099 1722 1124 tam
1742 1091 1877 1136 singulis
1898 1104 2076 1136 generum,

1189 1133 1193 1150 ¹
1207 1147 1303 1179 quam
1316 1137 1488 1180 generibus
1504 1138 1723 1183 singulorum:
1752 1152 1831 1185 ergo
1847 1141 2021 1186 subjeetum
2044 1155 2077 1177 e·

1206 1186 1256 1228 jus
1267 1196 1336 1220 non
1351 1188 1544 1230 supponitur
1556 1200 1614 1232 pro
1638 1190 1713 1223 solis
1730 1191 1928 1234 singulorum
1951 1194 2077 1237 generi-

1207 1236 1265 1269 bus
1292 1236 1480 1271 disiunstive*
1502 1239 1748 1273 enumerandis.
1776 1242 1925 1274 Probatur
1952 1249 2075 1275 minor.-

1207 1286 1298 1332 Qia
1309 1286 1572 1331 utfignificatum
1595 1289 1732 1323 formale
1755 1291 1918 1334 praedicati
1943 1292 2078 1335 quadret

1204 1335 1358 1371 omnibus
1370 1339 1510 1372 omnino
1521 1339 1742 1380 inferioribus,
1754 1350 1822 1375 tam
1834 1342 2078 1382 communibus,

1204 1396 1300 1427 quam
1313 1387 1549 1431 singularibus,
1579 1388 1711 1431 subjesti
1733 1389 1920 1425 difiunfflve
1944 1403 2078 1426 enume-

1203 1436 1310 1470 randis
1323 1461 1334 1476 ,
1363 1437 1436 1472 satis
1447 1439 1491 1472 est
1504 1463 1515 1478 ,
1545 1439 1565 1471 si
1580 1439 1714 1482 quadret
1727 1441 1775 1475 vel
1788 1443 1844 1474 uni
1856 1452 1969 1476 eorum
1986 1444 2075 1476 seor·-

1203 1486 1259 1520 fim
1273 1498 1310 1520 ac
1322 1486 1449 1521 divisim
1464 1489 1610 1532 sumpto:
1637 1494 1673 1522 In
1687 1491 1880 1524 alternatim]
1897 1499 1976 1525 enim
1995 1491 2078 1535 suffi-

1202 1541 1242 1568 cit
1254 1547 1346 1568 unum
1358 1537 1515 1578 adimpleri
1525 1563 1533 1571 .
1563 1538 1667 1580 Atqui
1679 1540 1712 1572 in
1727 1542 1859 1583 praes'ata
1884 1543 2078 1584 propositio-

1204 1597 1244 1618 ne
1255 1585 1473 1629 significatum
1496 1587 1657 1629 praedicati
1679 1589 1838 1628 formale,
1867 1591 2017 1625 videlicet
2045 1603 2079 1624 e.

1202 1634 1352 1670 xistentia
1366 1636 1398 1670 in
1411 1647 1483 1670 arca
1498 1636 1593 1676 Noe,
1609 1637 1744 1680 quadrat
1760 1639 1870 1673 multis
1883 1639 2015 1683 subjet'li
2029 1642 2077 1674 in-

1201 1686 1375 1720 ferioribus
1388 1688 1512 1721 seorsim
1527 1699 1564 1721 ac
1576 1688 1702 1721 divisim
1714 1690 1868 1732 sumptis:
1897 1702 1977 1735 ergo
1999 1702 2079 1736 qua-

1201 1734 1274 1770 drat
1287 1736 1441 1771 omnibus
1451 1738 1592 1771 omnino
1605 1737 1792 1774 difiunaive
1802 1740 2045 1774 enumerandis.

1250 1796 1305 1831 29.
1332 1786 1419 1830 Resp.
1435 1789 1570 1830 negando
1597 1791 1738 1829 majorem
1767 1790 1979 1833 universaliter
1991 1790 2077 1834 sum-

1145 1837 1149 1842 '
1183 1844 1305 1889 ¹ptam.
1320 1837 1408 1883 Quia
1421 1862 1432 1877 ,
1457 1849 1492 1871 ut
1505 1840 1594 1882 supra
1605 1838 1680 1882 disp.
1714 1852 1761 1886 14.
1774 1841 1843 1873 dixi
1858 1865 1868 1880 ‚
1881 1842 1994 1885 regula
2007 1841 2073 1875 haec

1199 1886 1242 1919 est
1252 1886 1327 1929 saepe
1340 1899 1375 1920 ac
1384 1887 1548 1922 ordinarie
1560 1900 1631 1922 vera
1642 1914 1652 1929 ‚
1666 1901 1732 1922 non
1746 1901 1855 1923 tamen
1869 1891 1993 1933 semper
2004 1903 2075 1925 om-

1181 1946 1185 1988 ᾗ
1199 1936 1282 1967 nino
1303 1947 1311 1966 ε
1347 1935 1526 1969 claudicare
1552 1938 1640 1971 enim
1665 1939 1767 1981 potest
1779 1961 1790 1978 ‚
1816 1951 1852 1972 ac
1874 1940 2074 1985 quandoque

1180 1992 1184 2037 j
1198 1982 1356 2018 claudicat
1369 1998 1379 2024 ·,
1390 1985 1569 2021 claudicare
1580 2011 1591 2027 ‚
1620 1989 1753 2031 inquam
1765 2013 1776 2030 ,
1807 1991 1910 2032 potest
1925 2002 1990 2023 non
2005 2003 2074 2025 tan-

1179 2038 1267 2074 {tum
1280 2034 1319 2067 de
1332 2034 1417 2068 fasso
1429 2058 1440 2074 ,
1467 2037 1521 2070 sed
1533 2040 1631 2070 etiam
1644 2038 1748 2079 (licet
1761 2048 1868 2073 tamen
1882 2042 1982 2075 rarius
1997 2043 2009 2082 )
2031 2042 2074 2076 de

1177 2079 1285 2124 JJure.
1314 2084 1374 2115 lsta
1397 2085 1486 2116 enim
1515 2096 1580 2118 tam
1602 2089 1708 2129 ampla
1729 2101 1766 2122 ac
1791 2093 1923 2123 extensa
1939 2091 2070 2132 subjet‘li

1176 2143 1179 2148 ·
1194 2130 1372 2173 suppositio
1386 2131 1517 2165 limitari
1529 2144 1566 2166 ac
1581 2137 1731 2168 contrahi
1743 2139 1844 2179 potest
1858 2150 1912 2181 per
1939 2141 2072 2174 intenti-

1175 2171 1179 2198 Ι
1194 2191 1292 2213 onem
1306 2181 1468 2223 loquentis
1484 2195 1495 2215 .-

1310 2227 1312 2230 .
1521 2183 1597 2230 Qa
1611 2183 1750 2228 loquens
1764 2186 1842 2221 velit
1867 2189 1924 2221 suae
1948 2201 2070 2233 propo-

1192 2230 1319 2263 sitionis
1334 2230 1506 2272 subjectum
1535 2244 1602 2266 non
1616 2235 1767 2276 applicari
1792 2236 1832 2269 ad
1855 2238 2069 2282 significanda

1191 2280 1305 2311 omnia
1317 2279 1458 2312 omnino
1471 2281 1524 2312 sua
1539 2281 1689 2315 inferiora
1702 2307 1713 2321 ,
1741 2285 1794 2317 sed
1808 2286 1876 2320 sola
1896 2288 1963 2330 ejus
1973 2301 2070 2333 gene-

1798 2333 1866 2366 fieri
1881 2339 1982 2377 potest
1999 2351 2068 2373 non

263 2379 468 2414 firmantibus
479 2403 488 2411 .
511 2383 556 2412 Et
570 2378 677 2421 probo:
706 2378 797 2425 Qia
811 2375 860 2413 har
872 2379 1127 2422 praedicationes,
1170 2378 1173 2411 l
1190 2375 1295 2410 solum
1306 2377 1478 2421 illegitime
1491 2390 1532 2411 ex
1544 2378 1692 2414 ordinata
1708 2382 1872 2424 loquentis
1887 2385 2065 2430 phantasia,

261 2432 357 2462 omne
373 2428 568 2471 animalfalt
590 2434 622 2461 ln
653 2438 723 2461 arca
744 2433 812 2461 Noe
828 2453 839 2470 ,
874 2430 995 2471 aliquod
1014 2431 1130 2462 animal
1189 2427 1242 2460 sed
1253 2427 1351 2460 etiam
1362 2427 1558 2471 quandoque
1568 2430 1716 2475 legitime
1743 2433 1862 2467 servata
1886 2446 1954 2469 tota
1981 2436 2067 2479 Juris

260 2478 394 2520 nonfuit
416 2485 448 2512 ln
469 2490 539 2512 arca
548 2482 634 2519 Noe,
655 2479 730 2512 sunt
745 2478 817 2512 vere
848 2478 1124 2523 contradistoriae;

259 2536 296 2562 ut
308 2527 353 2562 est
362 2527 579 2562 manifestum:
592 2528 681 2571 atqui
694 2538 758 2562 vox
770 2528 886 2561 animal
895 2529 926 2562 in
939 2530 1042 2572 prima
1055 2541 1124 2573 pro-

257 2578 419 2621 positione
432 2576 805 2613 universaliaffirmativa
815 2579 973 2621 accipitur
995 2590 1053 2622 pro
1073 2591 1123 2624 ge·

258 2626 387 2662 neribus
397 2628 598 2671 singulorum
608 2628 836 2662 enumerandis
847 2628 1049 2672 copulative3
1078 2629 1121 2663 uti

258 2679 293 2710 in
304 2678 453 2711 confesso
463 2676 509 2709 est
522 2675 607 2719 apud
620 2687 755 2710 omnes:
776 2688 856 2722 ergo
876 2679 911 2711 in
931 2677 962 2712 se
983 2680 1121 2713 secunda

259 2726 443 2771 particulari
457 2726 610 2770 negativa
622 2725 777 2768 accipitur
788 2737 847 2768 pro
857 2727 978 2761 eisdem
992 2740 1121 2762 enume-

256 2775 364 2811 randis
388 2775 594 2810 disiunstive:
616 2776 766 2819 adeoque
776 2776 870 2810 datur
880 2777 1055 2820 suppositio
1076 2778 1122 2812 di-

256 2825 409 2861 siunstiva
424 2836 481 2869 pro
493 2825 569 2860 solis
578 2825 747 2870 singularis
757 2823 948 2870 generibus,
975 2837 1041 2860 non
1063 2829 1119 2862 mi-

255 2875 317 2910 nus
337 2886 435 2920 quam
457 2875 576 2910 dentur
598 2875 782 2919 copulativa
801 2901 808 2907 .
840 2876 987 2908 Probatur
1008 2875 1117 2921 conseq.

253 2926 345 2973 Qia
370 2927 404 2960 in
427 2925 701 2969 propositionibus
721 2925 980 2960 contradistoriis
1001 2927 1119 2969 subjec-

254 2986 325 3010 tum
337 2976 372 3009 in
386 2985 520 3018 utraque
529 2975 778 3010 contradictoria
788 2975 891 3019 accipi
902 2974 995 3010 debet
1007 2987 1064 3019 pro
1088 2988 1118 3012 e-

251 3026 354 3061 isdem
365 3024 700 3069 planeinferioribus:
729 3027 763 3060 in
788 3026 962 3060 universali
984 3025 1116 3069 quidem

251 3075 388 3118 proillis
398 3075 624 3111 enumerandis
643 3076 849 3120 copulative,
877 3075 911 3108 in
933 3077 1115 3119 particulari

251 3123 329 3158 vero
340 3124 901 3167 proillisenumerandisdifiunaive
916 3150 923 3156 .
950 3125 1055 3169 Atqui
1078 3128 1113 3160 in

250 3174 447 3218 praefatarum
461 3176 778 3211 contradistoriarum
790 3175 960 3209 universali
973 3187 1037 3210 vox
1048 3182 1113 3210 am-

249 3227 314 3257 mal
321 3223 480 3267 accipitur
490 3237 548 3268 pro
569 3227 647 3261 solis
666 3226 839 3271 generibus
861 3225 1059 3269 singulorum
1082 3239 1111 3260 e-

250 3273 463 3308 numerandis
472 3276 676 3318 copulative:
703 3276 781 3320 ergo
794 3276 826 3308 in
840 3275 1019 3318 particulari
1030 3279 1112 3311 acci-

250 3324 284 3368 pi
297 3323 394 3358 debet
408 3334 464 3367 pro
485 3324 560 3358 solis
570 3325 689 3361 eisdem
702 3324 929 3361 enumerandis
942 3325 1111 3368 [disiunsii-

251 3373 308 3407 ve.
332 3377 378 3407 Et
401 3379 481 3406 rano
499 3375 520 3405 ἂ
535 3380 630 3416 prlorl
649 3376 706 3417 est.-
736 3376 826 3423 Qia
839 3400 850 3415 ,
876 3386 912 3408 ut
924 3375 1086 3418 supradixi
1099 3402 1109 3417 ,

252 3423 426 3467 suppositio
446 3422 530 3458 nihil
551 3423 596 3457 est
618 3426 730 3467 aliud,
758 3437 855 3469 quam
869 3425 1008 3470 prolatio
1021 3428 1110 3462 vocis

333 3473 438 3515 christ.
450 3476 529 3516 Lupi
539 3479 636 3517 Opera
645 3478 761 3509 Tam-X
765 3479 802 3509 ΙΙ.

1188 2477 1311 2518 forma;
1338 2476 1524 2512 sividelicet
1550 2490 1590 2512 ex
1614 2481 1769 2523 qualitate
1788 2484 1946 2526 praedicati
1967 2510 1978 2526 ‚
2009 2489 2062 2522 vel

1187 2526 1249 2560 alia
1261 2526 1438 2561 locutionis
1446 2529 1683 2564 circumstantia
1695 2532 1800 2575 quivis
1814 2534 1953 2570 audiens
1970 2536 2062 2572 istam

1187 2577 1350 2620 loquentis
1361 2577 1579 2612 intentionem
1592 2591 1629 2614 ac
1642 2581 1879 2619 limitationem
1893 2586 1967 2620 satis
1980 2587 2051 2631 pos-

1184 2624 1222 2660 fit
1234 2626 1419 2672 intelligere
1432 2653 1438 2660 .

1392 2775 1426 2811 D
1455 2778 1495 2813 U
1521 2780 1548 2813 B
1573 2781 1589 2815 1
1618 2781 1657 2817 U
1685 2782 1725 2815 M
1798 2783 1844 2817 V.

1282 2879 1328 2911 De
1346 2875 1536 2921 suppofitione
1560 2880 1702 2925 confusa,
1720 2880 1774 2925 seu
1794 2883 1956 2926 dlfiunffae.

1178 2986 1235 3025 30.
1399 2977 1468 3013 AEc
1478 2980 1590 3023 paffim
1603 2980 1758 3016 definitur
1768 2983 1833 3019 hoc
1844 2985 1946 3021 modo
1961 2999 1973 3020 .·
1994 2987 2053 3021 Est

1413 3030 1577 3073 usurpatio
1600 3033 1689 3065 vocis
1701 3044 1758 3076 pro
1779 3036 1843 3069 suis
1864 3036 2055 3072 denomina-

1177 3077 1223 3111 tis
1235 3078 1505 3113 velinferioribus
1516 3080 1700 3115 disiunstim
1713 3095 1767 3126 per
1781 3086 2050 3127 conjunctionem

1175 3125 1401 3161 disiunssivam
1413 3129 1598 3163 disiunsiim
1620 3132 1779 3175 sumptam
1798 3136 2050 3170 enumerandis.

1175 3175 1275 3210 Verb.
1292 3186 1370 3221 grat.
1395 3189 1471 3211 cum
1497 3179 1574 3213 dico
1596 3204 1606 3219 ,
1635 3182 1748 3224 Aliquis
1768 3196 1857 3227 equus
1882 3191 2048 3228 requiritur

1174 3227 1219 3258 ad
1243 3227 1440 3268 equitandum
1465 3251 1475 3266 ,
1503 3230 1607 3261 vellem
1633 3230 1741 3266 babere
1767 3237 1894 3276 aliquem
1926 3234 2049 3279 Episco-

1169 3284 1281 3316 patum
1298 3300 1308 3315 ‚
1333 3283 1427 3308 omnis
1452 3276 1535 3310 homo
1553 3279 1590 3319 est
1611 3285 1743 3316 animal.
1770 3284 1837 3317 lstae
1860 3297 1955 3320 voces
1984 3309 1996 3326 ,
2018 3297 2050 3320 e·

1176 3336 1249 3367 quus
1262 3349 1273 3365 ,
1286 3323 1520 3368 Epifiopatum‚
1550 3331 1687 3371 animal,
1708 3334 1912 3377 accipiuntur
1933 3336 2047 3369 disiun-

1179 3375 1256 3408 &im
1277 3388 1288 3408 .-
1311 3376 1514 3419 accipiuntur
1534 3380 1653 3423 quippe
1672 3393 1730 3424 pro
1753 3384 1815 3418 suis
1838 3385 2046 3419 inferioribus

1178 3423 1358 3460 difiunnim
1391 3429 1628 3472 ‘enumerandis
1649 3455 1656 3463 .
1695 3433 1785 3468 Dum
1824 3445 1965 3479 namque
1998 3435 2046 3469 di-

1660 3482 1694 3513 Χ
1928 3495 1968 3518 co
1982 3506 1993 3516 .
