2384 3770
691 159 774 204 Dr„
815 160 965 204 Sum>-
1004 155 1134 201 COP.

266 245 479 293 qualitatem.
505 242 668 287 Adeoque
686 244 751 279 hoe
762 252 992 288 argumentum
1006 252 1072 275 non
1089 243 1148 276 tol-

1173 157 1279 202 Si-:u
1315 152 1581 199 Drsrrtrn.
1933 176 2024 219 231

1211 240 1359 285 propos
1335 251 1447 280 tione
1475 245 1567 273 Omne
1588 240 1688 275 album
1699 243 1736 282 esi
1745 254 1847 287 corpus·
1860 268 1872 287 ,
1890 257 1956 280 vox
1967 246 2066 280 album

278 296 316 331 lit
334 296 580 330 conclusionem
604 309 614 328 :
643 295 730 341 Qia
754 294 921 326 conclusio
943 292 1088 335 loquitur
1110 292 1150 325 de
1209 289 1435 324 distribuitur.-
1461 301 1536 334 quia
1549 291 1713 332 usurpatur
1725 305 1780 335 pro
1794 295 1954 337 homine,
1981 299 2066 338 nive

276 347 421 388 virtute,
447 357 546 389 quarn
573 344 671 378 habet
691 342 824 386 negatio
848 353 890 376 ex
902 341 1080 385 originaria
1096 342 1150 376 sua

276 395 535 441 fignificatione3
562 402 791 441 argumentum
813 392 891 425 vero
904 391 1049 435 loquitur
1061 392 1149 425 deil-

277 445 329 487 la,
352 458 450 489 quam
464 445 562 479 habet
574 455 614 478 ex
626 438 798 486 privilegio
811 442 886 475 usus
899 443 933 476 &
945 442 1150 486 praescriptio-

276 497 348 530 nis.

330 555 383 591 31.
410 549 485 579 Dm
493 545 602 578 term·
595 567 602 574 .
631 540 779 585 Negatio
792 542 812 575 Γ
803 553 884 587 gno
897 543 1061 586 praepofita
1072 567 1082 583 ‚
1109 542 1150 574 si-

276 597 392 632 mul&
404 593 574 637 postposita
587 602 691 626 mutat
707 592 806 626 solam
816 593 894 637 signi
906 593 1121 636 quantitatem
1133 604 1147 633 ;

277 645 468 690 qualitatem
490 643 565 676 vert)
586 642 654 685 ejus
678 643 832 686 relinquit
847 645 1015 677 intactam.
1042 643 1080 675 ld
1089 641 1145 681 est:

274 696 331 730 Ex
356 693 537 737 particulari
565 694 643 726 facit
665 693 844 727 universale
860 716 871 732 ‚
897 694 945 726 vel
973 692 991 725 ὲ
1013 702 1146 733 coutra;

275 754 344 778 non
366 753 476 777 tamen
494 754 535 777 ex
559 742 754 776 affirmativo
766 743 844 776 facit
856 744 1045 786 negativum
1059 766 1069 782 ‚
1096 752 1148 775 ne·

275 804 340 839 que
365 793 383 826 ὲ
400 802 531 827 contra.
557 793 670 836 Itaque
691 803 748 824 non
772 798 865 824 omnir
888 805 945 825 non
971 793 1057 826 idem
1078 792 1122 824 est
1138 814 1148 829 ,

276 843 367 888 quod
379 843 487 885 aliquis
501 867 511 882 ‚
535 854 593 876 non
604 844 712 884 aliquis
725 852 782 874 non
793 843 880 875 idem
892 842 938 876 est
951 865 962 881 ,
988 840 1077 883 quod
1091 853 1146 873 om-

275 899 326 928 ms
338 917 349 933 ,
374 903 431 925 non
442 902 544 926 neuter
555 901 612 925 non
623 891 710 925 idem
723 891 768 924 est
781 915 792 930 ,
818 891 908 935 quod
925 892 1064 924 alteruter
1077 902 1146 927 non,

273 949 335 976 non
344 943 441 976 nullus
454 954 511 976 non
523 942 609 975 idem
618 963 629 980 ‚
654 940 744 984 quod
756 941 866 983 aliquis
878 953 935 974 non
947 964 957 980 ,
968 941 1029 974 ἀς.
1040 940 1147 974 Adeo-

273 1003 342 1037 que
364 992 428 1026 haee
450 990 682 1036 propositiones
708 988 918 1033 aequipollent
932 1004 943 1024 .-
970 995 1042 1023 Non
1053 995 1146 1022 omm's

274 1041 358 1076 bomo
376 1053 433 1075 non
444 1041 482 1079 est
499 1041 611 1086 Julius
623 1064 634 1080 ‚
658 1042 768 1083 aliquis
785 1040 867 1074 bomo
880 1041 917 1082 est
920 1044 953 1086 J
956 1040 1029 1080 ustus
1041 1064 1048 1072 .
1075 1045 1148 1072 Non

274 1102 377 1126 neuter
396 1090 478 1125 bomo
500 1102 558 1124 non
580 1089 755 1136 estJuflus,
781 1092 923 1125 alteruter
949 1090 1032 1124 bomo
1043 1101 1101 1122 non
1110 1091 1147 1123 eli

270 1141 380 1186 Juftus
391 1168 398 1176 .
429 1146 502 1175 Non
513 1143 623 1184 aliquis
636 1139 722 1174 homo
731 1151 789 1175 non
801 1140 840 1181 est
842 1145 874 1186 J
876 1141 953 1182 ustus
967 1165 977 1181 ,
997 1146 1090 1173 omms
1101 1139 1150 1172 bo-

277 1205 325 1226 mo
335 1195 380 1228 est
393 1192 498 1236 Justus
509 1216 521 1233 ‚
547 1192 609 1225 ὅτε.
627 1194 716 1224 Ratio
726 1189 762 1230 est
774 1205 785 1224 .-
811 1191 901 1239 Qia
913 1191 1035 1233 duplex
1053 1201 1150 1234 nega·

274 1244 326 1277 tio
337 1243 473 1277 affirmat
488 1265 500 1282 ,
526 1241 560 1274 δε
570 1241 615 1274 est
627 1242 802 1275 affirmatio
815 1255 827 1275 .·
853 1242 1002 1285 adeoque
1015 1240 1084 1274 duae
1096 1250 1148 1273 ne-

275 1291 428 1336 gationes
438 1301 506 1325 non
519 1290 650 1333 possunt
673 1290 799 1334 signum
811 1302 852 1324 ex
863 1291 1057 1324 affirmativo
1070 1289 1150 1323 face-

274 1352 313 1375 re
335 1340 557 1386 negativum;
583 1339 637 1373 sed
661 1340 877 1381 relinquunt,
902 1350 939 1374 ut
959 1349 1045 1377 erat,
1070 1339 1152 1372 affir-

275 1391 452 1426 mativum.
479 1390 568 1424 Nam
582 1389 664 1423 illud
677 1413 688 1430 ‚
715 1390 805 1433 quod
825 1391 950 1436 signum
962 1401 1004 1423 ex
1015 1389 1150 1423 affirma—

277 1432 350 1474 tivo
358 1441 437 1475 facit
446 1440 656 1485 negativum,
681 1440 778 1474 debet
791 1442 855 1475 esse
867 1441 1033 1483 negatio.-
1061 1438 1149 1481 atqui

276 1490 401 1533 duplex
422 1490 556 1534 negatio
579 1499 647 1523 non
659 1489 704 1522 est
717 1490 871 1534 negatio,
899 1489 952 1521 sed
966 1489 1103 1522 affimat
1098 1501 1147 1522 ιο

276 1550 356 1585 ergo
374 1539 496 1583 duplex
517 1539 651 1583 negatio
673 1549 742 1572 non
756 1538 858 1582 potest
871 1538 996 1583 sgnum
1010 1549 1051 1572 ex
1062 1540 1149 1573 affir—

276 1590 403 1626 mativo
423 1591 527 1623 facere
543 1588 752 1633 negativum.

368 1690 866 1740 DISPUTATIO
926 1693 1053 1739 XVI.

434 1989 615 2034 AEspecies
643 1991 717 2024 sunt
742 1990 948 2034 copulativa,
976 1991 1148 2035 copulata,

300 1820 363 1862 De
387 1826 547 1879 quatuor
558 1809 751 1879 speciebus
763 1810 1023 1879 fhpposttionis
1036 1827 1124 1880 per-

445 2040 632 2074 drfiunstiva
643 2040 677 2073 ὅ(
687 2040 857 2075 ἀίίὶυηᾶι-
873 2042 955 2075 Sunt
966 2065 977 2081 ,
991 2043 1125 2084 inquam
1136 2064 1147 2080 ,

446 2090 563 2132 species
589 2090 822 2131 suppositionis
847 2091 1024 2132 personalis
1052 2101 1146 2122 com-

508 1880 654 1948 analis
680 1887 902 1930 communis.

275 1997 419 2137 H
443 2138 552 2171 munis
571 2161 579 2169 .
619 2136 709 2171 Nam
742 2136 919 2180 suppositio
946 2138 1147 2180 personalis,

273 2199 344 2232 quae
361 2200 429 2223 non
453 2187 499 2221 est
522 2186 733 2227 communis,
762 2186 868 2220 nullas
889 2185 986 2221 habet
1010 2187 1146 2231 species.

1207 352 1315 382 eque,
1342 341 1444 380 veste,
1474 341 1614 383 pariete,
1641 340 1683 373 ali
1677 341 1772 397 usque
1796 346 1859 378 suis
1879 346 2069 381 denomina-

1208 392 1249 424 tis
1259 391 1442 447 copulative
1451 390 1695 423 enumerandis:
1725 392 1771 423 uti
1785 393 1848 433 jam
1860 396 1928 429 dixi
1941 396 1980 430 de
1994 409 2068 431 enu-

1208 441 1387 474 meratione
1400 441 1590 475 inferiorum
1604 451 1693 473 v0c1s
1700 438 1782 473 bomo
1791 466 1798 473 .

1256 501 1287 524 2.
1316 491 1499 533 Suppositio
1521 490 1586 524 haec
1612 490 1799 523 universalis
1822 492 1874 525 seu
1888 494 2072 531 distributio

1209 541 1305 573 variis
1316 541 1422 574 modis
1440 542 1521 574 solet
1542 540 1666 573 dividi.
1695 539 1806 573 Primo
1829 540 1860 574 in
1875 542 2070 579 distributio-

1208 600 1283 623 nem
1307 602 1363 633 pro
1388 591 1524 635 singulis
1545 601 1702 634 generum
1718 614 1728 629 ‚
1755 591 1787 623 δε
1807 590 2070 628 d›stributionem

1209 651 1266 682 pro
1289 640 1462 683 generibus
1484 641 1682 684 fingulorum
1711 664 1717 671 .
1755 640 1830 674 Ubi
1855 643 1932 675 scire
1956 642 2073 683 debes,

1208 690 1286 732 quid
1311 690 1369 723 sint
1392 690 1517 735 singula
1530 702 1711 735 generum,
1736 691 1815 734 quid
1839 702 1957 735 genera
1971 693 2075 737 singu·

1209 740 1314 772 lorum
1337 765 1343 771 .
1380 740 1517 784 Singula
1538 751 1695 783 generum
1717 749 1875 773 vocantur
1898 742 2075 785 significata

1210 789 1394 823 secundaria
1422 790 1621 834 fingularia;
1645 801 1761 833 genera
1787 790 1863 824 vert}
1875 792 2075 834 singulorum

1209 850 1367 872 vocantur
1393 841 1570 884 significata
1608 840 1792 874 secundaria
1831 843 2021 875 communia
2043 844 2078 876 δε

1209 889 1432 931 universalia;
1461 902 1486 921 v.
1498 902 1528 934 g.
1553 902 1618 924 vox
1640 891 1802 923 antmalin
1817 892 1880 924 suis
1891 892 2078 935 significatis

1208 939 1401 973 secundariis
1427 939 1524 974 habet
1552 940 1907 984 &singulagenerum‚
1934 944 2078 976 acetiam

1207 998 1323 1031 genera
1348 990 1570 1033 singulorum:
1597 990 1709 1023 Habet
1736 991 1824 1024 enim
1844 992 2001 1025 inferiora
2024 993 2077 1026 seu

1208 1038 1384 1082 fignificata
1405 1040 1590 1073 secundaria
1614 1041 1807 1074 universalia
1834 1065 1844 1080 ,
1871 1042 1979 1084 qualia
2003 1044 2078 1076 sunt

1210 1087 1313 1122 homo
1329 1113 1339 1128 ,
1366 1099 1466 1131 equus
1484 1112 1494 1128 ,
1522 1091 1573 1123 leo
1593 1113 1605 1130 ,
1631 1089 1761 1123 brutum
1788 1115 1799 1130 ‚
1827 1091 1885 1124 bos
1912 1116 1923 1132 ,
1949 1092 2012 1125 &a
2030 1093 2080 1126 Ac

1210 1138 1309 1171 etiam
1322 1139 1473 1173 inferiora
1489 1139 1677 1172 secundario
1687 1140 1866 1184 significata
1880 1141 2053 1186 fingulagia
2070 1166 2080 1182 ,

1212 1188 1322 1230 qualia
1335 1190 1406 1222 sunt
1431 1188 1571 1229 Petrus,
1598 1188 1740 1229 Paulus,
1768 1190 1994 1233 Bucephalus,
2023 1191 2082 1225 Pe·

1211 1239 1322 1281 gasuS,
1351 1237 1405 1272 hic
1419 1239 1477 1273 bos
1502 1263 1512 1279 ,
1539 1239 1596 1272 iste
1619 1239 1672 1272 leo
1698 1263 1708 1279 ‚
1735 1240 1797 1272 &c.
1819 1239 1900 1273 Haec
1924 1251 2082 1274 vocantur

1212 1287 1338 1331 singula
1351 1300 1506 1333 generum
1521 1313 1532 1328 ,
1562 1289 1617 1322 illa
1633 1299 1791 1323 vocantur
1807 1300 1924 1333 genera
1936 1291 2084 1335 singulo-

1212 1349 1284 1371 rum
1306 1361 1314 1370 .
1340 1338 1537 1373 Distributio
1562 1340 1670 1382 itaque
1692 1349 1750 1381 pro
1772 1339 1906 1384 singulis
1927 1351 2082 1384 generum

1212 1388 1256 1421 est
1281 1389 1446 1431 usurpatio
1468 1388 1557 1422 vocis
1577 1389 1763 1422 communis
1786 1401 1844 1432 pro
1866 1391 1930 1423 suis
1951 1391 2083 1435 singulis

1212 1449 1369 1482 generum
1390 1438 1574 1482 copulative
1600 1440 1829 1473 enumerandis
1848 1464 1855 1471 .
1884 1440 2084 1474 Distributio

1215 1488 1292 1521 ver&
1316 1500 1373 1531 pro
1398 1489 1571 1533 generibus
1582 1488 1781 1532 singulorum
1794 1490 1838 1524 est
1851 1491 2015 1534 usurpatio
2031 1501 2086 1523 vo-

1218 1540 1262 1571 cis
1286 1539 1473 1571 communis
1486 1549 1543 1581 pro
1552 1539 1617 1571 suis
1627 1537 1800 1581 generibus
1811 1540 2012 1583 singulorum
2031 1552 2085 1573 co-

1217 1587 1358 1629 pulative
1380 1587 1634 1627 enumerandis;
1661 1597 1689 1618 v.
1703 1598 1750 1630 gr.
1768 1599 1843 1620 cum
1868 1589 1967 1628 dico,
1994 1594 2086 1622 Omne

1215 1638 1332 1669 animal
1342 1637 1381 1677 est
1393 1643 1505 1671 vivens
1517 1661 1528 1677 ‚
1543 1648 1609 1670 vox
1620 1635 1944 1671 animaldistribuitur
1952 1649 2010 1680 pro
2027 1640 2087 1671 sin·

1216 1687 1302 1731 gulis
1325 1698 1478 1732 generum
1495 1701 1505 1721 .-
1523 1687 1599 1728 quia
1621 1687 1817 1730 supponitur
1835 1687 1881 1720 ibi
1895 1699 1952 1731 pro
1963 1688 2063 1722 Petro
2075 1714 2084 1729 ,

1219 1737 1322 1770 Paulo
1344 1761 1355 1778 ‚
1381 1736 1570 1780 Bucephalo
1589 1762 1599 1778 ‚
1626 1736 1774 1780 Pegaso,
1801 1736 1865 1772 hoc
1890 1737 1995 1778 bove,
2024 1739 2087 1771 isto

1218 1788 1334 1828 leone,
1355 1788 1515 1823 &exteris
1527 1787 2003 1821 suisinferioribusindividuis
2017 1812 2028 1827 ,
2050 1799 2088 1822 ac

1220 1837 1435 1885 singularibus
1454 1835 1640 1881 copulative
1667 1838 1893 1872 enumerandis
1908 1861 1915 1870 .
1940 1838 1988 1871 At
2010 1838 2087 1872 vero

1215 1890 1293 1925 dum
1303 1891 1378 1926 dico
1392 1918 1402 1933 ,
1425 1894 1518 1926 O'r'nne
1530 1888 1715 1931 animalfutt
1726 1893 1759 1920 in
1769 1900 1840 1921 arca
1850 1893 1918 1923 Noe
1928 1912 1938 1928 ‚
1950 1900 2016 1924 vox
2026 1895 2087 1923 anr-

1212 1943 1280 1972 mal
1297 1941 1501 1974 distribuitur
1522 1940 1653 1985 quidem
1677 1952 1735 1984 pro
1754 1939 1926 1986 generibus
1950 1941 2087 1987 singulo·

1215 2000 1284 2023 rum
1304 2013 1314 2028 ‚
1341 2001 1408 2024 non
1433 2001 1545 2024 tamen
1571 2001 1631 2033 pro
1648 1990 1781 2036 singulis
1804 2002 1983 2036 generum:
2010 1992 2087 2035 quia

1215 2040 1404 2082 supponitur
1430 2041 1474 2074 ibi
1500 2051 1566 2074 non
1593 2051 1651 2083 pro
1663 2041 1783 2080 Petro,
1810 2042 1937 2082 Paulo,
1967 2041 2032 2075 hoc
2052 2043 2087 2076 &3

1214 2088 1391 2128 istobove,
1411 2099 1520 2129 equo,
1547 2089 1667 2128 leone,
1687 2090 1819 2132 aliisque
1831 2092 2046 2125 animalium·
2039 2104 2086 2124 in·

1212 2135 1377 2178 dividuis,
1406 2138 1458 2170 sed
1479 2138 1688 2171 solummodo
1709 2150 1768 2182 pro
1781 2139 1944 2181 homine,
1971 2152 2081 2184 equo,

1212 2183 1315 2227 bove,
1342 2187 1459 2225 leone,
1478 2187 1518 2220 in
1534 2187 1657 2230 specie:
1687 2191 1966 2232 nequeaffimar,
1993 2192 2084 2232 quod

272 2237 390 2281 ltaque
410 2236 525 2271 omnia
548 2234 603 2269 hic
623 2236 762 2268 dicenda
782 2236 823 2268 ad
846 2247 944 2269 voces
953 2248 1146 2270 communes
1210 2236 1360 2269 omnium
1373 2236 1566 2269 animalium
1581 2235 1780 2277 individua,
1805 2240 1858 2274 sed
1873 2241 2087 2275 solummodo

272 2286 467 2329 applicanda
489 2286 584 2318 sunt:
611 2284 645 2316 in
667 2282 718 2316 his
740 2285 860 2326 quippe
881 2284 956 2317 solis
969 2283 1018 2316 hae
1030 2287 1147 2327 species
1211 2284 1464 2326 quodomnium
1485 2285 1678 2318 animalium
1693 2261 1835 2328 species,
1861 2290 1926 2322 five
1939 2291 2027 2333 quod
2043 2302 2085 2324 ex

274 2335 393 2370 habere
416 2335 544 2378 possunt
566 2333 696 2366 locum.
723 2331 838 2372 Dico,
864 2334 908 2365 ad
933 2344 1016 2366 voces
1026 2345 1147 2366 commu·

274 2397 353 2419 ms.-
379 2386 468 2434 Qia
491 2394 558 2418 non
581 2381 705 2416 debent
729 2381 792 2415 esse
811 2382 1026 2424 universales;
1053 2383 1146 2417 dum-

273 2434 377 2469 mode
387 2436 449 2470 sint
458 2442 650 2469 communes
664 2455 677 2473 ‚
703 2431 777 2466 satis
787 2431 833 2466 est
846 2457 858 2474 ‚
882 2432 959 2468 licet
970 2433 1030 2467 sint
1042 2433 1146 2477 singu·

273 2484 371 2519 lares.

503 2583 539 2619 D
566 2582 608 2619 U
634 2583 662 2616 B
687 2582 704 2615 1
730 2581 772 2619 U
799 2582 839 2615 M
892 2582 917 2616 1.

322 2686 366 2719 De
383 2680 575 2726 suppositione
596 2681 792 2724 copulativa,
809 2681 1093 2727 seu'distrlbutiva.

275 2794 304 2820 1.
403 2782 584 2827 Uppositio
595 2781 781 2826 copulativa
793 2782 897 2815 varios
907 2780 1003 2815 habet
1016 2782 1138 2817 titulos:

415 2843 550 2867 vocatur
571 2833 661 2867 enim
681 2832 854 2875 suppositio
865 2832 1069 2873 copulativa,
1096 2834 1141 2866 di-

271 2883 440 2918 stributiva
463 2905 475 2922 ‚
500 2881 688 2918 universalis
708 2906 719 2922 ‚
745 2881 934 2915 distributio
963 2905 974 2921 ,
999 2882 1061 2915 &c.
1085 2882 1140 2916 Est

270 2934 351 2967 vero
364 2933 446 2967 nihil
458 2934 546 2967 aliud
560 2957 572 2973 ‚
597 2943 695 2976 quam
719 2932 883 2974 usurpatio
897 2931 985 2964 vocis
996 2942 1142 2965 commu-

270 2985 323 3017 nis
338 2994 395 3027 pro
415 2982 478 3017 suis
504 2982 710 3018 inferioribus
722 2982 771 3015 vel
782 2980 1004 3015 denominatis
1013 2981 1142 3024 copula-

270 3033 338 3068 tive
357 3032 586 3068 enumerandis
610 3057 618 3065 .
646 3031 839 3065 Enumerari
860 3031 935 3065 verd
957 3031 1142 3074 copulative

272 3082 355 3116 nihil
369 3083 414 3117 est
432 3083 519 3117 aliud
532 3107 543 3123 ,
569 3093 666 3127 quam
678 3081 859 3116 enumerari
872 3092 927 3124 per
940 3081 1141 3124 conjunctio-

271 3143 348 3166 nem
361 3133 578 3177 copulativam
598 3132 784 3177 copulative
795 3132 975 3174 sumptam;
1004 3140 1032 3164 v.
1046 3142 1094 3176 gr.
1105 3131 1140 3166 in

270 3182 305 3215 in
318 3181 379 3216 hac
394 3184 615 3226 propositione
628 3206 638 3222 ‚
665 3186 770 3215 Omnis
782 3180 863 3214 homo
873 3180 909 3219 est
921 3182 1037 3214 animat
1049 3205 1060 3221 ‚
1073 3192 1139 3215 vox

269 3231 352 3265 bomo
386 3233 575 3276 supponitur
606 3230 793 3277 copulative
818 3255 828 3271 ,
862 3231 896 3264 δε
916 3228 1139 3265 distribuitur:

269 3282 346 3326 quia
359 3283 525 3325 usurpatur
536 3293 595 3326 pro
606 3282 706 3317 Petro
721 3307 732 3322 ‚
758 3281 865 3315 Paulo
877 3304 887 3319 ‚
902 3279 1050 3323 Ioanne,
1061 3280 1141 3315 Phi·

269 3331 384 3375 lippo,
411 3332 547 3376 aliisque
567 3333 721 3367 omnibus
744 3331 808 3366 suis
823 3329 1030 3366 inferioribus
1041 3342 1141 3375 copu-

270 3381 369 3415 lative
391 3382 620 3416 enumerandis
642 3381 707 3416 hoc
731 3382 832 3416 modo
846 3395 856 3414 .·
883 3380 997 3414 Petrus
1020 3381 1063 3415 est
1076 3379 1141 3415 ho·-

271 3441 328 3465 mo
340 3456 350 3471 ,
376 3432 410 3466 &
423 3432 545 3466 Paulus
556 3432 601 3466 est
615 3429 716 3467 homo
730 3457 741 3473 ‚
766 3432 800 3465 &
813 3433 955 3475 Joannes
966 3430 1010 3463 est
1027 3429 1142 3470 homo,

271 3479 306 3514 ἀ
326 3480 498 3527 Philippus
522 3481 568 3517 est
589 3479 694 3518 homo
713 3507 725 3524 ,
753 3482 814 3516 &a
841 3479 998 3516 Similiter
1019 3481 1054 3515 in
1080 3480 1142 3516 hac

1211 2334 1366 2367 omnibus
1389 2333 1581 2367 animalium
1605 2334 1769 2377 speciebus
1791 2336 1898 2379 aliqua
1916 2338 2086 2374 individua

1211 2382 1360 2417 fuerint'
1352 2395 1385 2416 rn
1412 2394 1483 2417 arca
1499 2384 1578 2417 Noe
1592 2408 1599 2415 .
1629 2382 1791 2427 Adeoque
1813 2385 2017 2420 distribuitur
2039 2388 2086 2422 ibi

1191 2445 1278 2482 ,non
1291 2444 1350 2476 pro
1373 2432 1507 2480 singulis
1530 2444 1707 2500 generum,
1735 2433 1786 2468 sed
1803 2446 1860 2480 pro
1871 2436 1948 2470 solis
1959 2438 2087 2481 generi

1211 2482 1269 2518 bus
1292 2484 1507 2527 singulorum.

1260 2544 1289 2580 3.
1317 2534 1468 2568 Secundo
1486 2533 1643 2569 dividitur
1665 2534 1886 2571 distributio
1876 2550 1912 2572 rn
1936 2529 2087 2573 distribuss

1209 2583 1333 2617 tionem
1356 2585 1485 2627 plenam
1511 2585 1543 2617 ὅ(
1555 2585 1763 2619 commodam
1777 2588 1843 2622 seu
1842 2598 1909 2622 non
1931 2589 2082 2631 plenam.

1209 2633 1404 2667 Distributio
1425 2634 1518 2677 plena
1538 2634 1582 2666 est
1609 2635 1686 2676 illa,
1713 2647 1777 2680 qua
1801 2649 1867 2671 vox
1879 2638 2085 2673 distribuitur

1209 2695 1266 2726 pro
1290 2684 1446 2718 omnibus
1459 2684 1600 2717 omnino
1614 2685 1674 2718 suis
1689 2686 1899 2721 inferioribus
1911 2689 2005 2722 nullo
2017 2689 2085 2732 pla-

1209 2733 1247 2766 ne
1258 2744 1396 2777 excepto
1408 2758 1415 2765 .
1445 2733 1500 2768 Ut
1510 2744 1584 2767 cum
1601 2734 1677 2768 dico
1691 2757 1701 2774 ‚
1732 2740 1839 2768 OmnIs
1865 2735 1945 2768 bomo
1965 2737 2004 2775 est
2018 2744 2084 2771 ani-

1207 2784 1290 2823 mal,
1316 2795 1399 2816 omne
1419 2784 1540 2816 ‘animal
1559 2782 1596 2823 est
1618 2790 1747 2827 vivens,
1776 2785 1984 2829 subjestaista
1999 2786 2084 2820 bomo

1205 2835 1236 2866 ὅ(
1248 2835 1365 2866 animal
1375 2833 1610 2868 distribuuntur
1620 2835 1732 2878 plene:
1761 2837 1837 2880 quia
1852 2836 2081 2870 nullusomni-

1207 2883 1252 2916 πὸ
1274 2883 1320 2917 est
1341 2884 1467 2925 homo,
1494 2883 1550 2926 qui
1573 2894 1641 2918 non
1662 2885 1834 2920 sitanimal
1848 2910 1859 2927 ‚
1885 2886 2078 2930 nullumque

1205 2932 1499 2973 omninoanimal,
1521 2934 1609 2977 quod
1625 2942 1691 2968 non
1714 2935 1888 2971 sitvivens.
1915 2935 2079 2971 Distribu-

1206 2982 1254 3017 tio
1265 2985 1442 3018 commoda
1452 2984 1496 3017 est
1510 2983 1586 3020 illa,
1609 2995 1671 3028 qua
1683 2994 1747 3018 vox
1773 2984 1906 3030 quidem
1928 2987 2080 3030 supponi-

1205 3043 1257 3066 tur
1276 3045 1335 3076 pro
1358 3034 1516 3077 plerisque
1540 3034 1603 3067 suis
1627 3035 1836 3070 inferioribus
1850 3061 1861 3077 ,
1881 3048 1949 3071 non
1963 3047 2081 3071 tamen*

1206 3094 1266 3125 pro
1278 3083 1432 3117 omnibus
1445 3082 1586 3117 omnino
1599 3097 1608 3126 ;
1629 3085 1736 3127 aliqua
1748 3087 1837 3119 enim
1850 3086 2076 3131 excipiuntur.

1204 3132 1253 3166 lta
1279 3132 1439 3167 ordinarie
1461 3133 1697 3167 distribuuntur
1728 3135 1863 3179 subjecta
1890 3136 2075 3181 regularum

1203 3182 1285 3224 Juris
1300 3207 1310 3222 ,
1335 3183 1426 3225 juxta
1450 3181 1536 3215 hanc
1558 3183 1640 3225 Juris
1660 3185 1825 3229 regulam:
1851 3185 1953 3220 Nulla
1965 3186 2075 3231 regula

1202 3242 1268 3266 tam
1289 3232 1446 3276 generalis
1460 3256 1470 3272 ‚
1487 3232 1567 3274 quin
1592 3233 1729 3276 patiatur
1748 3237 1888 3280 aliquam
1913 3236 2079 3280 exceptio·

1203 3292 1275 3314 nem
1290 3306 1297 3313 .
1325 3283 1379 3315 Sic
1400 3293 1473 3314 cum
1487 3282 1564 3316 dico
1579 3306 1589 3322 ,
1609 3287 1715 3317 Omnis
1735 3285 1817 3318 bomo
1837 3291 1869 3318 in
1888 3294 2007 3328 peccato
2025 3298 2080 3319 na-

1201 3340 1249 3363 tus
1270 3331 1329 3370 est,
1353 3342 1416 3364 vox
1444 3330 1525 3363 homo
1547 3343 1614 3366 non
1639 3334 1735 3377 plene
1754 3360 1765 3375 ,
1790 3335 1841 3369 sed
1867 3335 2078 3370 solummodo

1202 3380 1376 3414 commode
1388 3380 1613 3416 distribuitur.-
1633 3384 1709 3424 quia
1732 3385 1922 3429 supponitur
1946 3386 2079 3428 quidem

1204 3443 1263 3474 pro
1290 3431 1448 3474 plerisque
1471 3432 1533 3465 suis
1556 3432 1783 3474 inferioribus,
1802 3440 1873 3469 'non
1898 3446 2006 3469 tamen
2022 3444 2082 3477 pro

1205 3481 1360 3517 omnibus
1371 3481 1536 3519 omninc'n
1556 3483 1766 3526 excipiuntur
1776 3485 1865 3520 enim
1877 3485 1996 3529 aliqui,
2025 3483 2085 3526 qui

1961 3542 2037 3567 ante
