2384 3770
389 125 483 171 186
974 121 1135 168 DtsP.
1174 124 1231 168 Χ.

348 207 518 244 hominem
535 233 547 249 ‚
577 206 676 243 nobis
687 216 740 255 per
753 206 865 242 omnia
876 207 1014 243 limilem
1025 232 1037 249 ‚
1051 208 1083 243 ἀ
1095 208 1231 244 consub-

346 259 552 294 stantialem.
690 268 691 274 ¹

395 318 451 356 47.
477 307 572 352 Res).
604 308 847 354 Argumentum
859 307 923 342 hoc
934 317 1067 352 tangere
1080 309 1159 343 duas
1170 309 1228 342 dif-

346 357 506 393 ficultates
532 358 633 403 plane
651 360 793 393 diversas
814 383 824 399 ,
859 369 896 392 ac
919 359 1094 401 disparatas
1115 371 1123 392 :
1150 371 1228 403 quas

346 408 485 452 proinde
498 409 704 453 distinguere
721 407 881 442 debuisset
894 408 1010 442 Suarez
1022 417 1089 456 torn.
1106 419 1131 445 1.
1147 415 1179 442 in
1195 419 1222 456 3.

340 466 422 501 pare.
438 458 671 502 quaest.⁷16.·art.
680 470 705 494 ι.
717 464 750 493 tn
758 467 910 492 commem.
930 458 1036 494 dub.2.
1049 461 1156 492 Prima
1166 459 1225 501 duf-

340 508 459 551 ficuleas
488 509 547 549 eff:
578 510 636 544 An
661 521 726 543 vox
750 509 833 542 bomo
854 509 893 542 sit
916 507 1061 542 univoca
1086 510 1224 553 respectu

345 558 523 596 Christi&
547 558 671 599 Petri,
709 558 914 602 aliorumque
937 557 1112 592 hominum
1135 570 1225 601 puro·
1253 597 1257 603 ,

345 619 418 643 rum
432 610 449 642 ‚²
466 611 607 648 *secunda
629 610 667 649 est
680 622 691 642 .-
719 609 774 642 An
801 608 838 641 fit
858 608 999 642 univoca
1024 608 1075 641 vel
1085 610 1222 654 analoga

343 660 487 703 respestu
512 658 613 695 Verbi
639 657 795 698 &Petri‚
825 658 1035 702 aliorumque
1046 657 1221 693 hominum

343 710 525 753 purorum?
552 711 603 743 Aa
621 715 754 752 primam
771 706 928 750 respondeo
950 721 961 740 .·
990 707 1119 742 Vocem
1142 703 1224 742 bomo

345 769 413 793 tarn
433 760 496 794 effe
536 761 718 795 univocam
744 758 884 801 respenu
906 757 1029 793 Christi
1051 759 1086 792 ὅ(
1109 758 1222 799 Petri,

343 820 443 853 quam
464 812 501 844 lit
512 811 654 852 'respestu
668 808 803 841 Petri&
817 806 930 842 Pauli.
959 811 1002 839 Er
1023 813 1102 841 rarle
1113 807 1153 844 eff
1162 810 1218 842 cla·

342 872 401 892 ra:
429 860 523 907 Quia
549 857 700 893 Christus
720 857 755 891 &
778 857 893 892 Petrus
915 856 1037 892 habent
1061 860 1095 892 in
1109 859 1139 892 se
1149 870 1221 894 ean-

342 907 416 944 dem
432 905 536 954 specie
560 908 820 948 humanitatem,
849 907 965 942 eodem
979 907 1081 942 modo
1096 907 1221 944 haben-

342 958 402 993 di.-
429 968 564 1002 uterque
586 960 676 991 enirn
697 957 792 991 habet
817 958 909 992 illam
920 958 1128 993 essentialiter
1142 983 1153 998 ,
1179 971 1220 993 eo

339 1009 444 1043 modo
459 1033 469 1049 ,
487 1018 556 1051 quo
579 1009 687 1042 solent
712 1006 880 1042 individua
905 1007 1023 1042 habere
1053 1009 1142 1043 suam
1156 1010 1219 1052 spe·

341 1059 427 1093 ciem
441 1083 448 1091 .
474 1057 626 1093 Christus
646 1058 735 1092 enim
759 1068 826 1092 tam
851 1059 941 1099 vere,
968 1070 1065 1102 quam
1080 1059 1195 1093 Petrus
1210 1085 1220 1099 ,

340 1109 388 1143 est
413 1119 524 1143 verum
549 1107 760 1142 individuum
774 1117 965 1142 contentum
978 1109 1035 1142 sub
1048 1110 1152 1151 specie
1164 1107 1222 1142 hu-

338 1169 455 1194 mana.
486 1159 568 1194 Vox
592 1157 675 1192 bomo
694 1169 773 1203 ergo
787 1159 927 1201 respectu
940 1158 1113 1193 Christi&
1129 1157 1215 1191 Petri

340 1209 386 1244 est
399 1220 465 1244 vox
477 1210 665 1254 significans
688 1208 777 1252 plura
789 1209 822 1242 in
832 1209 894 1242 -sno
906 1208 1037 1242 formali
1052 1208 1226 1251 significa—-

340 1270 377 1295 to
397 1260 492 1303 plane
515 1259 752 1294 convenientia
765 1272 775 1292 .·
802 1258 949 1301 adeoque
970 1257 1041 1292 vere
1054 1258 1213 1292 univoca.

388 1307 447 1355 48.
477 1310 607 1343 Secunda
630 1310 788 1351 difficultas
811 1309 849 1349 est
868 1309 986 1347 major.-
1011 1318 1132 1350 eamque
1149 1316 1216 1350 pro·

334 1361 405 1403 prie
427 1369 525 1393 movet
545 1359 720 1402 propositum
742 1367 950 1402 argumentum
963 1382 971 1390 .
998 1357 1036 1392 In
1058 1370 1094 1392 ea
1108 1369 1216 1393 tamen

337 1419 447 1443 tacere
468 1409 599 1444 mallem
622 1434 633 1450 ,
664 1420 768 1451 quam
795 1408 920 1452 aliquid
943 1408 1062 1443 temere
1088 1409 1217 1443 dicere.

337 1460 462 1494 Dicam
483 1471 563 1504 ergo
590 1470 658 1494 non
672 1457 761 1503 quod
776 1469 840 1503 ego
854 1470 894 1492 ex
902 1459 1007 1501 capite
1018 1458 1111 1503 fingo
1124 1471 1134 1503 3
1161 1459 1214 1494 sed

338 1509 429 1553 quod
449 1521 524 1544 ante
543 1521 595 1543 me
626 1510 809 1543 docuerunt
836 1508 1035 1542 subtiliffimi
1062 1508 1214 1555 Magistri

338 1560 404 1593 mei
427 1584 437 1600 ,
466 1559 661 1594 Nominales
686 1583 693 1590 .
722 1558 807 1601 Κεφ.
829 1564 928 1600 itaque
947 1560 992 1591 ad
1009 1567 1214 1602 argumentum

336 1619 403 1642 eum
415 1609 554 1656 Gabriele
576 1614 608 1641 in
626 1620 654 1657 3.
678 1608 776 1653 dtst.7.
799 1610 899 1650 quaest.
921 1614 1030 1646 unica,
1053 1609 1154 1642 dub.2.
1168 1620 1213 1643 ne·

335 1659 438 1703 gando
463 1665 625 1692 minorem.
654 1659 697 1692 Et
721 1658 797 1692 dico
825 1668 939 1692 vocem
965 1657 1047 1691 homo
1071 1660 1212 1701 respectu

337 1709 439 1743 Verbi
465 1710 499 1743 δε
524 1708 610 1743 Petri
629 1707 833 1750 aliorumque
860 1707 1034 1742 hominum
1060 1718 1213 1751 purorum

335 1758 399 1793 effe
417 1758 489 1793 vere
499 1759 690 1804 analogam:
717 1768 755 1792 ut
782 1758 907 1801 optime
919 1757 1031 1801 probat
1043 1769 1212 1803 argumen-

335 1817 407 1843 tum
421 1809 542 1842 fastum
553 1834 561 1841 .
591 1809 647 1843 Est
663 1819 773 1843 tamen
786 1808 927 1857 analoga
940 1832 951 1848 ,
979 1819 1046 1842 non
1059 1809 1211 1852 analogia

337 1859 542 1900 extrinseca3
571 1858 626 1890 sed
638 1857 815 1891 intrinseca
827 1881 834 1889 .
864 1858 958 1904 Qid
971 1856 1038 1892 haec
1049 1858 1106 1898 fit,
1132 1859 1211 1892 scies

335 1909 425 1943 dubio
438 1921 469 1955 7.
483 1908 604 1950 Neque
614 1905 679 1939 hoc
690 1906 735 1939 est
750 1917 865 1940 contra
877 1907 1034 1941 Concilia
1047 1931 1058 1946 ,
1069 1918 1125 1942 aut
1137 1908 1214 1941 San·

336 1960 407 1992 etos
418 1957 551 1994 Patrem
579 1956 627 1990 illi
646 1957 735 1990 enim
747 1955 957 1990 solummodo
968 1956 1111 1994 docent,
1133 1957 1213 1990 Vet-

336 2007 417 2042 bum
429 2008 596 2042 Divinum
622 2008 685 2041 elie
698 2017 810 2040 verum
823 2005 992 2040 hominem
1005 2030 1015 2046 ‚
1044 2007 1083 2038 ld
1093 2003 1129 2044 est
1139 2018 1151 2038 .-
1177 2005 1211 2039 in

336 2060 371 2093 se
394 2057 512 2093 babere
532 2069 642 2092 veram
666 2057 922 2090 humanitatem.
953 2055 1009 2088 An
1022 2066 1132 2089 autem
1147 2066 1212 2089 vox

337 2108 420 2142 bomo
439 2106 577 2143 dicenda
597 2107 683 2140 foret
706 2106 848 2138 univoca
861 2127 872 2143 ,
898 2114 942 2136 an
965 2105 1104 2147 analoga
1120 2126 1130 2141 ,
1152 2104 1208 2145 ipli

338 2169 446 2202 neque
455 2157 608 2191 dixerunt
620 2177 631 2195 ,
643 2164 749 2197 neque
758 2153 864 2186 dicere
874 2162 1068 2185 curaverunt
1081 2177 1088 2184 .
1101 2151 1212 2186 Theo·

337 2208 409 2253 logi
434 2204 626 2241 Scholastici
649 2201 862 2238 communius
884 2202 1001 2239 dicunt
1011 2202 1073 2235 effe
1089 2202 1212 2236 univo-

339 2268 434 2292 cam:
463 2254 662 2291 Nominales
670 2263 803 2289 tamen,
827 2262 971 2293 quorum
983 2261 1063 2294 ergo
1075 2251 1211 2294 discipu-

339 2308 390 2342 lus
409 2308 478 2341 sum
494 2329 504 2344 ,
531 2305 647 2339 dieunt
667 2304 730 2336 effe
748 2300 944 2345 analogam.
971 2300 1090 2344 Neque
1103 2310 1211 2335 tamen

339 2366 456 2392 omnes
480 2354 537 2389 alii
559 2350 733 2397 Theologi
748 2349 836 2385 mihi
860 2348 915 2384 hic
936 2350 1010 2385 sunt
1020 2349 1210 2385 adversarii:

338 2404 471 2452 plurimi
494 2403 585 2438 enim
595 2412 731 2442 eorum,
757 2401 837 2436 dum
861 2399 1069 2435 voceiubomo
1097 2399 1212 2436 dicunt

339 2458 404 2492 effe
417 2455 593 2491 univocam
606 2476 618 2494 ,
638 2451 679 2487 de
691 2463 772 2486 voce
784 2450 927 2485 univoca
939 2451 1061 2496 largius
1074 2451 1212 2495 loquun-

339 2517 394 2543 tur
406 2531 418 2548 ,
443 2506 523 2541 ficut
549 2505 677 2539 locutus
697 2502 741 2537 est
754 2501 945 2537 Aristoteles
957 2502 992 2536 in
1005 2500 1094 2536 Ante
1108 2500 1209 2544 praedi-

339 2557 500 2593 camentis
514 2569 525 2590 .·
550 2563 648 2601 prout
670 2553 793 2588 scilicet
817 2550 1030 2597 distinguitur
1040 2560 1211 2586 contraae-

342 2608 520 2651 quivoeam
551 2630 564 2647 ‚
589 2601 908 2648 comprehenditque.
925 2601 983 2637 sub
1003 2602 1036 2635 se
1056 2602 1088 2636 ἀ
1101 2599 1210 2636 analo·

339 2668 438 2703 gam,
463 2657 497 2691 dt
518 2655 695 2689 univocam
716 2652 845 2697 proprie
867 2652 983 2686 dictam
998 2675 1006 2683 .
1033 2652 1122 2686 Vide
1145 2651 1211 2687 Ga·

339 2707 473 2742 brielem
484 2707 655 2746 lococitato,
680 2702 830 2749 &ffb-4·
853 2700 983 2744 ejusdem
1003 2701 1102 2744 quest.
1118 2702 1211 2736 Male

339 2769 421 2802 ergo
446 2758 564 2791 Suarez
574 2757 632 2790 loco
649 2756 719 2796 jam
736 2758 828 2786 citato
853 2751 936 2786 dixit
949 2751 1211 2787 Catholicumde

338 2808 431 2843 vocis
453 2807 535 2840 bomo
555 2802 793 2840 univocatione
805 2814 873 2837 non
888 2803 975 2846 posse
992 2802 1159 2836 dubitare.

392 2867 449 2904 49.
477 2849 698 2900 Dicesecundci:
728 2853 885 2897 Analoga
896 2852 1074 2897 analogata
1087 2852 1161 2886 fiant
1171 2851 1208 2884 il-

342 2908 393 2947 la,
420 2907 704 2952 quorumfnomen
728 2913 906 2938 commune
925 2901 971 2936 est
988 2925 998 2942 ,
1025 2902 1110 2936 ratio
1132 2901 1210 2935 vero

339 2957 470 2992 nomini
480 2955 727 2991 accommodata
745 2953 790 2988 est
804 2953 921 2996 partim
933 2950 1046 2986 eadem
1056 2975 1066 2990 ,
1093 2951 1209 2995 partim

341 3008 483 3043 diversa.
511 3007 551 3039 ld
570 3005 629 3046 est:
655 3006 740 3040 Sunt
755 3003 866 3048 plures
878 3013 926 3036 res
947 3001 1135 3046 fignificatae
1158 3013 1211 3045 per

341 3058 481 3093 eandem
499 3059 614 3091 vocem
638 3080 649 3096 ‚
684 3054 718 3088 in
737 3052 840 3106 Xcujus
866 3051 998 3086 formali
1030 3049 1210 3095 fignificato

342 3106 672 3152 partimconveniunt
681 3129 692 3145 ,
718 3104 835 3148 partim
847 3102 1099 3137 disconveniunt
1110 3114 1119 3140 ;
1132 3113 1210 3136 con·

346 3159 481 3193 veniunt
494 3155 625 3201 quidem
639 3155 674 3189 in
689 3153 819 3189 formali
829 3151 1014 3198 fignificato
1024 3150 1211 3192 habito‚dis·

345 3209 548 3243 conveniunt
568 3203 644 3241 vero
668 3205 702 3240 in
727 3201 985 3239 modohabendi
1006 3201 1109 3236 illud.
1136 3202 1211 3237 Sive

346 3258 519 3303 analogata
539 3258 615 3291 sunt
635 3254 740 3299 plures
762 3265 812 3288 res
831 3253 1016 3298 fignificatae
1036 3250 1077 3285 ab
1099 3251 1211 3286 eadem

346 3315 450 3347 voce,
475 3304 643 3351 quaeidem
663 3303 750 3340 illius
770 3303 909 3338 formale
930 3299 1212 3348 significatum-ha-

348 3353 429 3387 bent
442 3356 475 3388 in
487 3358 517 3390 se
527 3357 655 3391 diverso
666 3353 768 3390 modo
781 3379 790 3387 .
819 3353 926 3388 Unde
937 3353 972 3386 in
981 3364 1064 3388 voce
1076 3352 1214 3396 analoga

347 3402 615 3448 distinguietiam
637 3405 758 3440 debent
779 3403 858 3438 tria:
887 3403 1041 3438 nimirum
1054 3413 1119 3437 vox
1138 3411 1214 3437 ana-

348 3453 487 3498 logans,
511 3454 616 3490 forma
635 3453 894 3500 analogans‚>·&
913 3452 1052 3499 analoga
1063 3452 1218 3499 analogas

1274 2504 1323 2550 2

1255 3037 1265 3455 ἱ

1281 124 1328 170 Ι)
1342 141 1366 169 υ
1381 142 1416 172 Β.
1458 128 1532 174 VI.

1293 219 1345 245 ta:
1373 222 1414 245 eo
1425 212 1528 247 modo
1537 234 1548 250 ,
1571 221 1640 256 quo
1650 211 1741 255 supra
1753 210 1822 246 dixi
1835 209 1875 247 de
1887 222 1965 247 voce
1973 209 2153 254 aequivoca,

1290 259 1325 294 dc
1337 261 1476 296 univoca
1487 288 1495 295 .
1521 261 1603 297 Item
1617 262 1791 307 analogata
1814 262 1888 296 sunt
1902 274 1970 296 non
1982 260 2085 295 solum
2099 272 2154 294 vo-

1290 311 1336 344 cis
1345 312 1489 358 analogae
1497 313 1676 358 fignificata
1689 324 1699 354 ;
1726 311 1778 346 sed
1790 310 1887 345 etiam
1901 309 1986 346 illius
1995 310 2154 356 fignifica-

1289 369 1321 395 ta
1342 363 1420 396 resta
1430 387 1441 402 ,
1470 374 1509 397 ac
1521 363 1727 398 secundaria:
1754 371 1790 395 ut
1803 363 1894 404 supra
1905 361 1976 395 dixi
1986 361 2154 396 deunivo-

1288 412 1367 444 eatis
1378 436 1386 444 .
1414 412 1523 447 immo
1544 414 1617 448 sunt
1645 414 1734 447 vocis
1743 412 1890 455 analogae
1900 410 2074 455 significata
2085 422 2153 446 ma-

1288 461 1412 496 terialia
1427 475 1438 494 :
1467 463 1564 505 quia,
1591 474 1628 498 ut
1649 463 1756 498 statim
1767 462 1873 509 dub17.
1887 461 1994 495 dicam
2007 483 2018 499 ,
2043 461 2151 495 omnis

1288 520 1351 543 vox
1365 510 1503 556 analoga
1511 511 1611 547 debet
1624 515 1686 547 effe
1709 523 1862 547 concreta
1874 535 1885 552 ‚
1911 511 1944 544 in
1958 520 2021 554 qua
2033 510 2153 544 coinci-

1286 560 1369 594 dunt
1388 561 1605 605 fignificatum
1630 562 1796 597 materiale
1816 563 1849 597 ὅ(
1862 561 1985 596 ῐοὲὶυπι
1998 578 2007 587 ·
2137 602 2140 604 ¹

1336 619 1390 655 50.
1419 611 1572 656 Analoga
1593 623 1673 656 ergo
1693 612 1864 656 analogata
1877 613 1949 645 sunt
1962 610 2051 655 plura
2065 608 2154 644 idem

1284 659 1425 702 ejusdem
1439 661 1529 695 vocis
1544 662 1764 706 fignificatum
1776 662 1913 696 formale
1926 659 2153 705 participantia

1285 710 1409 744 diverso
1424 712 1550 753 rnodo;
1576 712 1653 745 ficut
1666 711 1807 745 univoca
1817 712 1990 747 univocata
2002 711 2074 744 sunt
2083 709 2153 752 plu·

1285 771 1316 793 ra
1329 759 1416 794 idem
1436 760 1579 804 ejusdem
1600 762 1692 796 vocis
1714 760 1929 806 significatum
1940 760 2076 796 formale
2083 769 2151 801 par-

1284 810 1452 854 ticipantia
1471 812 1587 846 eodem
1601 811 1703 846 modo
1718 835 1725 843 .
1757 811 1845 845 Cum
1858 808 1918 845 hac
1931 821 2037 845 tamen
2050 808 2147 843 diffe-

1284 862 1387 895 rentia
1403 873 1415 894 .-
1441 873 1540 904 quam
1563 861 1724 896 subtiliter
1744 861 1879 895 advertit
1891 859 2074 895 Cardinalis
2086 858 2150 893 Ca·-

1281 910 1406 952 jetanus
1417 917 1450 943 in
1461 910 1552 955 opusc.
1561 912 1586 947 ι’.
1596 922 1700 960 tom.3.
1717 909 1831 957 ‘’pust-5
1840 918 1913 952 sap.
1923 921 1952 946 2·
1962 910 2064 957 Qod
2077 908 2149 943 uni-

1281 971 1394 995 vocata
1405 960 1476 995 raro
1489 963 1678 1005 participent
1690 964 1827 996 formam
1839 959 1976 997 eandem
1989 969 2124 994 numero
2136 971 2146 1001 ;
2167 991 2169 993 ,

1282 1010 1334 1044 sed
1359 1011 1520 1046 ordinarie
1527 1013 1675 1046 teandem
1702 1012 1770 1046 sola
1793 1012 1917 1055 specie,
1943 1011 1993 1045 vel
2005 1020 2123 1055 genere
2135 1021 2146 1051 ;

1280 1060 1455 1106 analogata
1492 1062 1571 1096 vero
1599 1062 1793 1106 participant
1818 1062 1958 1097 formam
1982 1058 2145 1096 ordinarie

1281 1110 1419 1146 eandem
1432 1122 1588 1147 numero.
1619 1115 1708 1145 Patet
1728 1111 1782 1144 boe
1799 1112 1979 1145 indue‘ltone:
2011 1110 2146 1154 verbgr.

1279 1160 1426 1200 animal,
1450 1159 1611 1196 medicina
1623 1186 1634 1201 ,
1661 1162 1696 1195 &
1722 1161 1815 1196 urina
1826 1185 1836 1199 ,
1861 1171 1932 1204 quae
1952 1161 2025 1194 sunt
2035 1159 2148 1194 analo·

1278 1220 1352 1254 gata
1364 1210 1455 1245 vocis
1461 1210 1592 1254 sanum,
1618 1210 1740 1246 habent·
1764 1211 1798 1246 in
1811 1212 1842 1245 se
1862 1211 1999 1246 eandem
2010 1219 2147 1244 numero

1279 1261 1452 1295 sanitatem
1479 1273 1486 1293 :
1517 1262 1677 1296 illamtnet
1698 1260 1786 1296 enirn
1814 1262 1985 1296 sanitatem
2007 1284 2019 1301 ,
2044 1269 2146 1302 quam

1277 1310 1402 1345 animal
1415 1310 1449 1346 in
1463 1312 1495 1346 se
1518 1310 1635 1353 habet,
1666 1311 1827 1346 medicina
1838 1311 1957 1345 cauffo:
1970 1335 1982 1351 ,
2006 1310 2143 1344 &urina

1277 1360 1441 1404 fignificat
1453 1373 1460 1393 :
1481 1362 1596 1397 eadem
1606 1373 1686 1407 ergo
1697 1372 1834 1396 numero
1847 1360 1964 1396 sanitas
1974 1359 2019 1394 est
2030 1360 2065 1394 in
2075 1357 2147 1395 ani·

1279 1411 1358 1445 mali
1372 1411 1556 1446 formaliter
1564 1434 1576 1451 ,
1601 1411 1636 1446 in
1649 1411 1811 1446 medicina
1821 1411 2003 1445 eminenter
2014 1432 2026 1450 ,
2036 1407 2070 1442 in
2082 1408 2147 1448 uri·

1276 1471 1319 1494 na
1347 1461 1612 1496 intentionaliter
1621 1488 1630 1495 .
1656 1461 1740 1496 Item
1767 1472 1820 1495 aer
1845 1461 1880 1495 ἀ
1903 1460 1952 1495 sol
1965 1485 1977 1500 ,
2000 1457 2146 1503 quisunt

1275 1510 1447 1556 analogata
1471 1512 1560 1546 vocis
1570 1511 1687 1545 calidus
1708 1535 1719 1552 ,
1746 1508 1868 1545 habent
1886 1511 1922 1544 in
1949 1510 1980 1545 se
2003 1508 2145 1550 eundem

1277 1571 1416 1595 numero
1427 1561 1570 1595 calorem
1583 1573 1593 1598 ;
1620 1562 1668 1595 sol
1680 1559 1810 1604 quidem
1822 1560 2003 1595 eminenter
2012 1581 2023 1598 ,
2046 1557 2080 1592 &
2090 1567 2146 1593 aet

1274 1611 1293 1645 a
1303 1610 1370 1645 sole
1381 1611 1550 1645 calefactus
1561 1612 1759 1645 formaliter.
1785 1610 1884 1645 Illum
1891 1620 1957 1644 met
1976 1607 2066 1644 enim
2087 1618 2145 1642 nu·

1275 1671 1366 1694 mero
1377 1660 1520 1695 calorem
1532 1684 1544 1701 ,
1570 1671 1637 1705 quo
1665 1672 1718 1695 aer
1729 1660 1906 1694 formaliter
1917 1659 2003 1696 calet
2014 1683 2024 1698 ,
2050 1657 2098 1692 sol
2109 1657 2146 1692 in

1274 1720 1346 1744 aere
1368 1710 1519 1754 producit
1538 1735 1549 1751 ,
1579 1710 1729 1754 caletque
1747 1709 1807 1744 illo
1833 1710 2015 1744 eminenter
2025 1732 2034 1741 .
2060 1706 2145 1746 Item

1275 1759 1379 1794 homo
1390 1761 1482 1794 vivus
1491 1761 1524 1795 δε
1534 1758 1638 1795 homo
1663 1761 1765 1803 pistus
1777 1784 1789 1801 ,
1813 1759 1870 1805 qui
1883 1760 1959 1794 sunt
1969 1755 2145 1802 analogata

1273 1809 1363 1844 vocis
1372 1809 1454 1843 bomo
1462 1834 1474 1851 ,
1502 1809 1627 1844 habent
1640 1809 1675 1844 in
1687 1811 1720 1845 se
1737 1809 1877 1845 eandem
1885 1807 2142 1843 humanitatem:

1273 1859 1329 1895 illa
1341 1860 1462 1905 quippe
1483 1858 1667 1895 humanitas
1677 1883 1689 1901 ,
1714 1871 1783 1904 quai
1791 1859 1836 1893 est
1859 1858 1895 1893 in
1908 1858 1986 1893 vivo
1997 1857 2144 1893 ficutna-

1273 1919 1344 1944 tura
1366 1911 1401 1945 in
1414 1910 1596 1955 supposito,
1619 1908 1666 1945 est
1686 1909 1721 1944 in
1734 1909 1819 1954 picto
1831 1909 1909 1943 ficut
1923 1908 2141 1954 significatum

1274 1959 1309 1992 in
1320 1960 1421 2002 signo
1431 1984 1440 1991 .

1323 2020 1342 2054 5
1351 2018 1378 2043 1.
1407 2001 1495 2042 Dices
1507 2015 1609 2042 tamen
1619 2017 1720 2043 contra
1730 2009 1818 2051 finem
1828 2006 1983 2051 conclufiz.
1995 2004 2146 2042 Axioma

1275 2057 1548 2092 summulisticum
1563 2059 1626 2093 est:
1660 2071 1720 2093 vox
1742 2059 1867 2103 analoga
1886 2054 2146 2100 persepolitastat

1267 2114 1324 2147 pro
1332 2108 1498 2146 prtncipall
1508 2110 1665 2149 analogum
1675 2132 1683 2139 .
1717 2109 1824 2151 Atqui
1848 2105 2025 2149 principale
2035 2107 2148 2140 analo·

1271 2164 1385 2198 gatum
1397 2155 1442 2188 est
1453 2154 1632 2198 principale
1644 2153 1735 2188 vocis
1744 2155 1893 2199 analogae
1904 2154 2121 2199 significatum
2133 2165 2145 2187 =

1271 2215 1351 2249 ergo
1371 2203 1548 2249 analogata
1574 2214 1643 2238 non
1666 2205 1791 2247 semper
1813 2205 1887 2238 sunt
1899 2203 2080 2248 significata
2101 2203 2146 2238 se·

1272 2252 1426 2288 cundaria
1437 2278 1445 2286 .
1472 2251 1559 2296 Resp.
1581 2254 1717 2297 negando
1738 2259 1880 2287 minorem
1900 2267 1912 2286 .-
1941 2254 2054 2287 Omne
2069 2264 2144 2294 anva-¹

1272 2303 1423 2348 logatum
1444 2302 1563 2346 quippe
1575 2326 1586 2343 ‚
1613 2314 1689 2337 curn
1713 2303 1749 2336 fit
1765 2303 1857 2337 vocis
1867 2302 2014 2347 analogae
2023 2301 2146 2346 fignifi-

1272 2364 1384 2387 catum
1407 2351 1593 2392 materiale,
1614 2352 1648 2386 ἀ
1671 2351 1844 2395 subjeetum
1858 2348 2053 2396 participans
2073 2352 2145 2385 for-

1273 2414 1360 2437 mam
1371 2402 1412 2437 ab
1425 2402 1482 2437 illa
1494 2402 1716 2446 principaliter
1737 2403 1953 2447 fignificatam
1966 2426 1978 2442 ,
2004 2402 2144 2437 neceffa-

1272 2452 1323 2488 rio
1346 2454 1408 2487 efle
1431 2452 1529 2487 debet
1548 2452 1635 2485 illius
1655 2452 1873 2496 fignificatum
1895 2451 2122 2486 secundarium
2132 2475 2141 2484 .

1310 2503 1363 2536 uia
1374 2514 1484 2538 tamen
1505 2502 1588 2536 inter
1598 2502 1784 2536 secundaria
1804 2501 1938 2544 alicujus
1950 2501 2037 2535 vocis
2047 2500 2143 2545 figni-

1272 2553 1368 2587 ficata
1379 2551 1474 2587 datur
1484 2552 1568 2586 ordo
1580 2551 1764 2594 posterioris
1783 2552 1816 2585 ἀ
1829 2552 1943 2594 prioris
1954 2574 1965 2590 ,
1989 2551 2024 2584 &
2037 2561 2141 2585 unum

1271 2597 1434 2648 efl‘magis
1447 2600 1714 2647 secundarium&
1725 2611 1886 2635 remotum
1899 2625 1910 2642 ,
1919 2611 2017 2644 quam
2029 2600 2119 2634 aliud
2129 2624 2141 2642 ,

1271 2652 1351 2687 hinc
1385 2651 1486 2686 etiam
1523 2662 1627 2686 unum
1655 2661 1791 2685 vocatur
1815 2651 1927 2694 magis.
1937 2650 2117 2694 principale
2127 2673 2140 2690 ‚

1271 2712 1370 2747 quam
1381 2701 1470 2736 aliud
1482 2725 1490 2734 .
1517 2702 1571 2735 Sic
1581 2701 1683 2735 etiam
1695 2711 1776 2745 ergo
1799 2699 1854 2745 hic
1865 2701 1950 2735 inter
1962 2699 2142 2744 analogata

1271 2763 1375 2787 unum
1388 2753 1525 2787 vocatur
1537 2749 1716 2795 principale
1728 2750 1939 2795 analogatum
1952 2761 1961 2782 z
1986 2748 2069 2784 illud
2083 2748 2145 2784 sci-.

1271 2802 1348 2837 licet
1359 2827 1371 2842 ,
1389 2800 1489 2846 quod
1501 2802 1639 2835 formam
1649 2801 1668 2834 ὲ
1678 2810 1756 2834 voce
1767 2800 1906 2845 analoga
1919 2799 2142 2844 principaliter

1270 2853 1484 2898 fignificatam
1497 2850 1670 2896 participat
1683 2849 1718 2883 δε
1729 2848 1826 2884 habet
1836 2849 2060 2893 perfeaiffimo
2073 2859 2142 2883 mo-

1270 2903 1316 2938 do
1327 2928 1336 2936 .
1359 2902 1509 2937 Vocatur
1520 2926 1531 2942 ‚
1558 2900 1715 2943 inquam,
1727 2900 1905 2943 principale
1915 2900 2143 2945 analogatum,

1272 2953 1348 2988 licet
1375 2963 1445 2987 non
1471 2951 1508 2984 fit
1534 2949 1711 2994 principale
1731 2949 1821 2984 vocis
1831 2950 1975 2996 analogae
1984 2949 2144 2994 fignifica-

1271 3013 1343 3038 tum
1355 3016 1368 3037 .·
1393 3011 1528 3037 voeatut
1537 3000 1627 3034 enim
1640 2998 1815 3044 principale
1828 3024 1840 3040 ,
1853 3011 1920 3034 non
1933 3001 2018 3034 inter
2027 2998 2141 3034 omnia.

1272 3053 1364 3089 vocis
1373 3051 1517 3096 analogae
1526 3049 1702 3095 significata
1713 3061 1727 3090 ;
1752 3048 1803 3083 sed
1817 3050 1901 3084 inter
1910 3049 1978 3084 sola
1989 3047 2056 3092 ejus
2066 3059 2142 3082 ana-

1273 3104 1382 3149 logata
1394 3128 1406 3146 ‚
1431 3113 1503 3146 qua:
1519 3101 1600 3138 *sunt
1613 3099 1794 3145 significata
1803 3099 1991 3135 secundaria
2003 3122 2010 3131 .

1472 3202 1508 3237 D
1533 3201 1574 3239 U
1599 3198 1628 3235 Β
1652 3200 1670 3234 1
1696 3199 1737 3236 U
1761 3199 1804 3234 M
1836 3183 1838 3185 ’
1863 3197 1942 3234 vu.

1349 3275 1672 3346 Corollarianquaedam
1692 3273 1771 3335 ἔθνεα
1791 3310 1877 3335 voces
1903 3301 2066 3344 analogaes.

1454 3406 1487 3437 X
1496 3402 1585 3437 diffls
1606 3402 1738 3446 sequitur
1747 3403 1844 3445 prim&
1857 3414 1867 3435 .·
1897 3400 2025 3436 Vocem
2036 3400 2145 3435 analo·

1465 3464 1540 3501 gam
1552 3454 1727 3492 necessario
1739 3452 1856 3489 debere
1867 3452 1929 3488 effe
1943 3461 2058 3485 vocem
2068 3462 2147 3486 con·

1951 3510 2076 3537 cretam
2090 3527 2097 3536 .

1275 3412 1329 3452 520
