2384 3770
374 145 476 183 -116
713 146 718 160 ³
764 138 1085 185 Dr's'nurn't.

337 220 493 256 nobiliori
505 220 744 266 significatione
752 223 866 257 actuali
879 248 890 264 ,
919 234 1016 266 quam
1031 222 1127 258 fuerit
1137 234 1211 257 con-

338 282 450 314 ceptus
484 280 522 303 ac
546 272 688 307 intenti·
720 271 883 317 loquentis
907 282 962 306 aut
988 272 1214 314 instituentis;

339 319 432 353 ficuti
453 321 565 366 ignem
589 322 764 364 subjeetum
789 325 881 357 suum
901 323 1067 365 persecutis
1092 324 1214 357 calefa-

339 376 431 410 eete,
457 381 513 404 aut
535 373 734 406 intellectum
761 373 924 416 objectum
938 374 1029 406 suum
1044 371 1213 416 perfectius

340 420 544 465 intelligere,
567 421 612 455 est
635 423 718 456 illud
740 424 915 457 calefacere
937 423 1113 465 perfefinori
1127 423 1212 456 cale·-

341 471 501 512 fastiom,
526 483 564 506 ac
585 472 767 517 intelligere
781 472 960 516 perfestiori
973 473 1211 514 intellectione3

341 521 431 566 atqui
453 533 548 556 voces
569 522 749 567 significate
773 524 925 565 possunt,
948 534 984 555 ac
1014 524 1091 566 saepe
1115 523 1210 567 signi

340 572 439 606 {icant
461 574 554 606 suum
582 574 797 617 significatum
812 571 990 614 perfectiori
1004 571 1212 616 significatio-

340 635 384 659 ne
401 622 517 657 actuali
532 646 542 664 ,
566 634 661 666 quam
690 623 784 656 suerit
805 632 984 664 conceptus
1003 634 1039 654 ac
1070 623 1212 658 intentio

339 674 526 717 hquentiS,
554 684 608 707 aut
637 673 851 706 instituentis:
879 683 960 716 ergo
982 671 1209 714 possuntsuum

339 724 559 769 significatum
576 722 742 766 perfectius
754 723 931 766 significare
942 721 1103 761 audienti,
1114 733 1210 766 quam

336 774 437 810 fuerit
461 783 655 817 conceptum
669 797 679 813 ,
699 784 736 806 ac
758 772 932 816 significari
962 772 1211 806 intentumalo.

340 836 463 869 quente
489 823 538 856 vel
563 822 753 855 instituente
779 848 786 855 .
815 821 965 855 Probatur
986 827 1080 854 minor
1102 835 1109 855 ι
1135 823 1209 863 quia

338 1083 456 1106 vocem
481 1072 660 1114 perfectiori
687 1071 924 1116 significatione
935 1071 1116 1116 significare
1130 1072 1209 1105 nihil

339 1122 385 1157 est
403 1121 490 1156 aliud
505 1145 516 1161 ,
542 1132 638 1165 quam
661 1121 849 1155 audientem
875 1121 909 1154 in
933 1123 965 1155 se
987 1133 1027 1154 ex
1041 1123 1211 1156 occasione

340 1172 432 1208 vocis
452 1171 569 1206 auditae
587 1170 805 1216 perfectiorem
826 1170 869 1207 de
893 1183 925 1205 re
946 1171 1124 1216 significata
1136 1182 1208 1204 con-

338 1231 471 1266 ceptum
483 1223 645 1265 formare3
673 1221 762 1265 atqui
773 1221 908 1255 audiens
918 1222 995 1264 saepe
1006 1220 1122 1255 format
1136 1232 1208 1254 con·

339 1283 470 1316 ceptum
493 1271 533 1306 de
557 1283 589 1305 re
614 1276 669 1315 per
687 1282 802 1305 vocem
826 1271 844 1305 ὃ,
867 1273 899 1305 se
918 1271 1060 1305 auditam
1084 1270 1207 1315 signifi-

340 1334 412 1357 cata
434 1321 535 1367 longe
548 1321 793 1365 perfectiorem,
823 1321 1076 1362 distinffiorem,
1104 1333 1141 1354 ac
1158 1332 1210 1354 no·

340 1371 513 1411 biliorem‚
537 1383 638 1413 quam
661 1372 846 1405 formaverit
874 1372 1032 1415 loquens,
1057 1371 1213 1405 autinssi—

339 1433 452 1457 tuens:
482 1423 571 1466 Ergo
591 1432 687 1455 voces
706 1421 884 1465 significare
898 1421 1026 1464 possunt
1048 1445 1059 1461 ‚
1085 1433 1121 1455 ae
1135 1420 1213 1464 saepe

338 1472 524 1516 significant
549 1473 639 1504 suum
661 1471 877 1516 significatum
899 1471 1136 1515 significatione
1149 1482 1212 1515 per·

341 1521 465 1556 fectiori
485 1546 496 1562 ,
522 1532 618 1564 quam
634 1521 728 1554 fuerit
749 1532 927 1563 conceptus
949 1532 986 1554 ac
1008 1521 1151 1555 intentio
1165 1521 1208 1554 lo-

342 1572 494 1616 quentis,
520 1582 576 1606 aut
601 1571 822 1604 instituentis.
851 1574 942 1604 Pater
964 1570 1211 1604 minor-indum·

341 1633 379 1654 ne
397 1626 606 1663 experientiae·
638 1632 713 1654 nam
728 1621 805 1654 dum
819 1632 847 1652 v.
862 1633 893 1665 g
909 1622 1044 1655 rusticus
1056 1621 1213 1662 quidam,

335 1680 398 1706 ‘aut
429 1671 510 1704 alius
544 1671 651 1714 quivis
680 1671 816 1712 simplex
849 1670 1040 1705 Catholicus
1069 1671 1213 1713 loquitur

339 1732 417 1755 cum
441 1721 605 1764 profundo
628 1720 770 1764 quodam
798 1720 981 1765 Theologo
1005 1720 1044 1753 de
1059 1720 1212 1764 mysterio

340 1770 550 1810 Trinitatis,
578 1781 632 1804 aut
652 1769 915 1810 Incarnationis,
938 1763 1138 1816 Theologus
1159 1781 1211 1804 tw

339 1819 432 1854 diens
464 1818 564 1863 longe
595 1820 813 1862 perfectiorem
845 1832 883 1854 ac
906 1821 1076 1855 clariorem
1099 1831 1212 1854 couce-

339 1880 431 1915 ptum
451 1870 569 1903 format
591 1869 633 1902 de
655 1869 811 1911 mysterio
836 1882 890 1913 per
913 1881 1008 1904 voces
1030 1870 1048 1904 ὲ
1071 1871 1101 1904 se
1124 1870 1211 1904 audi·

340 1931 390 1955 tas
406 1918 586 1965 significato
601 1942 611 1958 ,
636 1927 733 1961 quam
755 1919 923 1958 formarit,
951 1931 1007 1953 aut
1028 1919 1070 1953 ab
1084 1918 1214 1953 audien·

340 1982 373 2005 te
393 1970 524 2004 formari
552 1967 725 2002 intenderit
750 1968 886 2003 rusticus
914 1970 1069 2011 loquens:
1099 1969 1213 2002 itemfi

340 2031 403 2055 nos
425 2020 465 2054 de
486 2018 554 2052 istis
578 2017 737 2061 mysteriis
761 2030 836 2052 cum
851 2019 1007 2062 Angelo,
1033 2029 1089 2052 aut
1102 2015 1211 2051 horni-

339 2082 383 2105 ne
405 2070 503 2104 beato
518 2068 821 2109 sermocinaremur3
850 2068 949 2110 longe
962 2066 1161 2109 perfestiores
1174 2068 1214 2101 de

299 2151 302 2154 ,
342 2121 409 2155 illis
428 2127 607 2160 conceptus
624 2117 801 2150 formarent
825 2115 874 2148 illi
895 2115 1065 2149 audientes
1078 2138 1089 2155 ‚
1116 2126 1212 2158 quam

342 2181 404 2204 uos
425 2169 611 2209 loquentes:
638 2176 718 2209 ergo
739 2165 873 2198 audiens
897 2164 974 2207 saepc
992 2165 1112 2198 format
1137 2175 1213 2198 con-

342 2229 474 2262 ceptum
501 2217 541 2250 de
563 2227 596 2249 re
618 2226 672 2258 per
695 2225 807 2248 vocem
831 2214 850 2248 a
880 2216 910 2248 se
930 2214 1074 2258 auditam
1097 2214 1213 2259 signifi·

343 2278 416 2303 cata
439 2266 539 2311 longe
559 2264 798 2309 perfectiorem,
824 2275 923 2308 quam
950 2264 1096 2298 formarit
1122 2289 1133 2305 ,
1158 2275 1213 2297 aut

340 2318 386 2353 ab
409 2317 560 2351 audiente
579 2314 712 2349 formari
732 2314 909 2349 intenderit
931 2314 1069 2356 loquens
1093 2313 1143 2348 vel
1166 2315 1213 2348 in

342 2367 499 2402 stituens.

395 2427 454 2465 41-
479 2415 608 2457 objicies
629 2418 748 2458 prima.-
775 2417 859 2450 asius
881 2415 914 2449 &
935 2413 1027 2449 verba
1049 2414 1213 2459 agentium

344 2480 414 2504 non
435 2478 608 2510 operantur
630 2466 712 2499 ultra
735 2465 954 2499 intentionem
977 2466 1169 2509 agentium,
1196 2466 1213 2497 Ι.

345 2530 404 2553 non
428 2523 543 2555 omnir,
563 2515 600 2557 ffi
614 2515 643 2558 fi
659 2526 770 2549 cerrum
777 2524 901 2557 petatur
915 2540 922 2547 .
949 2515 1030 2548 Item
1054 2515 1176 2549 verba'
1169 2527 1215 2548 in·

345 2565 525 2611 telligenda
548 2568 620 2600 sunt
641 2565 730 2608 iuxta
756 2576 898 2599 mentem
916 2589 926 2604 ,
955 2565 986 2598 &
1011 2565 1214 2599 voluntatem

345 2617 533 2661 loquentis;
559 2615 779 2650 meusetenim
802 2616 836 2650 ἀ
861 2615 1013 2649 voluntas
1027 2613 1213 2659 ubiqueha

347 2667 420 2702 bere
437 2667 575 2711 primum
596 2666 707 2700 locum
728 2691 738 2707 ,
775 2677 812 2699 ac
841 2664 935 2699 verba
969 2676 1078 2709 regere
1097 2665 1212 2699 debet-

347 2718 441 2762 Ergo
464 2727 557 2750 voces
579 2726 644 2748 non
670 2716 801 2759 possunt
823 2715 1040 2760 fignificatum
1065 2716 1157 2748 suum
1179 2713 1212 2746 si·

347 2767 501 2812 gnificare
510 2765 674 2809 perfeetius
685 2765 851 2806 audienti,
877 2776 974 2808 quam
988 2765 1083 2798 fuerit
1098 2775 1209 2802 menS,

346 2829 385 2852 ac
406 2818 550 2851 intentio
571 2816 735 2859 loquentis
756 2839 767 2856 ‚
793 2825 851 2848 aut
876 2814 1093 2849 instituentis.
1121 2812 1204 2858 Refp

347 2878 412 2912 neg.
433 2866 542 2910 conseq.
569 2866 641 2909 Jura
668 2865 756 2900 enim
777 2866 902 2908 praefata
924 2876 991 2899 non
1014 2875 1135 2908 negant
1159 2865 1212 2904 id,

348 2917 439 2962 quod
461 2927 521 2951 nos
553 2917 761 2957 asseruimus3
789 2926 892 2958 neque
913 2913 1001 2948 enim
1016 2914 1056 2948 de
1068 2914 1208 2954 enodan

348 2966 419 3007 dis,
446 2966 497 2999 vel
518 2965 706 3000 decidendis
723 2964 809 2999 hisce
830 2963 1076 2998 difficultatibus
1097 2964 1212 3008 logicis

347 3016 395 3051 ita
420 3017 550 3050 fuerunt
577 3015 713 3050 sollicita
741 3027 748 3047 :
773 3026 840 3048 non
865 3014 952 3048 enim
975 3016 1090 3048 volunt
1111 3016 1208 3047 aetua-

349 3066 414 3100 lem
434 3075 550 3099 vocum
573 3066 846 3110 significationem
872 3075 1037 3107 nunquam
1050 3064 1138 3107 posse
1149 3066 1212 3098 esse

349 3114 544 3150 nobiliorem
573 3127 610 3149 ac
629 3114 885 3156 distinfflorem,
909 3125 1009 3158 quarn
1033 3116 1125 3148 fuerit
1137 3126 1210 3147 con·

350 3175 460 3208 ceptus
471 3177 509 3199 ac
533 3165 675 3200 intentio
696 3166 884 3208 loquentis;
911 3164 975 3199 hoc
988 3164 1076 3198 enim
1088 3164 1212 3200 decide·

353 3225 385 3247 re
416 3217 448 3249 ἀ
471 3215 606 3248 definire
634 3226 745 3258 parum
778 3214 943 3258 profuisset
964 3214 1153 3258 Imperatori
1173 3215 1211 3248 ad

353 3264 463 3306 populi
487 3266 533 3298 sui
553 3266 667 3299 restam
690 3264 961 3309 gubernationem
987 3290 997 3305 ,
1021 3264 1056 3299 δι
1079 3276 1213 3308 pacem.

353 3313 414 3346 Sed
447 3315 561 3347 volunt
592 3315 750 3349 actualem
782 3326 900 3347 vocum
920 3315 1216 3358 significationem,

353 3361 461 3405 quoad
484 3364 611 3399 effeetus
621 3365 763 3409 legales,
791 3365 913 3398 scilicet
925 3365 1147 3408 obligationes
1161 3376 1210 3397 na-

353 3410 478 3456 scentes
497 3421 536 3444 ex
557 3413 797 3454 contrassibus,
823 3415 947 3448 ult-imis
969 3414 1212 3455 voluntatibus,

354 3457 481 3507 legibus
500 3484 511 3502 ‚
547 3471 583 3496 ac
602 3465 758 3508 rescriptis
779 3487 790 3504 ‚
818 3476 885 3499 non
913 3465 1001 3508 posse
1025 3466 1087 3499 effe
1109 3465 1213 3510 magis

1161 137 1245 183 111.

339 874 362 908 s
391 875 535 908 nificatro
568 873 700 908 assualis
719 883 806 905 vocis
874 882 935 915 qua
960 883 1024 905 vox
1048 872 1213 907 actualitor
1275 872 1334 905 &c
1359 873 1444 917 Qua:
1463 873 1575 906 omnia
1597 883 1664 906 non
1689 871 1722 905 in
1745 869 1992 929 significationis
2011 868 2147 914 qualita

339 924 501 970 fignificat
522 947 533 962 ‚
562 921 646 956 nibil
665 922 710 955 est
733 921 820 956 ahud
840 944 852 961 ,
890 933 989 965 quam
1010 933 1210 965 conceptus,
1276 932 1340 956 tem
1364 933 1402 955 ac
1422 923 1673 966 perfectionem3
1702 921 1754 956 sed
1779 922 1813 955 in
1841 920 1910 964 ejus
1932 920 2145 963 quantitatem

338 984 437 1018 quem
455 972 496 1006 de
516 979 549 1004 re
566 972 746 1018 significata
770 973 889 1004 format
910 972 1045 1007 audiens
1066 983 1104 1006 ex
1120 984 1208 1007 oeca-
1276 984 1312 1005 ac
1335 972 1557 1006 extensionem
1578 971 1761 1015 quadrant,
1788 977 1833 1004 uti
1856 971 1980 1004 evidens
2000 968 2055 1010 est.
2084 967 2146 1002 Sed

339 1023 431 1057 fione
450 1021 539 1056 vocis
563 1022 700 1064 audit23
728 1030 762 1054 ur
783 1022 849 1053 dixi
865 1019 960 1064 supra
982 1021 1210 1064 disp.2.Unde
1278 1021 1325 1055 his
1349 1022 1556 1066 supersedeo:
1583 1021 1660 1067 quia
1679 1019 1751 1055 hoc
1773 1022 1848 1055 loco
1869 1031 1937 1054 non
1965 1031 2030 1065 ago
2051 1018 2149 1062 Legi-

1321 138 1464 183 Duu.
1534 138 1593 185 V.

1272 223 1438 258 extensam
1473 236 1484 262 ·‚
1521 231 1627 265 neque
1658 182 1748 265 plura
1781 221 2108 268 comprehendentem
2131 242 2144 261 ,

1273 284 1369 317 quam
1392 269 1673 315 comprehenderit
1704 283 1796 306 mens
1818 295 1830 313 ‚
1865 284 1903 308 ac
1926 274 2076 308 voluntas
2100 272 2146 305 lo·

1273 323 1426 367 quentis,
1453 321 1704 362 contrahentis,
1731 322 1897 363 restantis,
1924 323 2029 368 legem
2041 324 2144 357 feren·

1273 374 1345 412 tis,
1371 371 1607 413 rescribentis,
1631 373 1695 408 &c
1717 371 1837 406 Nostra
1863 382 1943 416 ergo
1959 373 2143 409 conclusio,

1273 423 1305 455 ἀ
1328 422 1396 464 jura
1421 422 1479 455 issa
1502 423 1629 465 praefata
1652 422 1859 466 loquuntur
1849 434 1884 457 in
1906 421 2027 456 casibus
2049 421 2145 465 plane

1273 470 1403 506 diversis
1423 483 1461 506 ac
1480 470 1671 516 disparatis;
1697 474 1715 506 a
1740 472 1858 517 quibus
1880 483 1947 504 non
1962 472 2063 515 potest
2076 471 2145 504 fieri

1275 522 1411 555 illatio.
1452 521 1540 556 Nam
1576 523 1682 556 nostra
1705 523 1869 557 conclusio
1885 521 2031 564 loquitur
2052 519 2093 554 de
2109 520 2147 553 fi-

1273 571 1495 615 gruficationis
1517 572 1673 616 qualitate
1697 584 1735 606 ac
1769 570 2147 615 perfeetione;1urave·

1275 633 1310 654 ro
1336 621 1391 656 issa
1416 621 1597 666 loquuntur
1629 621 1671 655 de
1695 622 1942 666 significationis
1964 620 2148 662 quantitate

1278 683 1313 705 ac
1337 672 1530 706 extensione
1554 696 1562 704 .
1587 667 1721 706 Dicunt
1754 671 1843 706 enim
1873 669 2145 716 significationem

1277 719 1446 755 verborum
1469 733 1537 755 non
1562 721 1651 764 posse
1667 721 1807 767 egredi,
1826 732 1893 756 non
1907 721 1995 764 posse
2012 718 2148 754 excede-

1277 782 1307 804 re
1335 796 1345 811 ,
1372 783 1439 806 non
1463 772 1587 814 operari
1611 771 1692 805 ultra
1715 771 1933 805 intentionem
1960 768 2147 813 loquentis,

1275 820 1388 855 debere
1422 822 1554 856 limitari
1591 818 1683 865 juxta
1708 821 1938 857 limitationem
1961 818 2147 864 loquentiS,

1278 1071 1356 1106 stam
1380 1094 1393 1111 ,
1413 1083 1518 1116 neque
1546 1069 1630 1116 Juris
1653 1072 1873 1113 consultum3
1898 1070 1952 1104 sed
1973 1066 2149 1104 Summuli·

1277 1121 1355 1154 stam
1369 1144 1380 1161 ,
1404 1133 1445 1156 ac
1466 1121 1749 1155 Grammaticom-

1325 1181 1381 1215 42
1410 1177 1472 1205 Hoc
1493 1178 1595 1204 tamen
1616 1170 1662 1203 hr'c
1682 1170 1855 1204 addendum
1873 1176 1960 1214 puo-
1989 1167 2148 1202 nimirum

1277 1218 1333 1252 ista
1350 1220 1423 1263 Jura
1448 1220 1636 1254 decidentia
1659 1221 1814 1255 aCiualem
1837 1218 2006 1255 verborum
2026 1217 2152 1262 fignifi-

1278 1270 1446 1304 cationem
1471 1281 1540 1304 non
1563 1271 1654 1315 posse
1676 1272 1738 1304 esse
1759 1270 1863 1314 magis
1875 1269 2066 1307 extensam,
2092 1277 2147 1300 ne·

1276 1329 1337 1361 que
1363 1320 1459 1363 plum
1476 1318 1807 1365 comprehendentem
1833 1344 1844 1361 ,
1880 1330 1978 1362 quam
2001 1326 2147 1360 compte·

1277 1367 1422 1403 henderit
1451 1381 1542 1410 mens
1561 1382 1598 1405 ac
1628 1370 1768 1404 intentio
1792 1371 1994 1413 loquentis,
2030 1365 2146 1401 debete

1277 1419 1420 1476 intelligi
1443 1420 1485 1454 de
1506 1421 1698 1454 extensione
1730 1431 1767 1453 ac
1790 1415 2107 1461 comprehensione
2098 1426 2148 1459 Ju-

1277 1470 1341 1509 ris,
1369 1480 1438 1502 nou
1465 1470 1558 1504 faeti
1587 1471 1640 1504 De
1664 1464 1895 1512 quaestionibus
1918 1477 2083 1510 namque,
2108 1476 2148 1499 ac

1277 1517 1525 1555 difficultatibus
1548 1521 1621 1554 fasti
1644 1519 1728 1553 nihil
1749 1517 1944 1562 respondet,
1970 1526 2076 1559 neque
2086 1510 2149 1548 dis-

1277 1569 1371 1612 ponit
1395 1568 1595 1613 Imperator.
1626 1568 1678 1604 Ut
1698 1569 1736 1603 fit
1762 1568 1816 1603 hic
1838 1569 1964 1602 sensus:
1990 1565 2148 1610 significa

1277 1630 1313 1652 to
1335 1618 1469 1653 actualis
1495 1618 1680 1654 Verborum
1702 1619 1743 1653 de
1765 1618 1832 1662 jure
1854 1629 1923 1651 non
1950 1616 2066 1655 debet,
2094 1626 2147 1648 ne·

1275 1679 1338 1712 que
1362 1669 1465 1712 potes}
1487 1671 1549 1704 esse
1573 1669 1755 1710 extensior,
1774 1679 1871 1712 quam
1890 1665 1987 1703 fuerit
2001 1663 2151 1699 menslo·

1276 1718 1432 1762 quentis,
1456 1729 1563 1763 neque
1587 1732 1627 1754 ex
1650 1720 1696 1754 eis
1719 1720 1804 1752 nasci
1829 1718 1952 1762 potest,
1978 1726 2034 1749 aut
2047 1714 2150 1749 debet

1276 1768 1338 1802 alia
1365 1767 1554 1812 obligatio,
1581 1779 1678 1814 quam
1699 1780 1740 1803 ex
1760 1770 1805 1802 eis
1829 1769 1916 1801 nasci
1941 1766 2078 1799 voluerit
2101 1765 2150 1799 lo-

1275 1829 1393 1862 quens.
1422 1818 1477 1853 De
1496 1820 1580 1853 facto
1605 1830 1748 1863 namque
1770 1818 1849 1860 [πρὸ
1871 1815 2069 1871 significatio
2081 1823 2147 1848 vet-

1259 1869 1392 1903 'borum
1418 1867 1565 1903 excedit
1574 1870 1607 1904 ὅ(
1630 1868 1795 1915 egreditur
1818 1876 1962 1901 mentem
1982 1877 2021 1899 ac
2042 1865 2150 1899 intem·

1276 1919 1401 1951 tionem
1435 1919 1632 1959 loquentis.-
1671 1921 1749 1962 saepe
1771 1917 1935 1951 extensior
1953 1935 1967 1955 ,
1995 1926 2033 1951 ιο
2055 1913 2150 1957 plura

1276 1966 1553 2010 comprehendens
1563 1967 1636 2001 est
1622 1989 1632 2006 ,
1653 1978 1751 2008 quam
1764 1963 2046 2023 comprehenderit
2057 1971 2151 1997 mens

1276 2017 1456 2059 loquentis.
1484 2018 1576 2060 ,Quod
1594 2016 1706 2059 probo.-
1733 2016 1808 2058 quia
1834 2026 1914 2050 tunc
1935 2010 2068 2049 assualis
2081 2023 2150 2046 vet·

1278 2067 1391 2100 borum
1421 2065 1628 2109 significatio
1639 2067 1802 2101 extensior
1821 2066 1867 2099 est
1892 2075 1988 2109 quam
1999 2073 2091 2097 mens
2102 2062 2152 2097 lo

1277 2115 1429 2158 quentis,
1457 2114 1588 2158 quando
1615 2116 1751 2149 audiens
1762 2115 1850 2158 plura
1870 2112 2015 2156 concipit
2028 2124 2070 2146 ex
2083 2122 2151 2146 vet·

1277 2163 1348 2202 bis,
1372 2175 1470 2207 quam
1491 2164 1696 2208 conceperit,
1722 2165 1756 2199 ὅ(
1778 2164 1818 2198 ab
1840 2163 1995 2197 audiente
2013 2160 2149 2204 concipi

1278 2214 1415 2248 voluerit
1437 2214 1595 2258 loquens,
1623 2215 1714 2259 atqui
1737 2214 1814 2258 [πρὸ
1841 2213 1873 2248 id
1886 2214 1942 2255 fir;
1968 2214 2045 2255 supe
2055 2211 2152 2245 enim

1265 2261 1374 2297 haeres
1399 2287 1410 2303 ,
1445 2275 1501 2298 aut
1521 2264 1696 2309 legatarius
1717 2265 1774 2298 sibi
1800 2274 1854 2306 per
1883 2261 1979 2296 verba
2003 2261 2150 2295 testantis

1277 2324 1332 2347 aut
1355 2313 1500 2357 legantis
1520 2314 1607 2356 plura
1624 2314 1818 2348 testamento
1840 2311 1892 2346 vel
1915 2312 2024 2356 legato
2041 2309 2154 2345 reli&

1276 2362 1400 2402 credit,
1427 2373 1524 2405 quam
1544 2362 1617 2397 vere
1638 2362 1822 2407 reliquerit,
1847 2374 1884 2395 ar:
1898 2361 2080 2405 relinquere
2093 2365 2149 2394 vo-

1281 2414 1376 2446 luerit
1394 2414 1545 2452 testans,
1582 2423 1638 2446 aut
1659 2414 1801 2458 legans.
1840 2413 1920 2455 saepe
1941 2421 2070 2455 emptor
2089 2410 2152 2444 sibi

1278 2474 1331 2505 per
1354 2460 1446 2496 verba
1466 2464 1649 2497 contraclus
1669 2464 1758 2505 plura
1780 2461 1890 2496 deberi
1901 2459 2025 2500 credit
2050 2469 2149 2504 quam

1277 2511 1385 2547 deberi
1408 2512 1592 2552 intellexit,
1618 2522 1717 2556 atque
1739 2512 1878 2545 voluerit
1898 2510 2074 2544 venditor.-
2100 2510 2152 2544 sz-

1279 2573 1317 2605 pe
1342 2561 1459 2596 subditi
1483 2573 1535 2606 per
1562 2561 1654 2595 verba
1689 2562 1799 2606 legum
1822 2561 1861 2594 ad
1886 2561 1976 2604 plura
2001 2559 2052 2593 vel
2074 2569 2152 2602 pau·

1277 2614 1363 2647 ciota
1386 2613 1415 2645 se
1435 2610 1604 2656 obligatos
1622 2613 1793 2651 credunt,
1818 2622 1916 2655 quam
1945 2609 2086 2644 voluerit
2106 2609 2153 2643 le»

1277 2661 1432 2707 gislator3
1458 2672 1538 2706 ergo
1561 2662 1604 2695 de
1625 2663 1711 2696 fastu
1733 2659 1810 2704 saepe
1827 2659 1957 2695 actualis
1974 2657 2148 2694 verborum

1276 2711 1468 2756 significatio
1490 2711 1534 2745 est
1553 2712 1746 2752 extensior,
1779 2721 1837 2745 cut
1858 2710 1958 2744 etiam
1985 2707 2121 2745 stristior
2138 2730 2152 2748 ,

1277 2762 1320 2796 est
1345 2761 1435 2804 plura
1456 2760 1506 2796 vel
1529 2763 1681 2804 pauciora
1701 2760 1984 2804 comprehendens
2004 2785 2016 2802 ‚
2053 2769 2151 2805 quam

1277 2809 1556 2855 comprehenderit
1574 2823 1667 2845 mens
1694 2811 1877 2854 loquentis.
1905 2811 1996 2855 Ergo
2016 2821 2092 2844 cum
2104 2809 2154 2842 di·

1277 2872 1357 2897 cunt
1378 2861 1451 2905 Jura
1470 2861 1626 2896 actualem
1657 2860 1931 2918 significationem
1959 2860 2022 2894 esse
2045 2858 2154 2903 preci·

1278 2914 1310 2948 se
1328 2913 1483 2954 aequalem
1505 2922 1579 2948 cum
1604 2922 1714 2945 mente
1736 2922 1774 2944 nc
1800 2911 1988 2944 intentione
1999 2909 2153 2954 agentis,

1279 2964 1458 3006 loquuntur
1478 2961 1615 3005 dejure,
1644 2972 1711 2995 non
1726 2960 1767 2994 de
1779 2960 1883 2994 facto:
1911 2960 1952 2994 de
1965 2960 2050 2994 fauo
2062 2958 2155 2992 enim

1280 3013 1356 3056 [πρὸ
1390 3013 1426 3046 fit
1450 3010 1646 3046 contrarium
1669 3035 1677 3043 .
1714 3011 1758 3044 De
1784 3010 1892 3053 quibus
1911 3010 2043 3042 omnibus
2059 3009 2154 3050 plura
2222 3028 2224 3033 ,

1271 3066 1302 3108 J
1305 3068 1368 3097 um
1390 3060 1553 3106 consialtus.

1326 3124 1380 3161 4.3
1408 3113 1538 3151 objicies
1555 3109 1705 3155 secundoe
1731 3109 1835 3144 caussa
1860 3109 1922 3142 five
1944 3109 1980 3142 fit
1996 3107 2128 3152 physica
2136 3128 2156 3151 ς

1279 3163 1338 3195 five
1361 3163 1516 3203 moralis,
1541 3173 1607 3196 non
1632 3163 1736 3205 potest
1761 3169 1856 3203 agere
1878 3158 1966 3193 nisi
1958 3170 2050 3201 Juxta
2064 3169 2156 3191 men·

1282 3213 1385 3247 suram
1408 3214 1466 3247 suae
1488 3213 1528 3247 ad
1555 3211 1751 3256 agendum,
1787 3210 1820 3243 δε
1853 3208 1894 3242 ad
1918 3209 2038 3252 paffum
2059 3208 2154 3241 suum

1279 3262 1535 3305 applicationi23
1574 3261 1662 3296 unde
1685 3272 1752 3294 non
1779 3259 1881 3303 potest
1906 3259 1988 3293 habe
1989 3270 2023 3290 re
2049 3257 2154 3300 perfe-

1279 3312 1411 3346 stiorem
1436 3312 1598 3347 actionem
1625 3335 1635 3352 ,
1662 3321 1758 3363 quam
1785 3309 1905 3344 habeat
1925 3309 1966 3342 ad
1987 3307 2153 3351 agendum

1281 3363 1567 3406 applicationem,·
1593 3372 1672 3406 ergo
1692 3371 1786 3394 voces
1813 3384 1824 3399 ,
1848 3359 1973 3402 aliaque
2000 3358 2087 3401 signa
2108 3368 2155 3390 ar-

1282 3412 1411 3447 bitraria
1437 3422 1504 3447 non
1526 3411 1654 3455 possunt
1677 3410 1797 3445 habere
1816 3409 2035 3452 perfectiorem
2057 3406 2154 3451 figni-

1279 3463 1464 3499 ficationem
1487 3484 1499 3504 ,
1530 3460 1628 3504 quem
1664 3459 1805 3497 habeant
1837 3460 1879 3495 ad
1903 3457 2154 3505 significandum

2009 3507 2105 3552 appli—
