2384 3770
389 178 452 224 24

351 246 460 291 potuit
481 244 550 287 post
573 251 711 277 mortem
741 241 913 277 Valentini
943 268 953 284 ,
979 255 1076 287 quem
1097 245 1162 288 jam
1196 257 1227 278 o-

350 295 456 329 stendi
480 292 658 338 pervenisse
681 294 780 338 usque
806 294 846 328 ad
868 303 1012 346 tempora
1023 295 1117 345 Papae
1128 294 1249 328 Caele·-

350 345 553 434 ssigirunda,
578 392 612 426 in
636 393 796 428 Numidia
820 405 886 427 non
905 396 1040 429 fuerunt
1061 396 1132 430 duae
1145 394 1225 438 Epi-

347 443 523 486 scoporum
532 443 728 486 provinciae,
758 452 862 488 neque
875 445 907 478 id
918 445 1056 478 affirmat
1070 446 1225 490 prologus
1248 465 1250 469 ν

345 494 441 529 sextae
453 492 590 537 Synodi
607 492 982 538 Carthaginenfis.1²er
995 496 1074 529 duas
1087 506 1226 542 namque

345 544 400 576 ibi
416 544 603 578 nominatas
628 544 804 577 Numidias
827 545 1055 589 intelliguntur
1073 568 1083 584 ,
1110 556 1223 587 nequa

344 603 443 636 quam
464 594 535 628 duae
559 592 700 636 ejusdem
735 593 902 627 Numidiae
925 595 1134 638 Episcopales
1154 605 1222 638 pro·

345 642 461 677 vinciae
474 668 484 683 ‚
511 645 563 679 sed
586 644 654 678 duae
679 643 850 686 provinciae
867 643 1015 685 -subjeetae
1027 645 1134 679 eidem
1147 645 1223 678 Nu·-

342 692 466 726 midico
482 693 616 727 Primati
629 719 636 725 .
662 695 733 736 Jam
746 705 886 737 namque
908 695 997 736 supra
1011 695 1138 728 ostendi
1152 694 1220 727 Nu—

342 743 479 776 midiam
492 755 529 777 ae
554 743 788 777 Mauritaniam
812 743 996 778 Sitifensem
1021 744 1113 778 fuisse
1138 744 1218 777 olim

339 793 476 827 eandem
499 795 722 836 provinciam,
748 804 788 826 ex
812 794 983 827 intervallo
996 804 1105 828 autem
1124 794 1218 828 differ-

833 157 922 205 Dn
959 160 1233 208 Ortionis
1271 143 1674 207 EREMMARU‘M

1268 254 1428 287 namque
1447 235 1678 278 translationes
1708 240 1806 279 enam
1829 242 1913 285 apud
1938 241 2037 278 ‘Afros
2061 241 2157 276 fuisse

1268 274 1273 349 ι
1287 294 1414 328 usitatas
1428 318 1438 334 ,
1461 304 1546 338 patet
1557 292 1598 328 e'x
1610 303 1735 326 canone
1748 292 2050 337 vigefimoseptimo
2065 304 2155 337 quar-

1287 345 1311 377 ti
1333 344 1470 378 concilii
1494 342 1782 390 Carthaginensis.
1808 342 1903 377 Licet
1921 344 2009 378 enim
2023 355 2091 377 non
2104 344 2160 377 ha-

1285 393 1399 428 berent
1421 391 1902 437 Sedes'Archi-Episcopales,
1926 390 2089 427 habebant
2113 403 2160 427 ta-

1284 448 1382 485 men,
1410 453 1447 479 ut
1471 445 1505 478 in
1531 444 1649 486 eodem
1671 442 1801 478 canone
1822 443 1965 482 dicitur,
1992 442 2087 477 Sedes
2102 453 2159 475 no·

1284 492 1365 527 biles
1385 495 1419 528 &
1440 494 1632 539 ignobiles.
1658 494 1752 527 Hinc
1776 503 1915 535 namque
1937 491 2157 527 Constantina

1249 542 1481 588 -quandoque
1505 555 1641 578 vocatur
1665 544 1835 579 Numidiae
1857 541 2077 584 Metropolis,
2102 542 2157 576 ha-

1284 593 1442 638 bebatque
1463 605 1530 628 non
1552 594 1661 627 minus
1684 605 1781 636 quam
1794 592 1897 635 prima
1911 592 2006 625 Sedes
2027 592 2157 634 provin-

1282 645 1337 676 ciae
1349 644 1598 678 matriculam&
1624 643 1810 676 Archivum
1824 667 1831 674 .
1860 643 1951 676 Hinc
1972 642 2071 675 etiam
2085 642 2154 674 san-

1282 695 1349 726 stus
1367 693 1530 727 Posfidius
1543 692 1624 727 dicit
1637 692 1796 735 quosdam
1812 691 2068 736 Augustinenses
2080 691 2157 724 Mo-

1283 742 1404 777 nachos
1429 744 1610 786 assumptos
1636 743 1733 776 fuisse
1753 742 1794 776 ad
1815 741 2044 786 Episcopatum
2057 742 2156 775 etiam

1283 794 1496 827 Ecclefiarum
1521 793 1778 827 eminentiorum
1803 817 1810 825 ,
1837 792 1990 826 Omnino
2013 802 2091 836 ergo
2103 790 2157 824 ha-

339 844 424 876 stam
440 845 537 878 fuiffe
550 845 581 876 in
595 843 781 886 provincias
792 843 871 876 duas
883 868 894 884 ,
921 844 964 877 ita
978 853 1088 877 tamen
1102 855 1137 877 ut
1161 844 1219 877 ista
1281 842 1399 876 bebant
1414 845 1525 877 ansam
1537 842 1766 877 faciendarum
1779 842 2037 876 translationum.
2050 839 2154 888 Qod

339 892 542 927 Mauritania
554 905 621 927 non
633 894 721 927 fieret
735 893 902 936 provincia
917 893 1118 928 Primatialis
1130 919 1140 934 ‚
1166 894 1217 927 sed
1281 893 1374 935 porro
1386 893 1573 936 Xantippus
1584 892 1754 927 translatus
1772 892 1890 931 fuerit,
1919 892 2034 936 colligi
2048 890 2154 934 potest

336 941 429 987 juxta
456 943 573 977 Africae
596 944 683 988 leges
704 943 931 976 devolveretur
945 942 1005 977 sub
1026 943 1217 978 sollicitudi-

336 1003 411 1026 nem
427 992 579 1027 Prirnatis
598 991 859 1035 carthaginensis
872 1015 879 1023 .
889 992 943 1026 ‘At
955 992 1032 1027 vero
1046 994 1129 1027 inter
1141 995 1215 1028 Car·

334 1041 503 1087 rhaginem
519 1054 555 1076 ac
580 1043 671 1075 issam
689 1042 925 1075 Mauritaniam
946 1052 1013 1076 erat
1025 1044 1158 1086 grandis
1169 1045 1212 1077 di

333 1092 473 1132 stantia,
499 1093 638 1152 ideoque
650 1092 803 1135 Episcopi
816 1090 1080 1135 Carthaginenss
1110 1096 1211 1136 pasto

331 1142 412 1175 tales
424 1143 510 1175 oculi
523 1143 604 1186 segre
622 1151 770 1185 poterant
778 1141 818 1175 σὸ
829 1142 928 1184 usque
940 1143 1101 1184 protendi.
1117 1144 1210 1177 Hinc

331 1191 442 1225 Mauri
454 1193 619 1226 Sitifenses
632 1192 796 1234 petivere,
820 1202 886 1224 non
902 1192 1034 1234 quidem
1047 1203 1125 1226 cum
1140 1192 1208 1228 Nu·

329 1241 431 1275 midis
453 1243 487 1275 in
511 1242 650 1275 eandem
672 1241 879 1275 Provinciam
894 1240 1124 1283 denuouniri,
1154 1244 1207 1276 sed

329 1301 439 1327 tamen
464 1291 584 1325 subesse
605 1302 718 1326 eorum
736 1291 895 1330 primati,
923 1292 1113 1334 est-queillis
1124 1303 1206 1326 con-

328 1341 466 1375 eeffum.
498 1342 629 1375 Exinde
643 1353 722 1386 ergo
745 1341 906 1374 Numidia
923 1353 961 1375 ae
981 1341 1037 1376 ista
1051 1342 1205 1376 Maurita-

328 1391 384 1425 nia
395 1391 462 1426 dici
484 1391 682 1435 quandoque
703 1400 860 1435 caeperunt
875 1391 943 1424 duae
960 1391 1145 1432 Numidiae,
1175 1392 1207 1427 id

326 1440 372 1475 est
394 1466 405 1482 ‚
441 1441 511 1476 duae
540 1441 711 1486 provinciae
750 1440 895 1483 subjecta:
929 1440 1111 1477 Numidico
1140 1442 1204 1478 Pri·

328 1502 427 1525 mati.
1043 1512 1047 1515 -

376 1541 496 1574 Tertio
508 1541 648 1587 denique
661 1568 672 1584 ,
699 1543 756 1578 ista
780 1544 863 1577 inter
875 1541 1080 1586 Xantippum
1094 1554 1132 1578 ac
1146 1542 1205 1577 Vi·

325 1591 488 1625 &orinum
511 1593 550 1626 lis
586 1606 653 1627 non
678 1595 738 1628 fuit
760 1605 818 1637 pro
841 1594 915 1636 Jure
937 1593 1069 1628 Sedium
1097 1618 1108 1634 ,
1141 1592 1206 1626 tale

324 1652 468 1686 namque
488 1642 537 1685 jus
558 1642 592 1675 in
615 1644 779 1677 Africanis
804 1644 991 1677 Provinciis
1018 1655 1083 1677 non
1105 1644 1204 1677 fuisse

269 1733 271 1739 Α
323 1690 390 1749 jam
405 1690 532 1726 abunde
544 1693 636 1731 dixi,
663 1694 716 1727 fied
731 1694 863 1736 fuitpro
889 1694 1204 1737 Jurepersbnnrum,

325 1742 400 1783 quia
424 1753 543 1785 nempe
565 1754 698 1786 uterque
721 1743 876 1777 asserebat
889 1745 919 1776 se
939 1744 1048 1776 effoin
1065 1742 1200 1785 Episco-

325 1790 387 1833 pali
402 1793 519 1825 ordine
531 1792 708 1826 seniorem.
737 1792 831 1827 Patet
854 1793 885 1826 id
899 1791 1070 1826 clarissime
1081 1803 1120 1826 ex
1135 1794 1201 1825 san·

154 1829 214 1872 ΕΡ
232 1839 300 1877 217
325 1843 365 1873 sti
379 1838 558 1884 Augustini
574 1842 720 1884 Epistola
732 1842 771 1875 ad
786 1842 1013 1876 Vistorinum.
1043 1845 1115 1875 Peto
1128 1845 1203 1875 Bea-

325 1891 487 1923 titudinem
510 1898 626 1928 tuam,
635 1902 685 1923 ιιι
710 1891 783 1924 mibi
799 1890 952 1934 ignoscas,
965 1894 1014 1925 ὦ·
1036 1894 1137 1934 prim&
1159 1898 1204 1924 in-

325 1941 401 1979 state
422 1941 555 1982 digneris
580 1962 590 1977 ‚
629 1947 663 1970 ut
694 1945 774 1971 inter
794 1948 879 1971 tuam
913 1941 1148 1974 sanc‘limoniam
1172 1944 1205 1975 (9

328 1992 433 2024 Senem
466 1992 656 2029 xantippum
686 1989 864 2020 concorditer
892 1988 1005 2025 constat
1021 2012 1030 2027 ,
1069 1996 1136 2031 quis
1154 2003 1206 2024 ve.

324 2040 418 2082 strum
440 2039 544 2073 debeat
564 2049 722 2070 convocare
745 2038 918 2073 concilium,
938 2047 999 2075 ,ᾳιιι
1007 2042 1087 2072 certe
1104 2066 1112 2079 ,
1124 2043 1206 2082 quad

323 2090 474 2134 salubrius
498 2087 627 2120 arbitror
641 2111 650 2126 ,
671 2085 732 2127 fine
755 2083 932 2127 cujusquam·
942 2089 1123 2127 praejudicio
1140 2101 1202 2119 am-

329 2141 364 2174 bo
384 2148 540 2173 convocate
562 2139 695 2180 collegas
718 2135 826 2175 vestros
845 2134 953 2176 ,ἐπ’
966 2139 1098 2170 maxime?
1119 2161 1129 2176 ,
1154 2142 1206 2179 qui

331 2190 416 2224 vobis
446 2188 647 2230 Episcopatus
685 2196 777 2221 aeeate
811 2185 1014 2230 vicint'sunt',
1042 2194 1094 2230 qui
1107 2186 1205 2228 sarde

331 2246 402 2282 quis
423 2239 551 2279 vestrum
574 2250 679 2272 verum
703 2240 785 2272 dicat
807 2236 988 2282 agnoscant,
1017 2247 1049 2270 ut
1061 2243 1204 2271 intervos

330 2298 441 2333 paucos
468 2290 570 2323 eadem
587 2298 655 2330 prae
677 2294 789 2322 caeterIs
810 2287 928 2331 quaestl'o
959 2287 1121 2321 dirimatur
1141 2310 1151 2326 ,
1174 2287 1206 2319 (9¹

333 2351 430 2374 errore
450 2339 568 2382 sublato
591 2342 722 2372 Minores
749 2342 770 2371 ἃ
793 2343 908 2372 caeteris
929 2335 1207 2378 c'onvocemur,qu1

335 2400 388 2424 nec
409 2393 523 2433 possunt
546 2401 599 2423 nec
626 2389 733 2422 debent
763 2388 817 2430 m'fi
849 2388 932 2420 vobis
954 2389 986 2420 tn
1005 2386 1060 2419 bac
1078 2390 1114 2420 re'
1131 2396 1204 2418 tam

335 2451 429 2483 quam
465 2440 619 2472 Prioribus
650 2440 765 2470 credere
781 2462 791 2477 ,
821 2438 943 2470 &nunc
963 2442 1101 2480 ignorant
1122 2458 1132 2474 ‚
1164 2441 1207 2468 cui

335 2490 464 2528 vestrum
483 2488 656 2529 potifflmfam
666 2487 808 2519 credant.
838 2487 923 2519 Ecce
936 2510 946 2525 ,
974 2486 1122 2528 Juniores
1137 2485 1209 2518 Nu·

337 2538 444 2571 midiae
468 2537 618 2580 Episcopi
642 2535 825 2569 nesciebant
849 2536 912 2568 utri
935 2535 1098 2568 crederent
1116 2559 1127 2574 ,
1155 2535 1206 2568 sed

338 2584 543 2625 convocandi
556 2597 646 2619 erant
669 2585 821 2628 Episcopi
840 2585 1043 2623 seniores,ac
1056 2584 1120 2618 istis
1131 2596 1207 2619 con-

338 2636 550 2671 tendentibus
573 2634 784 2677 Episcopatus
804 2645 895 2668 aetate
915 2635 1015 2668 vicini
1036 2647 1045 2676 ς
1079 2646 1177 2679 quare
1191 2636 1209 2668 ·?

339 2687 428 2734 Qia
455 2697 523 2719 non
544 2685 584 2718 de
599 2684 761 2728 dignitate
782 2697 819 2719 ac
839 2684 911 2727 Jure
934 2684 1078 2724 sedium,
1105 2685 1156 2718 sed
1169 2684 1210 2717 de

339 2738 548 2780 personarum
572 2735 663 2770 senio
684 2745 782 2779 atque
804 2733 924 2769 exinde
943 2744 1040 2768 enato
1054 2735 1128 2781 Jure
1138 2746 1208 2779 age·

339 2787 453 2823 batur.

391 2837 438 2870 At
449 2849 522 2871 ecce
548 2848 666 2882 magna
679 2834 732 2870 hic
754 2834 929 2869 difficultas
940 2833 1110 2876 quomodo
1121 2834 1209 2868 Xan-

339 2887 450 2930 tippus
474 2888 531 2922 iste
554 2886 695 2931 potuerit
720 2887 787 2919 esse
799 2886 899 2919 totius
921 2885 1085 2919 Numidiae
1097 2886 1210 2919 Senior

340 2937 520 2980 Episcopus
541 2949 577 2971 ac
599 2937 724 2970 Primas
744 2959 754 2976 ,
781 2936 815 2969 &
836 2946 944 2969 tamen
965 2935 1029 2968 esse
1053 2936 1211 2968 successor

340 2988 439 3022 sanai
466 2987 566 3030 Alipii
591 2987 773 3030 Episcopus
794 2984 1001 3029 Tagastenfis
1025 3009 1032 3016 .
1076 2985 1208 3018 Etenim

340 3035 473 3079 Alipius
485 3038 525 3070 ad
540 3038 654 3070 viciam
668 3035 835 3069 meliorem
847 3035 1024 3068 abiitanno
1037 3036 1142 3077 primo
1155 3046 1210 3068 aut

342 3086 485 3120 secundo
499 3086 592 3129 Papae
607 3086 770 3120 Bonifacii
782 3110 793 3127 ,
822 3086 854 3119 id
868 3084 934 3125 est,
960 3096 1050 3118 anno
1070 3086 1208 3118 Domini

343 3146 422 3183 419.
435 3145 490 3170 aut
502 3146 581 3182 420.
606 3134 788 3182 Qomodo
810 3146 890 3180 ergo
902 3134 967 3177 ejus
980 3136 1140 3168 successor
1155 3147 1213 3178 po—

345 3187 407 3219 tnit
419 3188 484 3220 esse
497 3187 646 3220 omnium
659 3185 781 3226 senior,
813 3195 904 3218 erant
928 3184 1048 3228 quippe
1061 3185 1130 3217 illic
1145 3186 1206 3218 Au·

345 3236 492 3277 gustinus
506 3260 516 3275 ,
541 3235 664 3278 aliique
685 3236 779 3268 multi
793 3235 825 3268 in
840 3233 1034 3278 Episcopatu
1047 3234 1211 3268 seniores?

349 3283 549 3326 Respondeo
565 3285 769 3333 Xantippum
783 3285 878 3317 istum
892 3309 901 3323 ,
929 3297 997 3318 non
1017 3284 1116 3326 prima
1129 3282 1210 3317 ordi·

346 3334 485 3367 natione
498 3336 550 3368 sua
564 3360 573 3374 ‚
601 3335 654 3368 sed
665 3336 746 3368 faeta
760 3334 827 3377 post
843 3335 947 3375 Alipii
973 3346 1112 3368 mortem
1131 3345 1210 3367 tran-

346 3382 486 3416 slatione
496 3394 636 3418 creatum
658 3385 726 3417 esse
741 3385 937 3426 Episcopum
949 3383 1208 3428 Tagastensem,

346 3432 495 3474 adeoque
505 3433 643 3466 omnino
656 3434 753 3467 fuisse
771 3433 933 3476 poffibile,
961 3443 996 3466 ut
1019 3434 1142 3467 nonita
1154 3435 1211 3477 pri-

345 3480 420 3519 dem
432 3481 501 3529 post
515 3483 609 3517 suerit
620 3483 734 3517 Senior
747 3494 783 3518 ac
805 3483 947 3518 Primas.
977 3483 1211 3528 Episcoporum

1218 1907 1243 2763 l

1277 954 1317 975 ex
1342 943 1521 988 Augustini
1548 943 1696 986 Epistola
1720 942 1760 976 ad
1784 942 2022 977 Vistorinum
2059 941 2152 974 Dicit

1279 1003 1418 1037 namque
1430 993 1475 1027 ibi
1487 1016 1497 1032 ,
1523 991 1614 1037 quod
1627 992 1778 1027 Vi&orin
1782 1003 1818 1026 ,ιε
1832 1003 1951 1025 nomen
1961 990 2152 1034 Xantippi,
2170 991 2228 1036 Ep.
2242 1003 2321 1040 217.

1276 1054 1372 1086 quem
1385 1044 1419 1076 in
1434 1043 1632 1087 Episcopatu
1644 1043 1822 1076 admodum
1835 1043 1944 1075 senem
1970 1050 2088 1080 norat,
2117 1041 2151 1073 in

1276 1094 1339 1126 suis
1352 1094 1468 1127 litteris
1480 1093 1642 1127 traCtor'iis
1654 1094 1812 1127 omiserit.
1838 1090 1992 1125 Profeeto
2006 1102 2073 1124 non
2086 1091 2151 1124 alia

1273 1142 1313 1175 de
1326 1144 1455 1183 caussa,
1484 1144 1541 1176 nisi
1565 1143 1643 1186 quia
1666 1153 1772 1176 annos
1792 1142 1895 1183 eius,
1912 1143 1980 1174 ιιοιι
2004 1142 2021 1174 a
2044 1140 2147 1184 prima

1272 1193 1483 1226 ordinatione
1495 1217 1507 1233 ,
1530 1192 1583 1225 sed
1594 1193 1611 1224 a
1627 1202 1728 1233 nuper
1736 1192 1819 1223 faeta
1832 1191 2043 1224 translatione
2060 1191 2151 1235 com·-

1273 1242 1434 1284 putandos
1446 1236 1579 1274 volebat
1588 1265 1598 1280 ,
1613 1239 1753 1280 ideoque
1765 1239 1971 1282 Xantippum
1986 1250 2042 1281 pet
2055 1239 2150 1272 istam

1271 1291 1519 1325 translationem
1554 1292 1616 1324 effe
1639 1291 1759 1323 fastum
1783 1300 1825 1322 ex
1853 1289 2005 1322 omnium
2029 1289 2147 1321 seniori

1270 1342 1421 1375 omnium
1448 1340 1635 1383 Iuniorem.
1664 1339 1702 1372 ln
1726 1339 1814 1379 hoc,
1843 1339 1975 1381 inquam
1991 1362 2003 1378 ,
2029 1338 2149 1380 princi-

1271 1392 1325 1434 pio
1332 1391 1498 1424 fundabat
1521 1388 1712 1432 Vistorinus
1734 1390 1823 1422 suam
1845 1389 1998 1422 adversus
2010 1388 2152 1431 Xantip-

1270 1452 1348 1484 pum
1363 1436 1620 1483 praetensionem.
1642 1439 1724 1472 Haec
1736 1438 1820 1472 dicta
1834 1439 1895 1471 sint
1924 1438 2010 1480 quasi
2031 1448 2085 1482 per
2097 1441 2152 1482 pai·
2212 1452 2215 1454 ·

1270 1490 1441 1527 renthefim
1454 1512 1465 1531 ‚
1489 1490 1653 1550 redeamus
1662 1489 1703 1544 ad
1715 1500 1791 1546 rem
1796 1488 1959 1547 nostram.

1492 1588 1786 1625 CAPUT
1835 1588 1904 1623 IX

1318 1692 1404 1726 Unde
1439 1698 1517 1733 per
1528 1696 1657 1725 omnes?
1659 1688 1834 1734 Africanas
1863 1687 2013 1731 Ecclefi'as
2030 1686 2101 1735 irre

1403 1758 1408 1762 f
1451 1741 1561 1798 fuerit
1585 1738 1644 1775 Μ’·
1649 1736 1825 1782 miserabilis
1845 1740 1950 1785 ‘inopia
2001 1739 2004 1743 ’
2039 1739 2045 1745 ’
2074 1742 2078 1755 “
2111 1729 2148 1756 ⁴

1481 1794 1486 1799 ”
1605 1790 1841 1827 elericorum?
1979 1794 1981 1800 ¹
2126 1789 2127 1792 ’

1336 1892 1438 1954 ilat
1429 1891 1541 1936 inopia
1560 1891 1631 1927 vere
1652 1877 1870 1927 miserabilis
1887 1890 1945 1924 De
1967 1899 2003 1924 ea
2027 1887 2148 1950 quippe

1353 1944 1418 1978 ita
1435 1943 1574 1987 legimus
1583 1945 1688 1978 etiam
1697 1942 1730 1976 in
1744 1941 1892 1976 concilio
1914 1930 2150 1983 Hipponensil·

1268 1993 1413 2025 Tantam
1428 1998 1536 2033 inoplae
1563 1994 1745 2026 cles-iterum
1771 1993 2003 2024 ordinandorum
2020 1994 2051 2020 in
2069 1988 2149 2029 Afri-

1266 2052 1302 2073 ca
1324 2047 1492 2083 patiuntur
1517 2040 1684 2083 Ecclefiae''
1681 2064 1693 2080 ‚
1717 2046 1750 2072 ut
1776 2031 1915 2081 quaedam
1940 2039 2002 2071 loca
2027 2039 2151 2070 omnin«)

1268 2089 1384 2129 deserta
1404 2089 1482 2128 fint.
1506 2090 1598 2121 Dico
1623 2091 1695 2121 eam
1714 2100 1865 2121 exortam
1887 2088 1950 2120 effe
1974 2099 2014 2119 ex
2026 2087 2152 2119 facino*

1268 2136 1336 2169 tosa
1348 2147 1385 2169 ac
1398 2135 1566 2178 plusq'uam
1582 2135 1760 2169 Diabolica
1783 2135 1929 2178 nequitia
1954 2134 2148 2168 Donatista-

1270 2191 1363 2226 rum,
1389 2196 1472 2227 quos
1496 2185 1610 2229 sopitis
1634 2194 1691 2218 aut
1703 2179 1888 2227 sanosopiii
1903 2184 2020 2217 acriter
2033 2183 2149 2227 caeptis

1271 2235 1478 2279 paganorum
1490 2233 1798 2278 persecutionibus,
1825 2234 1958 2268 immisit
1982 2233 2148 2270 Diabolus
2194 2243 2198 2247 “

1271 2286 1303 2318 in
1332 2285 1505 2318 Ecclesiam
1527 2297 1567 2320 eo
1591 2284 1680 2324 fine,
1702 2283 1752 2318 de
1779 2285 1847 2327 quo
1873 2284 2011 2318 inlibris
2023 2285 2062 2317 ad
2078 2285 2152 2317 san«

2165 1976 2295 2022 C.41··

1269 2337 1354 2368 &um
1378 2335 1559 2394 Comitem
1575 2333 1805 2368 Marcellinum
1823 2333 1866 2366 fic
1891 2334 2000 2385 scribit
2022 2334 2150 2373 sandius
2174 2367 2176 2370 ,

1988 2379 2042 2389 ,,,.

1270 2446 1386 2468 monum
1414 2433 1511 2476 desert*
1535 2458 1546 2473 ,
1582 2435 1616 2467 <5
1643 2436 1675 2466 in
1702 2445 1807 2466 nomen
1832 2433 1992 2465 liberantis
2031 2433 2150 2465 Media
2165 2434 2294 2472 5¹·

1271 2490 1343 2517 toris
1369 2495 1487 2516 currere
1508 2493 1605 2526 genus
1632 2482 2012 2522 humanum,11aeren·cor
2031 2487 2128 2513 movit
2139 2483 2152 2521 ,’
2178 2514 2180 2516 ,
2247 2514 2249 2516 ,

1270 2539 1343 2576 qui
1354 2532 1409 2576 sub
1444 2533 1594 2567 vocabulo
1615 2530 1789 2571 Christiano
1814 2531 1955 2564 doartnae
1975 2521 2154 2585 sressterentl
2214 2525 2226 2535 ²
2286 2521 2289 2531 ι

1271 2583 1479 2623 christianae:
1479 2583 1675 2616 'immittere
1697 2594 1763 2615 non
1788 2590 1913 2624 poterat
1937 2581 2099 2614 Satellites
2110 2593 2150 2615 ac

1275 2632 1460 2667 Emiffarios
1472 2633 1528 2666 fibi
1540 2641 1577 2666 ae
1593 2633 1656 2665 suis
1667 2631 1816 2675 operibus
1836 2631 1994 2674 aptiores.
2023 2632 2146 2664 Omnis

1273 2693 1413 2727 namque
1424 2693 1537 2717 eorum
1564 2682 1764 2716 furiofiffima
1787 2680 1920 2715 audacia
1929 2679 2058 2715 eosdem
2070 2686 2153 2713 curn·

1274 2735 1478 2777 Paganorum
1502 2732 1782 2776 persecutionibus
1805 2730 1956 2765 habebat
1965 2730 2024 2764 fib'i
2048 2731 2157 2781 praefi-³

1274 2795 1343 2817 xos
1348 2783 1449 2818 fines:
1478 2780 1641 2816 videlicet
1647 2781 1813 2816 Christum
1829 2793 1865 2814 ac
1878 2780 2064 2814 Ecclesiam
2078 2785 2155 2814 non

1274 2834 1446 2868 dumtaxat
1459 2833 1628 2867 dividere
1620 2856 1630 2872 ,
1661 2823 1712 2866 sed
1726 2830 1874 2865 funditus
1886 2822 1935 2864 de
1938 2831 2026 2864 tertis
2044 2829 2149 2863 elimi·
2150 2845 2156 2850 ·

1275 2908 1430 2977 possibilis
1447 2935 1556 2971 soret,
1581 2930 1759 2966 admodum
1775 2930 2048 2974 proportionata,
2069 2941 2149 2963 enu-

1274 2994 1392 3018 merata
1406 2982 1500 3017 nobis
1513 2984 1530 3016 a
1546 2983 1654 3016 saneto
1667 2982 1792 3024 Optato
1808 3006 1818 3021 ,
1845 2981 1993 3021 Ecclefiae
2017 2980 2149 3013 Milevi-

1273 3044 1354 3066 tanae
1370 3034 1531 3077 Episcopo
1543 3056 1554 3072 ‚
1569 3032 1603 3065 in
1618 3031 1708 3065 libris
1719 3031 1869 3065 adversus
1883 3030 2148 3069 parmenianum,

1275 3084 1407 3117 istorum
1420 3083 1607 3117 rabidorum
1620 3081 1819 3125 Episcopum
1835 3079 2160 3123 Carthaginensem.'

1273 3132 1405 3173 Primo,
1433 3132 1584 3167 sacrificia
1610 3131 1776 3165 Caeciliani
1804 3154 1815 3170 ‚
1843 3128 1983 3174 legitimi
2008 3128 2160 3162 Cartha-'-
2197 3173 2202 3176 ἡ

1275 3184 1418 3227 ginensis
1445 3181 1624 3226 Episcopi,
1666 3181 1884 3223 omniumque
1907 3180 2148 3222 Episcoporum

1273 3243 1370 3275 atque
1382 3232 1646 3277 presbyterorum
1659 3231 1714 3274 ipfi
1738 3230 2054 3265 communicantium
2068 3253 2079 3268 ,
2098 3228 2161 3262 di-‘

1273 3283 1388 3317 cebant
1412 3285 1477 3317 esse
1500 3284 1622 3325 impura
1638 3305 1648 3320 ,
1678 3282 1789 3320 irrita,
1816 3278 2006 3324 contagiosa
2021 3303 2032 3318 ‚
2058 3279 2149 3312 Deo-

1274 3344 1336 3376 que
1351 3332 1470 3367 invisa.
1499 3332 1630 3366 Deinde
1642 3355 1651 3370 ‚
1681 3329 1918 3364 Eucharistiam
1931 3329 1972 3362 ab
1985 3328 2050 3361 illis
2064 3340 2146 3362 con-

1274 3383 1425 3417 secratam
1439 3382 1591 3416 dicebant
1603 3382 1669 3414 esse
1682 3380 1898 3423 prophanam,
1890 3391 1898 3400 ι
1916 3378 1981 3412 esse
1994 3391 2063 3412 non
2077 3388 2150 3411 cor·

1274 3444 1332 3476 pus
1344 3433 1376 3466 &
1388 3433 1585 3477 Sanguinem
1601 3431 1766 3471 Domini,
1793 3430 1845 3464 sed
1860 3440 1974 3472 panem
1985 3422 2017 3462 dc
2032 3429 2160 3461 vinum‘

1272 3493 1315 3517 ex
1342 3481 1585 3529 prophanorum
1611 3479 1785 3515 hominum
1799 3481 1920 3516 attactu
1942 3478 2145 3564 scalla‘ilosum:

2038 3538 2092 3562 eo·
