2384 3770
418 92 517 142 272

708 80 1050 137 *Duru-,ran
1090 78 1216 128 XXI.
1251 79 1392 132 D'un.
1428 85 1507 136 lv.
1544 89 1692 136 See-r.
1730 93 1811 140 111.

375 161 464 197 ossea
480 186 503 203 ‚‚
520 166 673 209 nervosa,
700 168 763 203 ἀι.
787 167 828 203 ab
851 167 987 203 homine
1009 168 1257 214 distinguuntur
1321 167 1468 204 cationes
1478 168 1605 205 anobis
1618 170 1854 211 Nominalibus
1881 184 2041 212 vocantur
2059 175 2187 213 contin.

376 213 505 246 realiter
516 227 528 248 .-
538 215 580 250 de
594 217 713 259 quibus
727 218 829 253 modo
842 218 930 252 nihil
939 219 1017 265 dieo
1032 243 1042 259 ,
1060 218 1166 253 habeo
1176 219 1268 261 quid·
1318 227 1432 262 gentes
1443 231 1458 262 ;
1482 219 1501 254 a
1522 220 1713 256 Thomistis
1734 223 1934 266 frequentius
1943 236 2102 263 vocantur
2113 238 2188 272 prae·

375 259 556 299 dicendum
568 265 602 300 in
615 267 753 312 Physica
766 281 774 301 :
802 270 892 313 quod
905 269 1059 305 nonnulli
1082 269 1166 304 forro
1178 269 1255 303 Phi-

374 307 505 354 ¹⁰s⁰l²hi
519 320 653 361 carpent
664 343 676 359 ,
688 329 727 354 ac
741 330 810 353 non
826 319 1035 363 intelligent:
1061 329 1125 364 ego
1143 331 1252 353 tamen

372 366 456 415 ‘²¹92
483 366 562 407 quia
589 368 760 413 ingenium
777 368 877 403 habes
889 391 900 407 ‚
928 370 1087 407 benevole
1115 370 1253 410 Lestor,

371 410 561 456 relinquam
583 417 707 462 judicio
737 418 1010 462 dijudicandum.
1039 419 1127 464 Ergo
1151 422 1253 453 etiarn

369 466 571 504 corporeitas
585 491 596 508 ,
626 469 877 503 substantialitas
899 490 910 506 ‚
934 470 1054 509 entitas
1077 493 1089 509 ,
1125 470 1252 512 aliaque

370 515 486 548 omnia
500 518 606 552 carnis
618 543 629 559 ,
656 519 709 554 seu
724 521 838 553 formae
850 517 1166 564 carneaeessentialia
1179 531 1251 563 ptae-

368 559 477 599 dicata
490 567 531 602 ab
547 567 685 603 homine
696 569 946 612 distinguuntur
966 568 1094 602 realiter
1107 593 1116 602 .
1145 568 1247 612 Conse-

370 620 496 654 quentia
508 619 658 660 probatur
668 619 770 652 eodem
792 618 895 656 modo,
924 628 980 660 quo
990 618 1044 659 asta
1063 619 1142 652 alta:
1157 621 1247 668 Qia

368 663 554 703 essentialia
576 668 744 711 praedicata
768 668 926 719 predicgti
951 667 1063 710 insunt
1094 669 1247 711 predicari

368 714 533 758 subiesto,
567 728 610 753 eo
633 717 734 752 modo
758 730 826 761 quo
847 719 1050 761 predicatum
1061 717 1105 753 esi
1122 720 1156 752 in
1171 720 1247 753 illo.

369 764 477 809 Atqui
492 767 597 803 forma
609 779 724 802 carnea
736 792 748 810 ,
762 769 815 801 seu
825 779 901 802 caro
915 768 960 802 est
976 768 1009 800 in
1025 768 1161 802 homine
1171 781 1211 802 cu

367 817 450 853 reali
461 816 686 852 distinetione:
714 828 793 862 ergo
813 818 913 852 etiam
936 820 1151 861 corporeitas,
1181 818 1247 854 sub-

367 868 562 902 stantialitas
576 892 586 906 ,
613 868 731 901 entitas
742 891 753 908 ,
787 867 914 911 aliaque
925 870 1039 903 omnia
1067 869 1244 903 essentialia

366 916 473 952 carnis
493 917 655 960 predicata
677 918 787 951 insunt
800 918 930 952 homini
944 930 1020 954 cnm
1032 918 1111 953 reali
1135 919 1247 953 ‹listin-

365 967 476 1002 aione
490 967 659 1010 :adeoque
671 966 732 1011 hec
743 968 894 1002 formalia
909 968 1086 1013 significata
1100 970 1172 1003 sunt
1189 970 1244 1004 ho-

363 1016 450 1053 mini
464 1016 591 1051 realiter
604 1017 805 1052 identifi'cata
821 1042 832 1058 ,
859 1018 1018 1060 simulque
1030 1019 1144 1053 abillo
1155 1019 1244 1054 reali-

363 1076 414 1102 ter
433 1065 604 1102 distincta:
635 1066 775 1112 ideoque
799 1079 912 1103 eorum
938 1080 1089 1103 concreta
1103 1069 1244 1103 suntho-

363 1116 557 1152 minifimul
579 1117 741 1161 predicata
764 1119 1015 1163 contingentia,
1041 1131 1079 1153 ac
1103 1121 1243 1154 necessa·

363 1168 436 1207 ria,
459 1167 652 1211 faciuntque
663 1180 738 1203 cum
752 1167 887 1203 homine
900 1167 1153 1212 predicationem
1167 1181 1229 1203 con

363 1217 565 1262 tingentem,
579 1219 671 1252 simul
682 1231 720 1253 ac
734 1220 942 1253 necessariam
955 1244 963 1253 .
976 1218 1243 1263 Argumentum,

363 1265 456 1310 quod
467 1278 580 1302 contra
593 1267 651 1311 hec
663 1270 802 1303 militare
817 1270 943 1312 posset,
956 1269 1134 1304 formatum
1147 1281 1183 1304 ac
1197 1271 1240 1304 so-

363 1317 474 1352 lutum
486 1318 530 1352 est
542 1320 630 1362 supra
644 1319 731 1352 dubio
748 1318 832 1355 1.Ne
846 1330 952 1352 tamen
966 1321 1038 1362 quis
1050 1320 1241 1363 dicat,quod

365 1369 611 1402 conclusionem
625 1368 709 1403 hanc
723 1367 919 1413 paradoxam
935 1370 966 1401 in
981 1370 1153 1411 paradoxis
1176 1371 1240 1406 for·

361 1418 428 1452 mis
450 1418 638 1462 partialibus
658 1418 794 1454 fundetn
817 1431 826 1461 ;
847 1418 1068 1453 abstrahamus
1090 1420 1132 1454 ab
1154 1421 1239 1454 illisa

362 1468 482 1502 veritas
491 1469 580 1502 enim
595 1468 690 1512 hujus
701 1469 920 1503 conclusionis
931 1469 1050 1503 abillis
1079 1482 1146 1504 non
1166 1481 1244 1515 pen·

358 1516 437 1552 det.
466 1518 556 1562 Cape
570 1518 654 1552 hanc
678 1519 955 1563 propositionem,
983 1524 1075 1553 Homo
1095 1520 1134 1560 est
1156 1532 1210 1554 ens
1229 1532 1241 1554 .·

360 1566 459 1610 Hec,
487 1569 622 1610 inquam
636 1592 646 1606 ‚
663 1569 843 1610 propositio
853 1568 897 1601 est
908 1572 1109 1613 contingens
1123 1595 1133 1609 ‚
1146 1569 1239 1604 simul

362 1617 399 1651 &
411 1617 581 1650 necessaria
596 1641 606 1657 ,
635 1616 711 1651 licet
721 1617 813 1660 plane
822 1629 982 1662 negentur
992 1643 1003 1659 ,
1015 1620 1047 1653 ἂ
1064 1631 1160 1662 quam
1172 1620 1239 1653 lon-

359 1665 488 1711 giffitne
501 1666 696 1710 ablegentur
709 1677 824 1700 omnes
836 1669 942 1710 fnrme
953 1670 1116 1710 partiales.
1131 1671 1240 1713 signi·

363 1716 499 1750 ficatum
508 1716 598 1750 enirn
624 1716 761 1750 formale
776 1716 951 1759 predicati,
974 1729 1027 1750 ens
1041 1741 1053 1758 ,
1076 1717 1120 1751 est
1135 1718 1240 1752 homi-

360 1765 399 1801 ni
411 1768 609 1810 contingens
625 1790 637 1806 ,
663 1767 752 1800 simul
765 1769 795 1801 ὅ(
810 1768 1043 1801 necessarium:
1071 1768 1116 1802 est
1131 1765 1239 1802 homi·

360 1815 398 1850 ni
408 1814 535 1850 realiter
549 1816 805 1857 identificatam,
835 1828 873 1850 ac
884 1817 975 1850 fimus
989 1817 1102 1851 abillo
1115 1818 1239 1852 realiter

361 1865 571 1906 dissidium,
603 1868 815 1909 quantumvis
838 1866 1035 1901 abiiciantur
1059 1869 1241 1910 sormeotn·

361 1927 422 1952 nes
438 1916 605 1959 partiales.
633 1915 687 1948 Est
701 1941 712 1956 ,
733 1917 883 1959 inquam,
916 1918 1045 1948 homini
1058 1917 1238 1951 identifica-

360 1975 433 2002 tum
456 1967 584 2000 ratione
603 1965 836 2005 animalitatis,
858 1964 1062 2009 aliarumque
1086 1966 1238 2000 similium

361 2018 546 2052 formarum
561 2015 689 2050 homini
702 2013 923 2051 essentialium
936 2026 946 2057 3
976 2016 1102 2049 ratione
1113 2015 1189 2049 vero
1197 2015 1235 2050 alv

360 2067 506 2107 bedinis,
533 2068 734 2109 aliarumque
748 2065 900 2100 similium
913 2066 1094 2099 formarum
1109 2064 1238 2099 bomini

359 2116 674 2163 ptedicamentaliter
695 2114 912 2148 accidentium
927 2135 937 2150 ,
964 2113 1009 2145 est
1033 2113 1073 2145 ab
1102 2113 1238 2146 homine

359 2167 491 2203 realiter
503 2165 712 2198 distinaum:
742 2162 806 2197 Uti
829 2160 924 2195 facile·
937 2160 1054 2195 deduci
1069 2162 1170 2204 potest
1195 2174 1236 2197 ex

359 2214 551 2255 efficacibus
570 2212 762 2248 discursibus
783 2219 854 2247 tum
882 2209 947 2246 hoc
967 2234 980 2252 ,
1003 2221 1076 2246 tum
1098 2222 1125 2247 1.
1147 2213 1182 2247 (a
1204 2225 1237 2251 2.

360 2266 432 2301 dub.
457 2266 477 2302 a
499 2276 552 2300 me
573 2263 682 2299 fieus.

568 2411 902 2451 DUBIUM
963 2410 1035 2447 IV.

382 2519 505 2565 Regulae
530 2515 672 2559 quaedam
697 2515 742 2546 ad
765 2510 979 2556 dignaſsendas
997 2510 1208 2554 propositiones

545 2570 744 2609 contingenter
759 2588 770 2604 ,
795 2565 830 2597 Θ·
852 2562 1041 2606 neteffartas.

357 2680 415 2719 39.
461 2666 527 2752 P
545 2667 679 2700 Rimam
691 2664 836 2709 regulam
848 2686 858 2702 ,
886 2672 1022 2706 eamque
1034 2661 1226 2707 elegantissi-

556 2727 656 2756 mam,
669 2727 706 2749 ac
720 2716 754 2747 in
767 2723 835 2747 tota
853 2710 1070 2756 Philosophia
1084 2714 1228 2754 frequen·

356 2769 510 2804 tiffimam
524 2767 658 2811 assignat
671 2763 766 2798 nobis
779 2764 904 2797 Dostor
917 2759 1098 2807 Angelicus
1115 2775 1129 2799 1
1139 2771 1231 2804 part.

358 2819 456 2863 quaest.
482 2816 538 2865 76.
560 2825 619 2850 art.
647 2826 675 2861 3.
695 2819 730 2847 in
748 2822 886 2855 corpore,
911 2812 1234 2855 Cajetanusibidem,

358 2874 405 2903 Et
425 2869 480 2903 lib.
510 2876 541 2902 2-
560 2873 662 2901 contra
685 2867 799 2898 Gentes
817 2871 880 2904 cap.
908 2866 964 2909 5¹3·
992 2864 1043 2897 Ac
1056 2863 1233 2901 Ferrarien·

356 2922 395 2956 fis
412 2919 549 2954 ibidem.
581 2915 707 2960 Regula
718 2913 826 2957 itaque
839 2912 944 2948 Sansti
958 2912 1098 2954 Thome
1111 2912 1154 2946 est
1167 2909 1236 2954 hec.

358 2976 467 3005 OmnIs
487 2969 665 3011 pradicatio
683 2989 694 3005 ,
721 2970 753 2997 in
782 2975 843 3006 qua
861 2964 964 3004 plures
987 2963 1108 2996 realiter
1133 2961 1230 2999 distin-

356 3021 414 3056 &ae
442 3018 573 3062 ejusdem
599 3013 738 3059 suppositi
757 3013 870 3056 forma
892 3018 1047 3046 concrettm
1083 3010 1232 3053 expressae

353 3072 565 3114 praedicantur
587 3068 623 3100 de
644 3064 708 3108 seso
730 3065 831 3097 mutuo
845 3087 855 3103 ‚
876 3062 913 3103 est
933 3063 1110 3104 predicatio
1123 3067 1232 3095 contin·

354 3133 445 3165 gens.
475 3118 519 3154 V.
546 3129 582 3163 g.
604 3126 726 3151 omnes
738 3113 779 3156 he
791 3111 1045 3156 pre-dicacium,
1076 3120 1169 3148 Homo
1195 3113 1233 3151 est

359 3172 464 3211 albus,
492 3168 592 3202 album
619 3165 658 3206 est
684 3167 819 3206 musicum
844 3187 854 3202 ‚
882 3162 984 3206 offeram
1009 3161 1046 3202 est
1071 3173 1232 3201 carneum,

361 3219 442 3253 bomo
469 3219 506 3257 el}
532 3217 660 3253 oculatus
686 3240 697 3257 ,
735 3214 773 3255 est
797 3215 949 3256 pedatus,
987 3215 1044 3247 ωε.
1064 3213 1134 3246 sunt
1163 3224 1232 3255 prae-

361 3269 542 3303 dicationes
556 3266 787 3310 contingentes
832 3265 870 3297 ln
884 3264 947 3297 illis
975 3263 1096 3307 quippe
1113 3263 1234 3306 semper

362 3318 488 3352 realiter
505 3318 650 3360 distinete
661 3315 806 3359 ejusdem
819 3313 971 3357 suppositi
980 3314 1089 3356 forme
1101 3323 1234 3347 concre-

367 3368 470 3401 :timet
483 3370 586 3410 presse
606 3367 822 3411 praedicantur
833 3364 873 3398 de
887 3363 951 3398 sese
963 3364 1097 3398 mutuo:
1123 3374 1158 3397 ut
1172 3363 1232 3397 cla·

368 3427 442 3453 rum
452 3417 497 3451 est
522 3415 722 3452 attendenti.
750 3415 807 3460 He
819 3437 833 3458 ,
850 3412 983 3462 aliaeque
1001 3414 1116 3451 similes
1135 3412 1234 3460 predi·

1318 268 1500 304 dicationes
1523 283 1580 315 per
1591 272 1756 310 accidens.-
1780 274 1834 308 sed
1847 284 1958 318 parum
1966 278 2012 313 est
2023 278 2065 313 de
2075 278 2182 311 nomi·

1314 329 1359 353 ne
1370 342 1381 358 ‚
1409 321 1595 356 dummodo
1609 322 1705 357 nobis
1717 323 1843 358 constet
1855 323 1896 358 de
1909 336 1942 361 re
1953 350 1961 358 .
1989 331 2080 361 Ratio
2091 331 2185 372 Regu-

1314 367 1355 400 lae
1375 368 1415 407 est
1424 373 1505 403 clara
1530 384 1538 404 :
1572 372 1660 421 Qia
1681 373 1924 416 praedicationes
1953 378 2183 423 contingentes

1316 418 1481 460 suntillae,
1510 421 1543 455 in
1565 421 1683 465 quibus
1703 424 1925 468 significatum
1945 424 2079 466 formale
2113 438 2186 472 prae·

1314 467 1414 501 dicati
1427 469 1471 501 est
1496 471 1623 506 realiter
1635 473 1822 508 distinctum
1835 498 1847 515 ,
1863 474 2055 518 realiter-que
2066 478 2184 519 separa-

1313 515 1378 551 bile
1397 518 1416 551 a
1427 517 1571 562 subjecto
1585 534 1598 554 .·
1620 524 1834 566 atquiomnes
1845 524 1908 559 illae
1919 524 2053 568 praefatae
2076 524 2185 568 praedi-

1313 569 1460 602 cationes
1472 570 1545 603 sunt
1561 570 1706 606 talesxuti
1717 574 1843 609 clarum
1856 576 1901 609 est
1910 575 2092 610 attendenti
2103 600 2111 607 .
2128 575 2185 616 Er·

1313 627 1359 662 go
1370 627 1485 653 ornnes
1497 621 1577 654 tales
1588 621 1827 664 predicationes
1851 626 1924 659 sunt
1935 625 2183 670 contingentes.

1364 677 1422 713 40.
1450 669 1583 715 Regula
1610 672 1751 706 secunda
1765 684 1773 704 ε
1800 677 1906 708 Omnis
1922 676 2099 717 pradicatio
2116 672 2186 717 subo

1307 717 1461 758 stantialts
1472 743 1483 759 ,
1510 718 1659 763 omnisque
1670 723 1860 756 accidentalis
1867 722 2055 766 substanttalt
2081 723 2187 767 opposi-

1312 777 1346 800 ta
1355 792 1365 808 ,
1395 768 1432 808 est
1439 770 1614 810 pradicatio
1626 778 1801 815 contingens
1813 797 1821 805 .
1834 770 1877 806 V.
1887 785 1919 818 g.
1930 785 2046 809 omnes
2058 772 2116 808 hae:
2129 778 2184 806 Ho-

1310 831 1356 851 mo
1374 819 1413 858 est
1427 829 1551 854 carneus
1564 844 1576 862 ,
1604 820 1688 857 bomo
1705 823 1742 862 est
1750 827 1901 864 capitatus
1909 846 1922 864 ‚
1934 823 1985 858 bos
1995 824 2034 865 est
2046 835 2180 865 corneus,

1309 869 1345 908 est
1357 872 1540 910 quadrupes,
1552 873 1609 905 etc.
1621 872 1704 906 Item
1717 884 1834 907 omnes
1844 870 1894 907 hae
1906 877 1997 910 Homo
2007 875 2046 915 est
2052 882 2183 915 creatus,

1307 918 1344 958 est
1359 918 1442 951 albus
1457 920 1513 960 ,est
1522 923 1682 962 palliatus,
1697 923 1753 956 ἀπ.
1770 925 1842 957 sunt
1857 924 2093 967 predicationes
2104 935 2185 959 con·

1312 971 1475 1013 tingentes
1489 994 1499 1002 .
1525 975 1617 1004 Ratio
1626 973 1732 1015 regula
1742 972 1781 1012 est
1794 985 1802 1005 :
1816 974 1907 1018 Quia
1920 974 1954 1007 in
1968 975 2062 1009 omni
2076 974 2185 1018 praedi-

1312 1030 1352 1053 ne
1363 1019 1563 1055 substantiali
1576 1021 1795 1065 significatum
1809 1022 1945 1058 formale
1957 1023 2118 1068 praedicati
2137 1025 2183 1061 est

1310 1069 1496 1103 dissinstum
1512 1071 1667 1105 realiter&
1694 1072 1854 1115 subjecto:
1881 1084 1962 1119 ergo
1981 1075 2093 1110 omnis·
2110 1086 2184 1119 prz-

1312 1119 1435 1152 dicatio
1461 1119 1677 1156 substantialis
1700 1122 1743 1155 est
1766 1123 1951 1166 praedicatio
1960 1126 2159 1168 contingens
2172 1149 2184 1157 .

1312 1168 1463 1201 Probatur
1487 1173 1682 1204 antecedens:
1713 1171 1802 1220 Qia
1830 1173 2038 1216 praedicatum
2074 1173 2183 1218 praedi-

1308 1218 1449 1253 cationis
1476 1220 1696 1256 substantialis
1723 1223 1767 1256 est
1796 1223 1878 1257 illud
1897 1248 1908 1264 ,
1934 1223 2026 1268 cujus
2046 1223 2183 1259 formale

1307 1269 1526 1312 significatum
1543 1271 1587 1306 est
1601 1282 1690 1306 extra
1701 1273 1871 1307 essentiam
1884 1273 2024 1317 subje&i;
2042 1274 2182 1317 pertinet

1305 1329 1413 1353 tamen
1428 1318 1468 1353 ad
1482 1320 1723 1357 substantialem
1735 1323 1976 1368 integritatem,
1989 1323 2185 1359 subflatiale-

1306 1371 1369 1412 que
1381 1371 1663 1413 complementum
1675 1372 1762 1416 ejus:
1789 1374 1881 1418 atqui
1893 1384 1992 1408 omne
2009 1373 2074 1408 tale
2084 1373 2185 1417 signi·

1306 1418 1439 1455 ficatum
1449 1421 1492 1455 est
1506 1422 1525 1455 a
1542 1421 1682 1465 subjeelo
1693 1423 1819 1457 realiter
1828 1422 2015 1458 distinctum
2029 1435 2036 1454 :
2049 1423 2131 1468 ergo
2144 1423 2182 1457 in

1303 1471 1396 1504 omni
1412 1471 1640 1512 praedicatione
1653 1471 1850 1507 substantiali
1871 1473 2091 1518 significatum
2115 1471 2180 1507 for·

1305 1521 1389 1554 male
1403 1518 1563 1562 praedicati
1577 1521 1621 1553 est
1631 1521 1757 1554 realiter
1769 1521 1956 1556 distinctum
1976 1523 1994 1555 a
2018 1521 2177 1565 subiesto.

1305 1568 1460 1604 Similiter
1473 1571 1506 1602 in
1519 1570 1614 1604 omui
1632 1571 2062 1613 praedicanoneaccidentali
2078 1596 2090 1612 ,
2108 1583 2180 1616 quae

1305 1618 1507 1653 substantiali
1541 1631 1722 1662 opponitur
1743 1645 1755 1661 ‚
1794 1622 2008 1665 significatum
2044 1621 2181 1662 formale

1308 1668 1471 1710 praedicati
1485 1668 1530 1701 est
1544 1668 1729 1703 distinetum
1743 1670 1898 1705 realitera
1909 1672 2051 1715 subjecto
2066 1684 2075 1705 :
2099 1674 2180 1716 ergo

1304 1720 1403 1751 etiam
1437 1717 1548 1751 omnis
1568 1718 1643 1753 talis
1665 1719 1846 1762 praedicatio
1881 1719 1926 1755 est
1957 1722 2177 1766 contingens.

1305 1767 1454 1800 Probatur
1484 1771 1660 1802 antecedens
1675 1782 1682 1801 :
1699 1770 1789 1816 Qia
1801 1770 1986 1813 pradicatio
1997 1773 2182 1806 accidenta-

1304 1817 1344 1851 lis
1355 1817 1400 1850 est
1417 1817 1492 1858 illa,
1523 1819 1555 1851 in
1569 1829 1631 1862 qua
1643 1819 1860 1863 significatum
1870 1821 2007 1854 formale
2021 1819 2176 1863 predicat}

1306 1878 1412 1908 neque
1426 1868 1467 1902 ad
1488 1869 1680 1908 essentiale,
1710 1880 1815 1912 neque
1836 1869 1878 1904 ad
1899 1869 2109 1904 substantiale
2129 1871 2178 1904 su·

1303 1916 1400 1958 bjeai
1410 1919 1690 1959 complementum
1717 1920 1829 1961 spestat
1841 1925 1864 1953 :2
1880 1921 1971 1962 atqui
1991 1928 2092 1954 omne
2111 1920 2177 1954 tale

1304 1966 1520 2009 significatum
1533 1966 1578 2000 est
1590 1966 1609 2000 a
1619 1968 1676 2002 suo
1688 1967 1829 2010 subjeeto
1840 1969 1968 2002 realiter
1975 1968 2175 2004 distinetum:

1303 2026 1382 2060 ergo
1395 2017 1427 2049 in
1440 2017 1533 2050 omni
1558 2018 1781 2060 predicatione
1805 2018 1996 2053 accidentali
2018 2018 2179 2064 significa-

1304 2076 1375 2098 tum
1398 2067 1536 2101 fotmale
1558 2066 1715 2112 predicati
1737 2068 1783 2104 est
1805 2068 1824 2103 ὲ
1843 2067 1984 2112 subjecto
1993 2069 2120 2105 realiter
2131 2068 2188 2104 di*

1303 2115 1456 2148 stinctum
1468 2139 1477 2147 .

1353 2174 1407 2208 51.
1438 2163 1551 2198 Tertia
1565 2162 1711 2209 Regula:
1739 2169 1843 2198 omnIs
1866 2169 1983 2201 omnino
1994 2170 2173 2210 praedicatio

1301 2212 1459 2255 effenttalts
1471 2214 1511 2254 est
1534 2215 1691 2256 necessaria
1703 2215 1716 2247 .“
1736 2215 1921 2257 predicatio
1935 2220 2057 2262 quippe
2067 2220 2174 2252 essen·

1301 2263 1388 2295 tialis
1399 2264 1442 2295 est
1458 2264 1596 2305 quedam
1610 2264 1727 2307 species
1738 2265 1967 2307 predicationis
1980 2267 2172 2301 necessariae.

1301 2310 1454 2350 Raetoest:
1478 2312 1569 2358 Qia
1594 2313 1627 2346 in
1650 2317 1743 2347 omni
1765 2314 1927 2348 essentiali
1947 2317 2175 2361 praedicatione

1301 2362 1519 2406 significatum
1533 2363 1670 2396 formale
1680 2364 1838 2407 praedicati
1850 2364 1895 2399 est
1918 2363 2044 2410 realiter
2055 2367 2174 2401 identi-

1302 2413 1434 2446 ficatum
1449 2410 1600 2456 subit-sto,
1610 2414 1802 2458 reali-terque
1815 2416 2027 2458 inseparabile
2037 2416 2148 2451 abillo
2165 2428 2176 2450 :

1300 2473 1380 2508 ergo
1394 2463 1509 2497 omnis
1521 2462 1703 2506 praedicatio
1714 2465 1895 2499 essentialis
1906 2466 1951 2498 est
1964 2477 2096 2509 quoque
2115 2476 2169 2500 ne·-

1304 2513 1439 2547 cessaria
1456 2537 1463 2544 .
1492 2514 1668 2546 antecedens
1676 2513 1820 2555 probatur
1831 2527 1843 2546 .·
1871 2514 1960 2561 Qia
1975 2515 2009 2548 in
2022 2516 2169 2557 praedica·

1299 2563 1392 2598 tione
1402 2563 1562 2597 essentiali
1574 2564 1790 2606 significatum
1803 2564 1937 2597 formale
1947 2565 2108 2608 praedicati
2121 2563 2169 2598 est

1301 2614 1366 2657 ipsa
1383 2612 1536 2653 essentia,
1563 2611 1694 2656 ipsaque
1715 2613 1856 2652 entitas,
1875 2614 1926 2646 vel
1950 2615 2062 2648 totalis
2083 2639 2093 2654 ,
2117 2613 2168 2648 vel

1299 2663 1460 2707 partiam,
1492 2663 1539 2696 sui
1553 2661 1701 2703 subjecti:
1728 2662 1775 2696 uti
1790 2673 1876 2705 patet
1894 2673 1935 2695 ex
1947 2660 2040 2698 distis
2050 2663 2120 2698 dub.
2138 2676 2167 2701 1.

1301 2713 1407 2757 Atqui
1420 2713 1558 2746 essentia
1569 2735 1580 2751 ,
1604 2713 1656 2745 seu
1668 2712 1787 2747 entitas
1795 2713 1840 2746 est
1866 2712 1990 2747 realiter
2014 2714 2169 2757 inseparar

1299 2763 1374 2797 bilis
1386 2788 1397 2804 ,
1421 2762 1610 2805 realiterque
1622 2762 1824 2796 identificata
1836 2761 1908 2802 illi,
1934 2761 2024 2806 cujus
2034 2764 2167 2804 entitas,

1299 2814 1331 2848 &
1343 2813 1478 2848 essentia
1489 2812 1534 2846 est
1547 2823 1555 2843 ε
1568 2823 1662 2856 ⁴ergo
1676 2812 1709 2846 in
1721 2813 1813 2846 omni
1826 2811 2053 2854 praedicatione
2063 2815 2167 2848 essen·

1297 2865 1367 2898 tiali
1392 2861 1612 2908 significatum
1633 2862 1770 2896 formale
1789 2862 1951 2904 praedicati
1971 2863 2018 2896 est
2041 2862 2167 2898 realiter
2202 2874 2243 2921 s

1299 2914 1537 2949 identificatum
1552 2910 1715 2955 subjecto,
1741 2911 1931 2956 realiterque
1955 2909 2167 2957 inseparabile

1298 2964 1339 2999 ab
1352 2964 1428 2998 illo.

1351 3026 1406 3061 42.
1434 3013 1561 3061 Qarta
1574 3012 1703 3058 regula:
1718 3014 1898 3047 Prot-dicatio
1908 3014 2105 3046 accidentalis
2117 3020 2166 3054 op-

1293 3065 1386 3108 pofita
1398 3064 1559 3107 essentiali,
1587 3065 1758 3106 quandoque
1768 3062 1805 3102 est
1812 3069 1982 3106 contingens
1995 3085 2006 3102 ,
2032 3064 2166 3105 quando-

1297 3127 1352 3158 que
1376 3114 1413 3154 est
1437 3111 1600 3156 necessaria
1611 3139 1618 3146 .
1648 3112 1740 3148 Patet
1759 3113 1822 3147 hoc
1842 3114 2050 3146 industione:
2074 3112 2166 3146 Nam

1300 3165 1346 3198 hae
1372 3162 1619 3209 praedicationes
1633 3188 1643 3204 ,
1669 3171 1760 3200 Homo
1779 3161 1817 3202 est
1830 3162 1939 3203 albus,
1966 3162 2048 3196 homo
2058 3162 2096 3203 est
2116 3163 2167 3194 do·

1298 3215 1360 3249 Has
1372 3240 1382 3253 ,
1407 3218 1516 3248 Petrus
1528 3213 1566 3255 est
1583 3213 1747 3257 Episcopus
1763 3235 1773 3251 ‚
1792 3213 1827 3247 δε
1839 3213 1957 3246 similes
1978 3212 2046 3246 aliae
2059 3236 2070 3253 ,
2094 3213 2166 3246 suut

1299 3264 1514 3300 accidentales
1526 3265 1677 3308 oppositae
1685 3263 1845 3297 essentiali
1857 3275 1865 3294 :
1892 3265 1981 3307 atqui
1994 3260 2040 3295 hae
2051 3273 2166 3305 propo-

1298 3315 1430 3351 sitiones
1443 3316 1520 3348 sunt
1534 3325 1665 3357 quoque
1675 3314 1906 3358 contingentes
1917 3327 1927 3347 .·
1947 3312 2054 3347 inillis
2075 3313 2167 3354 quip-

1303 3377 1340 3408 pe
1353 3365 1576 3411 significatum
1590 3363 1724 3398 formale
1736 3364 1898 3406 praedicati
1908 3362 1953 3397 est
1966 3361 2091 3395 realiter
2109 3361 2169 3394 dis-

1305 3418 1446 3456 tinctum
1468 3415 1488 3451 ὲ
1509 3414 1674 3461 subjecto:
1694 3422 1731 3448 ut
1750 3413 1882 3459 planum
1903 3412 1948 3450 est
1965 3410 2172 3496 attegdenti.

2059 3472 2131 3508 rgo
