2384 3770
608 124 876 199 Quanam
904 119 977 181 'ne
1012 147 1216 181 smmi-2
1259 135 1618 194 Qumnun.

231 227 310 258 neus
320 248 332 265 ,
343 223 384 258 de
393 221 564 268 principali
574 224 728 260 deitatem
739 249 750 265 ,
760 223 802 259 de
813 223 920 257 minus
929 220 1099 265 principali

230 274 357 308 divinas
369 274 517 317 personas
527 299 538 315 ,
549 286 586 310 ac
598 274 766 313 subfistens
773 271 1099 309 deitatisahfolutum

232 322 391 368 fignificat
403 349 413 365 ‚
426 336 495 366 quae
506 326 618 359 omnia
629 324 754 358 realiter
767 334 835 357 non
845 322 1009 356 differunt:
1019 322 1098 356 item

230 372 265 406 in
285 372 346 407 hac
366 374 588 417 propositione
607 398 619 414 ,
647 373 823 407 humanitas
843 371 882 411 est
915 371 1072 405 rationalis
1085 395 1095 411 ‚

230 424 297 456 x'tox
312 447 323 464 ,
345 425 526 464 rationalis,
556 424 590 458 in
612 423 740 457 recto&
760 420 800 455 de
823 421 981 455 materiali
1004 422 1097 466 figni-

230 471 304 506 ficat
326 472 562 507 humanitatem
575 497 587 513 ,
612 472 654 505 de
666 483 730 514 qua
751 471 964 515 praedicatur3
981 471 1022 505 de
1034 473 1096 506 fot·

228 522 307 555 mali
330 523 408 558 vero
429 522 589 567 fignificat
612 522 865 556 rationalitatem
891 545 903 561 ‚
928 532 996 566 quar
1027 520 1094 556 duo

230 573 357 606 realiter
378 583 444 607 non
469 571 642 606 differunt.

279 632 334 669 70.
361 625 448 655 Petes
464 619 611 664 secunde:
641 633 682 655 an
707 622 925 667 fignificatum
946 621 1092 665 primari-

233 683 289 705 um
312 682 387 705 cum
407 671 535 705 formali
557 695 570 712 ,
594 673 627 706 &
649 672 876 707 secundarium
895 682 971 706 curn
995 680 1092 706 mate-

230 721 299 755 riali
324 721 417 764 possit
440 721 471 754 δε
495 721 610 756 debeat
629 722 725 765 plane
744 722 932 762 confundi,
959 722 993 755 ὅ(
1013 732 1091 755 con-

229 770 310 805 verti
333 771 349 803 ἓ
376 768 466 814 Resp.
485 775 609 813 prime:
636 769 704 806 haec
726 773 811 806 inter
834 773 864 806 se
888 771 999 815 paffirn
1022 783 1090 806 non

228 819 388 855 confundi
403 845 414 861 ‚
428 831 544 865 ⁴neque
565 822 731 860 converti,
756 822 808 856 sed
830 822 894 855 sese
917 820 1032 855 habere
1054 831 1090 854 ut

228 870 495 914 magis&minus
516 871 728 907 eommunia:
757 871 802 904 ita
824 882 859 905 ut
884 881 984 905 omne
996 869 1089 914 signi·
1112 905 1115 908 .

227 920 360 954 ficatum
381 922 517 955 formale
538 922 574 956 fit
596 921 784 964 primarium
808 945 819 961 ,
845 931 913 954 non
940 930 1049 954 tamen
1071 920 1090 954 ὲ

226 980 339 1005 contra
361 983 369 1003 ε
405 971 439 1005 &
465 981 565 1005 omne
585 971 749 1005 materiale
771 969 809 1004 lit
843 970 1088 1010 secundarium,

229 1030 295 1054 uon
318 1029 427 1054 tamen
443 1023 613 1061 comm&
635 1026 710 1053 ratio
729 1019 767 1059 est
791 1032 798 1051 :
826 1020 903 1064 quia
925 1018 1088 1064 fignifica-

227 1080 298 1103 tum
321 1070 485 1105 materiale
507 1095 518 1111 ,
540 1071 573 1105 ἀ
594 1070 733 1105 formale
751 1069 810 1104 soli
831 1070 905 1104 voci
928 1080 1088 1104 concretae

225 1119 402 1160 tribunum
428 1131 461 1154 at
489 1120 565 1155 vero
584 1121 800 1164 significatum
825 1120 1034 1164 primarium,
1055 1119 1086 1152 &

226 1168 453 1203 secundarium
480 1181 547 1204 non
568 1171 642 1204 solis
664 1170 846 1210 concretis,
874 1168 926 1203 sed
947 1180 1013 1203 tam
1036 1168 1086 1202 ab·

225 1220 367 1259 straffls,
394 1230 492 1262 quam
513 1221 676 1254 concretis
698 1219 831 1253 vocibus
843 1231 857 1260 ;
887 1231 991 1263 neque
1011 1218 1087 1252 solis

225 1268 360 1301 vocibus
384 1292 395 1306 ,
421 1266 473 1302 sed
493 1270 590 1302 etiam
617 1269 876 1312 quibuscumque
899 1268 968 1302 aliis
990 1269 1088 1312 lignis.

225 1316 417 1350 adscribitur
429 1342 440 1357 ‚
464 1318 552 1351 unde
563 1318 781 1362 significatum
795 1319 934 1352 formale
949 1343 960 1358 ,
978 1318 1011 1351 ἀ
1023 1328 1087 1350 ma·

222 1367 336 1400 teriale
349 1368 423 1400 sunt
434 1367 653 1412 fignificatum
678 1369 865 1410 primarium
884 1369 917 1402 ὅτ
937 1368 1085 1400 secunda-

223 1417 308 1451 rium
332 1416 429 1450 solius
451 1417 538 1450 vocis
552 1428 727 1451 concretae.
755 1416 841 1460 Resp.
858 1416 1005 1459 secunde:
1028 1418 1084 1460 qui

227 1475 336 1499 tamen
355 1465 419 1500 haec
440 1467 618 1511 fignificata
641 1467 725 1500 inter
738 1467 767 1499 se
789 1467 1029 1504 confunderet,
1051 1465 1085 1499 &

224 1525 447 1556 converteret,
474 1517 601 1550 nullum
626 1517 659 1550 in
682 1514 888 1559 philosophia
913 1525 1081 1558 peccatum

223 1565 464 1605 committeret,
492 1575 526 1599 ut
548 1577 635 1608 patet
653 1577 694 1599 ex
717 1566 966 1608 comparatione
990 1565 1085 1610 figni-

223 1615 393 1649 ficaticum
413 1614 536 1657 objfflo
548 1616 630 1650 faita
651 1616 684 1649 in
703 1621 851 1656 principio
872 1616 976 1655 dubit,
1002 1616 1036 1649 in
1054 1627 1085 1649 re

223 1664 287 1698 levi
322 1674 430 1699 tamen
472 1677 512 1700 ex
543 1665 607 1700 levi
638 1664 853 1700 fundamento
888 1666 992 1699 nolim
1025 1668 1086 1699 effe

223 1713 443 1748 schismaticus
462 1739 474 1754 ‚
522 1716 608 1750 unde
639 1713 706 1749 haec
747 1717 830 1749 inter
855 1716 886 1749 se
918 1727 1085 1758 nunquam

221 1763 359 1806 amplius
378 1763 578 1798 confundam
601 1790 614 1805 ,
648 1764 700 1800 vel
733 1765 753 1798 fi
774 1765 1000 1799 confundendi
1033 1777 1082 1799 oc·

220 1814 353 1848 currerit
364 1814 589 1858 opportunitas
608 1837 620 1854 ‚
648 1813 742 1859 hujus
764 1826 830 1861 ego
851 1824 883 1849 te
906 1824 1085 1859 praemone-

269 1924 327 1957 ·71.
357 1916 445 1948 Petes
456 1917 562 1949 tertii:
589 1914 760 1958 quomodo
782 1916 813 1949 se
834 1913 974 1950 habeant
988 1914 1084 1958 ligni·

221 1962 355 1995 ficatum
367 1963 553 2004 primarium
570 1966 603 1998 &
615 1967 757 2004 rectum,
777 1964 856 1998 item
867 1965 1083 2008 fignificatum

225 2010 451 2058 secundarium
470 2013 504 2046 ὅ(
527 2013 725 2054 obliquum?
751 2012 837 2056 Resp.
846 2016 966 2055 prima:
988 2012 1082 2056 figni-

222 2059 354 2093 ficatum
368 2063 487 2094 testum
498 2063 560 2095 effe
579 2062 683 2101 illud,
709 2064 799 2104 quod
823 2074 877 2104 per
898 2073 1011 2095 vocem
1024 2063 1083 2094 im·

220 2109 414 2152 portaturin
437 2111 509 2143 casu
532 2112 643 2150 resto,
667 2111 731 2143 five
743 2111 969 2150 nominativ05
989 2110 1082 2152 figni-

221 2158 353 2191 ficatum
366 2157 541 2202 obliquum
562 2159 625 2193 effe
647 2159 730 2193 illud
746 2183 757 2199 ‚
779 2159 868 2202 quod
891 2171 946 2203 per
968 2169 1081 2192 vocem

219 2207 415 2251 importatur
436 2208 470 2241 in
493 2209 691 2253 casualiquo
711 2208 870 2252 obliquo:
896 2220 922 2241 v.
935 2219 966 2253 g.
981 2208 1014 2241 in
1027 2220 1083 2242 vo·

219 2267 282 2296 ce,
302 2256 406 2296 homo,
433 2258 648 2302 significatum
666 2260 788 2291 testum
814 2258 859 2293 est
886 2258 1081 2301 suppofitum

221 2306 285 2338 live
315 2306 460 2348 persona,
482 2307 701 2349 fignificatum
734 2305 812 2340 vero
832 2306 1004 2349 obliquum
1037 2307 1080 2339 est

222 2353 408 2388 humanitas
417 2367 432 2397 ;
458 2355 580 2389 itemin
601 2366 701 2395 voce,
729 2355 837 2395 albus,
863 2355 1081 2399 fignificatum

221 2405 343 2437 testum
363 2404 408 2437 est
429 2416 565 2448 corpus:
590 2404 762 2448 obliquum
784 2403 859 2439 vero
884 2405 930 2438 est
953 2404 1080 2449 albed0;

221 2463 297 2486 nam
318 2452 396 2486 dum
418 2455 556 2497 exponis
577 2455 844 2499 significationem
869 2454 1000 2488 istarum
1024 2466 1080 2489 vo-

219 2513 295 2536 cum
308 2526 319 2542 ,
341 2502 442 2544 bomo,
467 2505 500 2537 δε
522 2503 643 2545 album,
667 2504 809 2538 dicendo
829 2504 912 2537 homo
923 2504 959 2544 est
976 2503 1078 2547 suppo-

213 2550 302 2594 fitum
322 2551 434 2586 habens
454 2553 691 2595 humanitatem,
728 2555 762 2588 Θ
781 2563 882 2596 corpus
907 2554 1020 2587 habens
1040 2557 1077 2587 al·

217 2602 353 2636 bedtnem
368 2615 380 2635 .·
406 2602 562 2646 importas
587 2604 957 2647 suppofitum&corpus
981 2604 1013 2637 in
1037 2617 1078 2638 re·

216 2654 292 2691 ἂο,
316 2651 554 2686 humanitatem
577 2663 653 2687 vero
672 2653 705 2687 δε
729 2653 911 2687 albedinem
942 2654 976 2688 in
997 2654 1078 2688 obli-

216 2712 305 2743 quo.
333 2701 455 2734 Audivi
479 2702 577 2735 semel
598 2703 758 2736 trivialem
786 2703 946 2746 quendam
965 2702 1078 2747 philo-

216 2749 356 2793 sophum
369 2751 624 2795 distinguentem
635 2752 850 2795 fignificatum
861 2753 971 2786 m‘i'um
977 2766 1075 2797 gram.

216 2801 415 2840 matra-aliter,
439 2801 473 2834 et
488 2800 600 2834 redum
624 2803 805 2845 logicallter,
828 2802 881 2836 sed
900 2803 1077 2838 distinctio-

215 2861 294 2884 nem
308 2850 417 2890 illam,
439 2851 472 2884 ὅτ
494 2850 637 2885 membra
657 2851 741 2894 ejus:
772 2851 1077 2896 scilicetsignificati

214 2900 440 2934 rectitudinem
461 2902 752 2945 grammaticam&
774 2901 938 2945 logicam,
957 2913 1019 2946 ego
1041 2904 1077 2937 li-

215 2949 330 2984 benter
349 2950 482 2984 edostus
507 2950 632 2985 fuissem
645 2965 656 2984 .·
683 2951 727 2984 ast
741 2951 797 2985 ille
818 2951 920 2991 haefit‚
952 2963 1011 2985 nec
1024 2963 1076 2994 po·

156 3012 158 3015 ’
214 3000 302 3039 tuit,
325 3011 430 3042 neque
451 3000 516 3034 hoc
539 3001 678 3035 mirum:
707 3012 781 3034 nam
799 3002 970 3046 significari
991 3003 1077 3035 resti-

214 3049 297 3082 tudo
322 3050 412 3083 nulla
443 3050 487 3083 est
516 3050 623 3095 logica
643 3075 654 3090 ,
681 3051 770 3084 nulla
798 3051 926 3094 phyfica
947 3076 959 3092 ,
988 3051 1075 3085 nulla

215 3097 372 3142 juridica,
396 3098 607 3145 theologica,
632 3110 688 3139 aut
710 3099 856 3143 medica;
886 3101 938 3134 sed
966 3102 1076 3136 omnis

215 3148 261 3182 est
284 3149 509 3192 grammatica:
537 3150 624 3184 unde
649 3150 708 3191 id,
733 3150 823 3194 quod
843 3153 1074 3195 grammaticus

214 3208 310 3232 vocat
333 3198 548 3241 significatum
570 3202 691 3234 testum
715 3225 725 3240 ,
753 3201 851 3234 etiam
877 3201 940 3234 tale
960 3212 1073 3236 vocare

213 3247 309 3282 debet
324 3248 471 3292 logicuS,
493 3247 663 3292 phylicus,
690 3251 857 3290 medicus,
875 3250 1072 3293 jurisperitus

214 3298 276 3331 &c-
308 3298 458 3342 cognitio
476 3299 595 3343 quippe
618 3301 792 3345 significati
827 3301 899 3334 resti
937 3311 1002 3334 non
1025 3303 1070 3337 est

216 3346 677 3391 logico,phylico‚tnedico,
701 3350 881 3393 jurisperito
896 3373 906 3389 ,
934 3352 1070 3395 propri23

215 3397 268 3430 sed
290 3397 414 3436 aliena,
441 3399 474 3431 δε
498 3399 516 3431 ὲ
541 3401 757 3443 grammatico
784 3410 947 3434 mutuata.

266 3457 321 3494 72.
347 3445 432 3489 Resp.
450 3447 598 3489 secunda:
625 3450 839 3493 fignificatum
862 3451 1068 3487 reaum&s1·

314 3495 417 3536 christ.
445 3500 522 3540 Lupi
535 3503 633 3541 Opera
655 3502 736 3532 Tam.
758 3503 829 3533 ΧΠ.

1844 137 1847 143 ’
1899 156 1991 202 105

1161 220 1351 266 gnificatum
1372 221 1539 256 materiale
1558 246 1569 262 ,
1608 222 1687 258 item
1707 225 1923 270 fignificatum
1940 227 2027 264 obli.

1161 282 1262 314 quurn
1275 271 1308 309 ἃς
1321 271 1538 316 fignificatum
1560 272 1695 306 formale
1708 298 1718 313 ,
1745 275 1865 312 habent
1890 280 1921 312 se
1942 279 2022 313 ficut

1161 323 1264 365 magis
1286 321 1319 354 ἃ
1349 323 1456 355 minus
1478 322 1670 355 communia
1703 334 1709 353 :
1738 325 1780 357 ita
1805 338 1840 361 ut
1864 328 2025 372 fignifica-

1161 382 1230 405 tum
1242 372 1362 404 testum
1376 395 1387 411 ,
1398 372 1430 405 &
1440 371 1612 414 obliquum
1625 373 1696 405 sunt
1707 374 1807 416 magis
1819 378 2025 422 communia,-

1160 419 1323 455 materiale
1334 432 1410 465 vero
1423 422 1456 455 &
1472 421 1609 455 formale
1619 421 1680 454 lint
1691 421 1798 455 minus
1810 429 1996 462 communia
2008 441 2019 461 ε

1160 482 1233 504 nam
1245 470 1462 514 significatum
1477 470 1640 505 materiale
1650 471 1827 505 &formale
1839 474 1909 507 sunt
1922 476 2023 521 signi.

1156 520 1288 554 ficatum
1310 522 1431 554 reaum
1451 522 1484 554 ὅ(
1506 520 1678 564 obliquum
1697 532 1765 555 non
1787 521 2019 567 cujuscumque

1158 570 1268 610 vocis,
1297 571 1349 604 sed
1364 571 1463 605 solius
1474 571 1564 605 vocis
1581 581 1738 605 concretae
1751 584 1763 604 :
1784 570 1850 605 haec
1875 583 2016 616 namque

1157 631 1221 653 vox
1236 644 1245 659 ,
1271 621 1484 660 rationalitas,
1511 632 1568 664 pro
1580 620 1765 665 significato
1780 622 1837 655 suo
1853 623 1938 656 resto
1965 621 2023 657 ha-

1155 667 1208 704 bet
1220 671 1416 713 principium
1429 671 1565 705 formale
1577 672 1806 714 operationum
1819 672 2019 708 mentalium

1151 721 1164 757 (
1179 720 1382 754 rationalitas
1395 731 1535 764 namque
1547 719 1632 754 nihil
1646 720 1690 754 est
1703 720 1790 755 aliud
1800 745 1811 762 ,
1832 731 1930 763 quam
1954 720 2022 758 hoc

1155 769 1291 803 formale
1299 769 1509 814 principium)
1519 769 1608 815 quod
1621 780 1728 804 tamen
1742 770 1938 814 principium
1948 782 2022 807 non

1153 819 1197 852 est
1209 819 1294 853 illius
1304 820 1392 854 vocis
1403 819 1617 864 fignificatum
1631 820 1806 862 materiale;
1817 832 1893 855 cum
1905 821 1941 856 sit
1952 832 2017 855 vox

1153 869 1302 904 abstrasta
1324 870 1508 914 fignificato
1521 870 1682 905 materiali
1693 882 1813 905 carens:
1828 870 1924 914 ipfius
1940 882 2020 905 vero

1154 919 1368 963 significatum
1401 919 1570 964 obliquum
1605 921 1679 955 sunt
1710 921 1781 964 ipsae
1812 920 2018 964 operationes

1154 969 1308 1002 mentales
1318 993 1329 1009 ‚
1356 981 1425 1012 quae
1436 979 1544 1004 tamen
1555 981 1623 1004 non
1638 972 1711 1005 sunt
1721 970 1939 1015 significatum
1952 970 2020 1005 isti·

1152 1029 1189 1051 us
1201 1018 1291 1052 vocis
1303 1019 1457 1061 formale;
1467 1030 1542 1053 cnm
1553 1018 1614 1052 sint
1625 1020 1844 1064 fignificatum
1859 1021 2011 1055 secunda-

1152 1069 1252 1103 rium:
1278 1068 1310 1101 δε
1334 1078 1480 1111 praeterea
1502 1080 1567 1102 vox
1588 1069 1646 1102 illa
1660 1093 1670 1109 ‚
1691 1079 1806 1112 utpote
1840 1069 1992 1105 abstracta
2005 1080 2022 1111 ,Ἰ

1152 1117 1349 1162 significatio
1365 1118 1492 1151 formali
1505 1128 1610 1152 careat
1622 1130 1720 1163 :ergo
1731 1120 1945 1164 significatum
1974 1132 2021 1154 re—

1151 1169 1237 1201 ctum
1259 1168 1374 1208 latius,
1401 1178 1497 1211 quam
1523 1167 1706 1210 materiale3
1725 1169 1757 1202 δε
1781 1168 1952 1211 obliquum
1975 1170 2021 1205 la·

1151 1217 1214 1251 tius
1237 1228 1359 1261 patet,·
1374 1228 1471 1261 quam
1493 1218 1648 1252 formale.

1199 1278 1220 1313 7
1227 1267 1345 1314 3.Cum
1355 1266 1442 1301 dico:
1449 1266 1814 1311 figmficatumfflateriale
1825 1274 1971 1308 converti,
1981 1277 2018 1302 ae

1152 1318 1202 1359 effe
1212 1318 1291 1349 idem
1303 1327 1366 1350 cum
1371 1316 1530 1361 fignificato
1541 1318 1616 1351 tello
1626 1325 1707 1352 vocis
1717 1327 1871 1352 concretae:
1889 1318 1923 1352 id
1935 1329 2011 1353 cum

1151 1378 1254 1411 grano
1266 1367 1338 1400 salis
1351 1368 1535 1411 intelligere
1547 1366 1655 1409 debes,
1669 1367 1764 1402 debes
1777 1368 1854 1410 hoc,
1865 1368 2014 1411 inquam,
2043 1391 2047 1395 -

1153 1416 1333 1460 intelligere
1343 1417 1384 1450 de
1397 1428 1476 1451 voce
1487 1428 1637 1452 concreta
1651 1420 1732 1452 resta
1746 1442 1757 1459 ,
1768 1418 1820 1452 seu
1834 1419 1867 1452 in
1881 1420 1955 1452 casu
1970 1430 2015 1452 re-

1151 1468 1202 1499 sto
1216 1467 1312 1508 polita
1322 1491 1334 1507 ,
1360 1465 1424 1500 hoc
1438 1468 1527 1501 sensu
1543 1479 1552 1509 ;
1572 1467 1768 1512 fignificatum
1780 1469 1933 1501 materiale
1942 1478 2013 1501 con·-

1151 1522 1279 1548 vertitur
1304 1528 1370 1551 cum
1390 1515 1550 1559 fignificato
1561 1518 1637 1551 reela
1647 1523 1727 1551 vocis
1753 1526 1894 1552 concrerae
1902 1518 1991 1551 recqae
2004 1542 2011 1548 .

1154 1566 1284 1599 Etenim
1296 1577 1369 1599 curn
1382 1566 1561 1610 significato
1585 1569 1672 1600 resto
1684 1568 1773 1600 vocis
1787 1575 1946 1601 concreta}
1957 1566 2016 1600 ob·

1153 1616 1248 1659 liquae
1259 1617 1405 1649 converti
1421 1627 1486 1649 non
1501 1617 1623 1659 potest:
1651 1615 1718 1650 haec
1740 1617 1829 1650 enim
1850 1615 2016 1660 significa·-

1151 1676 1221 1699 tum
1234 1668 1350 1699 rectum
1365 1678 1431 1699 non
1443 1665 1565 1708 habet;
1580 1665 1654 1700 licet
1667 1676 1775 1701 tamen
1791 1665 1907 1700 habeat
1921 1666 2016 1711 figni.

1152 1717 1282 1750 ficatum
1298 1716 1480 1751 materiale:
1495 1729 1569 1751 cum
1581 1728 1622 1751 eo
1633 1728 1739 1751 autem
1752 1741 1762 1758 ,
1774 1716 1863 1759 quod
1875 1726 1941 1750 non
1954 1716 2013 1757 est,

1153 1766 1348 1810 nihilpotest
1363 1769 1527 1809 converti;
1546 1770 1579 1802 ὀ·
1591 1773 1668 1801 ratio
1678 1767 1715 1807 est
1723 1769 1824 1801 clara:
1849 1766 1924 1810 quia
1939 1766 2014 1799 solz

1152 1827 1246 1850 voces
1259 1819 1343 1850 reiiae
1355 1815 1474 1851 habent
1488 1817 1704 1862 significatum
1722 1818 1854 1856 rectum,
1865 1827 1945 1860 ergo
1960 1827 2016 1850 vo-

1151 1878 1202 1900 ces
1212 1865 1350 1910 obliquae
1362 1891 1372 1907 ,
1400 1868 1465 1900 live
1478 1868 1724 1905 concretaefint‚
1749 1868 1812 1899 five
1834 1864 1991 1908 abstrastae
2002 1888 2016 1904 ,

1152 1927 1218 1949 non
1231 1917 1360 1957 poffunt
1372 1915 1487 1949 babere
1500 1917 1714 1959 significatum
1729 1913 2016 1959 restum,adeoque

1152 1975 1225 1997 cum
1247 1964 1323 1997 dico
1346 1965 1378 1996 in
1393 1975 1472 1998 voce
1485 1976 1637 1999 concreta
1651 1965 1867 2009 significatum
1890 1966 2013 1999 testum

1151 2015 1296 2047 converti
1309 2024 1382 2047 cum
1396 2015 1577 2058 fignificato
1591 2015 1769 2054 materiali,
1793 2015 1835 2049 de
1846 2025 1927 2049 voce
1950 2025 2013 2049 rec-

1152 2074 1182 2096 ta
1193 2087 1204 2102 ,
1233 2075 1299 2096 non
1313 2063 1353 2094 de
1364 2063 1500 2105 obliqua
1512 2088 1522 2102 ‚
1549 2065 1617 2096 sum
1635 2063 1869 2108 intelligendus
1880 2089 1888 2097 .

1201 2121 1257 2156 74.
1273 2109 1358 2152 Resp.
1371 2114 1476 2144 tertia:
1497 2112 1713 2156 significatum
1726 2114 1911 2156 primarium
1923 2115 1954 2148 δι
1970 2127 2015 2148 re-

1150 2162 1235 2193 stum
1250 2161 1352 2202 ;item
1376 2160 1599 2194 secundarium
1617 2162 1650 2195 ὃ(
1662 2161 1833 2205 obliquum
1847 2162 1969 2197 habent
1984 2166 2016 2197 se

1150 2210 1227 2243 licut
1249 2209 1439 2244 excedentia
1467 2212 1500 2245 δε
1524 2213 1666 2245 exceffa:
1694 2218 1771 2245 ratio
1790 2213 1847 2253 est:
1871 2213 1947 2256 quia
1959 2224 2016 2247 ex·

1148 2260 1295 2293 cedentia
1318 2261 1351 2293 &
1371 2260 1495 2294 excessa
1511 2271 1669 2294 vocantur
1698 2262 1776 2302 illa,
1801 2273 1869 2306 quae
1894 2262 1936 2298 de
1948 2264 2016 2297 stse

1150 2319 1267 2342 mutuo
1279 2309 1513 2351 particulariter
1525 2310 1747 2350 affirmantur,
1779 2311 1814 2344 ὅ(
1840 2323 2012 2356 negantur:

1148 2359 1234 2401 atqui
1262 2359 1476 2404 significatum
1503 2361 1619 2392 renum
1631 2360 1663 2393 δε
1691 2358 1878 2402 primarium
1890 2372 1905 2402 ;
1932 2362 2013 2396 item

1149 2408 1363 2451 fignificatum
1385 2408 1556 2452 obliquum
1584 2410 1852 2443 &secundarium
1881 2411 1954 2444 sunt
1968 2421 2013 2445 ta-

1146 2457 1210 2490 lia:
1237 2469 1312 2491 narn
1339 2459 1473 2501 aliquod
1502 2459 1718 2503 significatum
1746 2461 1862 2494 rectum
1890 2461 1935 2494 est
1950 2461 2014 2504 pri-

1146 2507 1306 2549 marium,
1326 2507 1500 2550 &aliquod
1527 2519 1596 2542 non
1622 2509 1666 2542 est
1694 2510 1908 2553 primarium;
1934 2511 2012 2544 item

1145 2557 1276 2600 aliquod
1289 2557 1461 2600 obliquum
1473 2558 1518 2591 est
1543 2559 1767 2593 secundarium
1779 2583 1790 2600 ,
1817 2560 1849 2594 δι
1875 2561 2011 2604 aliquod

1148 2618 1212 2640 non
1242 2607 1286 2640 est
1314 2608 1537 2641 secundarium
1562 2633 1573 2648 ‚
1606 2619 1684 2653 ergo
1709 2609 1782 2642 sunt
1821 2610 2013 2644 excedentia.

1144 2657 1177 2690 ἀ
1203 2658 1328 2691 excelsa
1354 2681 1360 2688 .
1389 2653 1685 2690 Probatur'minoris
1702 2660 1814 2700 pn'mae
1832 2668 1909 2702 pars
1933 2684 1945 2701 ,
1978 2665 2012 2693 in

1143 2705 1197 2738 hac
1209 2716 1295 2747 voce,
1318 2706 1401 2739 homo
1413 2732 1422 2748 ‚
1441 2709 1475 2741 ό·
1486 2719 1555 2740 voce
1568 2732 1578 2747 ‚
1602 2707 1775 2741 humanitas
1787 2733 1798 2748 ‚
1823 2720 1898 2743 nam
1909 2710 2011 2754 figni-

1145 2757 1278 2790 ficatum
1305 2758 1426 2790 rectum
1452 2769 1490 2791 ac
1516 2757 1609 2790 simul
1645 2756 1868 2792 secundarium
1896 2759 2005 2799 vocis,

1141 2805 1243 2847 homo,
1266 2806 1310 2840 est
1333 2807 1549 2850 suppositum
1575 2807 1789 2852 fignificatum
1799 2809 1942 2849 reatum,
1970 2819 2009 2842 ac

1142 2857 1236 2889 simul
1262 2856 1446 2900 primarium
1475 2858 1564 2891 vocis
1579 2881 1589 2897 ‚
1614 2856 1813 2898 humanitas,
1837 2858 1882 2892 est
1894 2857 2010 2892 huma-

1143 2906 1245 2946 nitas,
1273 2907 1336 2940 five
1364 2918 1476 2940 natura
1503 2906 1662 2941 humana:
1684 2918 1761 2951 ergo
1788 2908 2008 2952 significatum

1142 2957 1259 2989 rectum
1271 2956 1445 2999 aliquando
1458 2957 1502 2990 est
1518 2981 1529 2997 ‚
1554 2958 1731 3000 aliquando
1758 2968 1826 2991 non
1853 2958 1897 2991 est
1912 2957 2009 3002 figni-

1141 3006 1272 3038 ficarum
1300 3007 1490 3049 primarium
1512 3031 1518 3038 .
1544 3008 1677 3040 Secunda
1694 3012 1822 3041 minoris
1841 3016 1918 3049 pars
1938 3016 2007 3049 pro-

1140 3053 1228 3087 batur
1253 3061 1285 3088 m
1305 3054 1416 3098 eisdem
1434 3057 1496 3105 igis
1519 3057 1660 3090 vocibus:
1683 3058 1758 3100 quia
1785 3057 2004 3102 fignificatum

1140 3104 1336 3148 obliquum,
1362 3118 1400 3139 ac
1426 3107 1515 3139 fi'mul
1544 3105 1729 3149 primarium
1757 3110 1845 3141 vocis
1862 3131 1873 3147 ,
1900 3106 2005 3147 homo,

1139 3154 1183 3187 est
1213 3154 1411 3190 humanitas:
1430 3155 1643 3199 significatum
1667 3167 1742 3190 vero
1768 3157 1942 3199 obliquum
1969 3166 2008 3191 ac

1140 3204 1233 3238 fimul
1250 3205 1473 3238 secundarium
1489 3208 1576 3238 vocis
1587 3229 1597 3244 ‚
1625 3205 1798 3239 humanitas
1811 3230 1822 3246 ,
1844 3207 1917 3240 sunt
1929 3217 2007 3250 ope-

1140 3254 1282 3288 rationes
1315 3253 1463 3287 humanae
1484 3266 1498 3295 ;
1532 3266 1612 3299 ergo
1647 3257 1745 3289 etiam
1785 3255 2002 3300 fignificatum

1140 3303 1310 3346 obliquum
1338 3304 1518 3346 aliquando
1544 3305 1589 3337 est
1614 3329 1626 3345 ,
1652 3304 1829 3346 aliquando
1865 3315 1934 3340 non
1959 3305 2005 3340 est

1139 3353 1356 3396 significatum
1379 3354 1601 3387 secundarium
1614 3379 1622 3386 .

1191 3406 1304 3450 75.Ex
1313 3402 1420 3445 qulbus
1431 3404 1553 3436 tandem
1562 3411 1667 3445 patet:
1691 3403 1770 3449 quid
1789 3405 1825 3439 fit
1842 3403 2006 3450 fignifica-

1141 3454 1187 3487 tio
1201 3453 1364 3496 primaria,
1375 3451 1453 3497 quid
1466 3453 1666 3496 secundaria,
1679 3465 1744 3490 tam
1752 3454 1892 3497 actualis,
1906 3463 2004 3498 quarn

1549 3503 1581 3537 K
1878 3504 1956 3547 apti-
