2384 3770
169 491 253 536 Cap.
267 500 299 530 2„

147 1342 228 1387 Cap,
247 1354 278 1384 t-

147 1544 226 1590 Cap.
240 1558 301 1594 24»

141 1764 247 1807 Epist.

142 1824 173 1867 3·
188 1827 213 1852 Cf
237 1826 285 1856 22..-

155 3291 235 3335 Cap.
249 3299 304 3330 20.

153 3390 236 3435 Cap
250 3389 280 3428 8

313 1644 529 1685 promovendos
551 1650 584 1681 in
606 1644 713 1681 alienis
727 1650 896 1688 provinciis
922 1670 931 1679 .

385 114 449 153 26
871 103 972 151 DE·

354 193 552 236 Episcopatus
570 191 620 234 sui
636 191 798 224 ordinandi
815 192 980 225 dumtaxat
996 192 1138 236 potestate
1153 199 1222 236 pri-

353 251 441 280 vetur
473 268 479 274 .
520 242 631 284 anue
654 240 825 284 disciplina
849 243 910 278 fuit
933 241 1001 281 istis
1021 245 1221 286 temporibus

346 303 402 336 per
419 301 547 326 ornnem
571 290 628 325 sub
650 292 730 324 caelo
750 291 928 328 Ecclesiam
950 293 1140 339 rigidissime
1159 295 1215 329 ob-

344 344 465 375 servata
485 363 495 383 ‚
533 339 615 379 adeo
639 350 674 376 ut
699 341 853 384 paenitens
879 354 920 376 ne
940 343 1073 390 quidem
1094 355 1135 378 ex
1160 345 1217 381 Ec·

342 390 443 425 clesiae
468 390 651 427 necestitate
663 390 820 435 adspirare
831 393 933 438 posset
954 393 995 429 ad
1015 393 1146 438 plenum
1159 394 1216 431 Le·

340 442 523 475 aerarum.
552 439 645 477 Patet
659 438 723 477 hoc
745 453 783 478 ex
807 443 910 484 prima
934 442 1101 480 Toletana
1113 445 1216 490 Syno-

338 491 382 525 do
397 512 404 520 .
431 491 548 526 Placuit
563 514 574 530 ,
598 499 632 523 ut
654 491 691 527 de
715 497 878 536 poenitente
901 495 1163 530 nonadmlttatur
1174 497 1220 531 ad

337 540 478 580 clerum,
505 538 562 586 mſs
577 539 736 584 tantumsi
753 543 895 587 neceffitas
920 551 976 576 aut
990 543 1059 587 usus
1073 551 1214 588 exegerit,

334 595 415 625 inter
428 590 581 626 Lec‘lores:
607 594 661 629 Ita
672 600 706 628 ut
727 594 972 637 Evangellum&
995 594 1143 636 Apostolus
1157 607 1215 631 non

333 642 431 689 legat.
460 640 592 677 Etenim
629 641 663 674 ἀ
697 641 733 675 in
755 641 986 688 Hispaniarum
1014 644 1214 682 sanctissimis

336 691 486 728 Ecclesiis
506 691 629 727 solebat
653 691 870 737 Evangelium
895 693 1086 731 ,solemniter
1107 705 1214 729 canta·

332 743 360 778 ri
382 752 436 785 per
462 741 608 777 Lectores
631 766 638 774 .
676 741 791 787 anue
820 743 992 787 disciplina
1014 754 1082 778 erat
1114 744 1213 790 longe

331 792 478 839 optima.
508 791 690 837 indignum
711 793 801 828 enim
825 793 894 837 est;
922 802 958 829 nt
984 793 1089 829 homo
1111 805 1211 839 nuper

331 842 367 879 in
389 842 499 880 cinere
519 842 554 881 ὃς
578 843 671 876 sacco
693 842 752 877 sub
769 843 920 878 omnium
941 842 1075 887 pedibus
1096 855 1134 880 ac
1146 856 1210 881 ma-

329 891 427 928 nibus
439 903 514 929 ante
537 892 703 934 Ecclesiae,
726 904 824 937 quam
842 893 970 939 ingredi
991 904 1060 930 non
1084 904 1210 938 poterat

329 942 446 978 limina
458 942 711 988 adgeniculatus
723 955 759 977 ac
783 944 972 985 volutatus,
996 944 1208 989 postmodum

327 993 420 1036 supra
443 993 525 1031 alios
549 993 715 1038 splendeat
735 993 776 1028 ad
797 994 933 1033 Altare.
961 993 1013 1029 Ex
1035 993 1087 1031 his
1100 995 1208 1041 itaque

326 1053 416 1089 patet
430 1067 440 1084 ‚
457 1055 524 1087 quo
547 1044 639 1079 sensu
664 1044 788 1079 sanctus
811 1045 954 1088 Optatus
973 1043 1062 1079 dicat
1083 1046 1206 1080 facino·

325 1092 404 1129 rosis
424 1092 606 1132 Donatistis
629 1105 636 1129 ;
677 1094 816 1137 ‚Quosque
835 1102 942 1136 pueros
961 1095 999 1128 de
1019 1102 1205 1136 paenttentia

321 1140 522 1185 sauciabant,
545 1154 581 1179 ne
603 1143 702 1189 aliqui
722 1146 857 1179 ordinari
870 1144 1024 1190 potuiffent
1039 1171 1048 1180 .
1074 1146 1204 1182 Saucia-

325 1191 405 1226 bant
418 1217 429 1238 ,
456 1192 489 1226 id
514 1192 559 1229 est
573 1218 584 1234 ,
607 1192 771 1229 faciebant
791 1194 980 1239 irregulares
995 1219 1002 1227 .
1027 1196 1203 1231 Faciebant

322 1241 419 1277 ideo
441 1242 609 1281 diabolico
632 1244 717 1285 fine,
740 1244 780 1279 de
802 1256 869 1288 quo
891 1247 932 1279 sic
953 1243 1033 1279 dicit
1056 1245 1201 1280 Dostiffi-

322 1298 395 1327 mu's
415 1292 565 1330 Ecclesiae
588 1293 831 1331 Aurelianensis
855 1295 1033 1339 Episcopus
1062 1294 1199 1331 Gabriel

323 1342 562 1387 Albaspineus:
590 1346 684 1382 ‚Utita
704 1354 869 1390 cogerentur
889 1343 1053 1381 orthodoxi
1070 1351 1200 1390 peregre-

321 1403 373 1425 nos
392 1405 524 1436 quaerere
544 1395 579 1428 e·
598 1402 700 1436 petere
716 1418 726 1434 ,
750 1397 784 1429 (9
806 1394 879 1429 alibi
892 1403 998 1436 natos,
1021 1406 1142 1440 quorum
1154 1401 1200 1429 vi-

318 1449 352 1474 ta
370 1443 431 1478 illis
452 1444 579 1485 constare
599 1455 657 1481 non
674 1444 765 1490 posset
777 1469 788 1487 ‚
812 1447 894 1488 quod
915 1446 1087 1487 antiquitus·
1113 1451 1198 1481 veu-

317 1501 383 1525 tum
392 1496 534 1537 legimus
563 1494 719 1539 Legimus
739 1494 801 1529 id
792 1507 825 1531 in
844 1494 996 1532 concilio
1012 1494 1194 1530 Eliberino.

318 1546 446 1582 Omnes,
472 1550 522 1586 qua·
534 1546 657 1587 peregre
669 1545 789 1586 fuerint
806 1545 980 1588 baptizati,
1000 1547 1124 1587 eoquod
1150 1558 1193 1579 eo·

316 1604 384 1625 rum
408 1600 477 1630 vita
498 1595 620 1630 minim?
637 1593 675 1635 fit
690 1601 806 1637 cognita
826 1596 871 1631 ad
894 1597 1015 1632 ‚Clarum
1050 1607 1108 1628 non
1144 1596 1197 1638 csse

961 1646 1114 1687 Eumque
1140 1657 1191 1680 ca-

317 1704 440 1730 nonem
462 1694 632 1738 ampliavit
652 1704 750 1739 atque
762 1696 802 1729 ad
823 1706 927 1732 totam
952 1693 1127 1731 Ecclesiam
1138 1707 1197 1729 ex·

317 1744 423 1777 tendit
447 1744 533 1788 Papa
561 1740 696 1778 Siricius
718 1744 751 1779 in
777 1745 923 1788 Epistola
957 1744 998 1779 ad
1024 1744 1197 1782 universos

316 1790 550 1830 orthodoxos.
578 1794 750 1833 Volebant
769 1806 847 1839 ergo
869 1793 1052 1831 Donatistae
1075 1819 1085 1834 ,
1122 1795 1192 1828 astu

318 1843 471 1876 veraciter
492 1843 682 1890 diabolico,
709 1856 845 1882 omnem
868 1844 1032 1879 Africanae
1044 1844 1196 1881 Ecclesia:

316 1891 517 1930 catholicum
530 1893 662 1930 Clerum
683 1894 837 1932 radicitus
848 1894 1074 1939 exstinguere,
1098 1906 1197 1941 atque

316 1943 360 1976 ita
386 1944 444 1976 soli
467 1943 499 1980 in
522 1943 613 1977 vasto
637 1942 698 1978 isto
718 1945 842 1986 populo
859 1945 1043 1979 dominari.

367 1993 460 2026 Hinc
481 2003 596 2027 manus
615 1994 686 2027 suas
702 1993 939 2038 imponebant,
965 2005 1032 2029 non
1055 1995 1132 2031 solis
1145 2006 1197 2038 pu·

316 2044 394 2083 eris,
424 2043 475 2080 sed
496 2044 590 2076 omni
618 2043 758 2076 omnino
783 2043 882 2084 capiti
905 2067 913 2077 ‚
954 2043 1032 2077 Hoc
1055 2056 1197 2085 namque

316 2095 359 2126 est
380 2094 513 2127 tertium
532 2103 648 2126 eorum
670 2092 827 2128 facinus,
853 2088 895 2125 de
917 2100 985 2130 quo
1010 2091 1051 2121 fic
1074 2092 1198 2126 sanstus

316 2147 477 2185 Optatus
507 2138 694 2178 Extendistir
716 2149 839 2170 manum
853 2160 863 2176 ‚
881 2137 915 2171 Θ
932 2135 1023 2180 super
1042 2149 1124 2173 omne
1146 2149 1197 2170 ca-

315 2200 370 2236 put
396 2190 553 2230 mortifera
567 2190 724 2225 velamina
741 2185 965 2228 praetendistls:
999 2196 1032 2219 ut
1053 2198 1117 2219 cum
1139 2186 1169 2227 s
1166 2195 1197 2219 nt

317 2248 443 2282 quatuor
460 2249 569 2282 genera
589 2244 722 2279 capitum
743 2242 775 2269 ln
808 2235 936 2276 Ecclefi'a
960 2235 1170 2282 Eoiscoporum
1183 2261 1194 2276 ,

320 2289 578 2327 presbyterorum,
609 2291 822 2328 Diaconorum,
844 2288 877 2320 (5
893 2285 1049 2327 fidelium,
1071 2299 1122 2321 nec
1147 2292 1197 2320 uni

314 2348 437 2383 parcere
456 2338 590 2378 voluistis
606 2361 613 2368 .
635 2336 736 2376 Hoc,
761 2338 895 2380 inquam
918 2361 928 2375 ‚
958 2337 1004 2374 est
1025 2337 1107 2373 istud
1133 2338 1195 2370 cri·

319 2401 396 2423 men
414 2414 425 2434 ‚
449 2389 490 2426 de
511 2399 577 2429 quo
591 2387 708 2425 Romae
729 2387 747 2420 a
769 2388 877 2420 sansto
890 2385 976 2432 Papa
997 2385 1195 2428 Melchiade,

318 2440 416 2482 eique
440 2438 651 2472 assidentibus
676 2436 845 2480 Episcopis
858 2437 1034 2473 damnatus
1055 2437 1099 2470 est
1125 2438 1195 2470 Do.

319 2501 417 2524 natus
438 2489 456 2526 ,a
480 2487 570 2521 Cafis
592 2487 706 2531 Nigris
728 2511 738 2526 ‚
776 2497 868 2520 verus
891 2485 988 2528 hujus
1008 2485 1194 2520 Schismatis

319 2538 457 2572 Goliath
472 2562 482 2582 ‚
504 2538 597 2574 ausus
618 2536 821 2580 Carthagine
841 2536 962 2580 primus
972 2536 1093 2582 erigere
1119 2537 1195 2571 alta·

319 2600 353 2622 re
371 2598 483 2623 contra
503 2588 620 2624 altare.
645 2591 681 2618 In
705 2590 853 2624 Donatum
873 2586 1014 2632 quippe,
1039 2586 1119 2620 teste
1144 2597 1195 2620 eo-

318 2637 394 2672 dem
426 2639 534 2675 saneto
566 2639 691 2679 Optato
715 2661 725 2677 ,
762 2635 834 2679 funt
876 2636 924 2669 hae
952 2635 1110 2680 sententiae
1152 2639 1195 2670 la

373 2689 502 2734 ..Quod
511 2686 652 2734 confessus
671 2684 707 2727 fit
724 2685 756 2729 fir
776 2686 991 2729 rebaptizaffe,
1016 2687 1050 2720 o·
1073 2686 1194 2729 Episco

314 2743 367 2781 pis
377 2735 464 2780 Iapfis
476 2749 598 2770 manum
619 2735 800 2780 imposuiffe,
815 2737 894 2779 quod
916 2736 953 2768 ab
976 2736 1088 2776 Eccles
1075 2749 1104 2769 a
1126 2740 1194 2769 alie

318 2799 388 2821 num
409 2788 462 2826 est.
489 2786 614 2822 Verum
639 2786 718 2835 quid
741 2787 787 2820 est
811 2786 969 2828 Episcopi:
994 2798 1117 2820 manum
1142 2793 1182 2820 im

314 2847 422 2881 ponere
441 2862 451 2876 ,
475 2837 648 2885 quodnam
672 2837 717 2873 est
740 2836 824 2870 istud
844 2836 995 2873 crimen?
1015 2837 1195 2880 Hocopus,

320 2887 374 2920 hic
398 2887 488 2921 labor
512 2888 557 2921 est
572 2912 579 2919 .
606 2887 714 2925 Sansti
735 2886 852 2930 Optati
876 2887 1029 2930 interpres
1051 2887 1193 2922 Francis-

319 2949 376 2970 cus
390 2938 587 2977 Balduinus,
616 2938 738 2980 aliique
749 2948 816 2973 non
830 2937 923 2980 pauci
936 2946 1051 2979 putant
1069 2937 1192 2972 crimen

320 2987 404 3021 istud
419 2988 511 3025 fuisse
534 2990 657 3025 crimen
669 2986 936 3023 reordinationis.
969 2986 1028 3022 Ast
1053 2986 1193 3030 longissi-

320 3036 374 3071 me
386 3038 460 3074 sunt
479 3037 496 3069 a
517 3038 610 3072 vero.
639 3037 721 3071 Non
744 3048 830 3081 nego
854 3037 871 3072 ὲ
895 3036 1081 3072 Donatistis
1102 3037 1194 3073 fuisse

321 3087 539 3125 reordinatum
555 3112 562 3120 .
592 3087 657 3120 Eos
680 3097 820 3131 namque
842 3086 1034 3122 reordinasse
1053 3110 1064 3126 ,
1088 3087 1191 3128 palam

321 3137 454 3171 testatur
478 3137 685 3180 Augustinus
710 3137 794 3171 libi-o
817 3137 914 3173 tertio
937 3146 1051 3170 contra
1074 3136 1193 3172 litteras

323 3186 477 3221 Petiliani
492 3212 499 3219 .
530 3187 673 3220 Breviter
686 3187 902 3230 itaquedico,
925 3186 994 3223 illic
1007 3186 1060 3230 agi
1081 3187 1192 3221 deista

324 3247 437 3272 manus
461 3236 666 3280 impositione
687 3261 698 3276 ,
730 3237 771 3272 de
793 3249 857 3282 qua
879 3237 920 3270 fic
941 3236 1051 3273 statuit
1081 3247 1192 3280 quarta

325 3286 476 3327 synodus
511 3286 799 3330 Carthaginensis.
831 3291 921 3319 Omni
940 3295 1064 3328 tempore
1077 3289 1208 3339 jejunii·

1006 105 1282 153 Omni-NE
1334 105 1741 151 EREMITARUM

1280 203 1374 240 paena
1391 193 1520 232 convic‘ll
1531 192 1655 238 fuerint
1667 217 1677 233 ,
1696 206 1758 238 qua
1777 206 1822 228 eos
1834 195 1934 238 neceffe
1946 194 2040 239 fuerit
2061 197 2081 229 ἃ
2096 200 2151 229 ml·

1281 245 1396 285 nisti-rio
1417 250 1563 278 removeri
1578 269 1587 284 ,
1610 255 1667 276 non
1685 250 1728 276 els
1749 257 1856 279 manus
1879 256 2036 287 tamquam
2053 251 2153 287 paeni·

1279 296 1412 329 tentibus
1434 295 1487 330 vel
1505 304 1662 337 tamquam
1680 294 1820 340 fidelibus
1841 295 1924 329 laicis
1957 297 2149 338 impanatur.

1281 345 1363 390 Agit
1378 370 1387 384 ,
1409 346 1564 387 inquam,
1587 345 1656 378 illic
1678 347 1801 380 sanstus
1820 345 1960 387 Optatus
1984 347 2025 382 de
2050 357 2151 381 manu

1280 395 1313 430 in
1340 395 1561 440 paenitentiam
1581 394 1753 437 impofita‚·
1780 394 1839 438 De¹
1859 393 1917 427 ista
1941 396 2150 436 paenitentiali

1279 446 1492 485 caeremonia,
1518 444 1837 490 plenahumilitatis‚
1857 445 2080 487 confusionis,
2108 458 2148 481 ac

1277 495 1485 537 dejestionis.
1513 495 1809 541 Antiquinamque
1828 505 1970 529 canones
1994 495 2027 527 in
2052 507 2151 539 grave

1276 545 1399 580 crimen
1410 546 1558 588 delapsos
1571 546 1762 589 Episcopos,
1774 544 1983 587 presbyteros
1997 569 2006 583 ,
2019 555 2057 577 ac
2068 545 2152 580 Dia-

1275 606 1382 631 conos
1395 619 1405 636 ,
1431 594 1626 639 deijciebant
1645 619 1656 636 ‚
1684 608 1751 629 non
1765 605 1854 628 extra
1866 594 2039 628 Ecclesiam
2055 594 2152 629 inor-

1274 646 1386 680 dinem
1398 646 1625 688 paenitentium
1638 669 1649 687 ‚
1676 645 1730 680 sed
1752 643 1962 680 solummodo
1986 645 2018 677 in
2034 645 2151 678 laicam

1273 696 1545 730 communionem
1556 720 1563 727 .
1577 695 1732 728 Canones
1746 694 1982 739 Apostolorum
1994 720 2004 735 ,
2017 706 2148 728 necnon

1273 746 1307 779 in
1332 746 1394 779 suis
1415 745 1454 779 ad
1477 747 1623 780 faustum
1644 742 1919 787 Amphilochium
1941 744 2147 780 iconiensem

1275 794 1476 841 Episcopum
1504 795 1632 837 scriptis
1655 794 1840 828 canonibus
1865 795 1987 829 sanstus
2012 793 2147 829 Basilius

1272 855 1410 890 magnus
1423 845 1503 879 dant
1522 843 1641 879 assidue
1659 844 1744 878 hanc
1765 845 1949 878 rationem:
1977 847 2063 887 ,Quia
2088 855 2147 878 non

1270 897 1411 929 vindicat
1435 898 1580 929 Dominus
1601 895 1694 928 bisin
1716 893 1862 936 idipsum.
1891 894 1969 928 Hoc
1991 894 2060 934 est,
2083 893 2145 928 Pia

1271 946 1379 981 Mater
1399 945 1540 982 Ecclesia
1562 944 1692 980 Patrem
1715 944 1881 980 Caelestem
1904 944 2031 980 imitata
2056 945 2146 980 idem

1270 1006 1439 1039 peccatum
1463 1007 1532 1030 non
1550 995 1696 1029 vindicat
1713 993 1839 1028 duabus
1862 994 1984 1038 paenis,
2004 1004 2145 1028 excom-

1269 1046 1492 1083 municatione
1504 1057 1542 1080 ac
1552 1045 1773 1091 depositione.
1788 1044 1888 1080 Laica
1900 1055 2042 1088 namque
2058 1055 2147 1078 com-

1268 1097 1384 1132 munio
1409 1106 1476 1129 non
1509 1106 1577 1131 erat
1617 1097 1813 1131 communio
1837 1094 2046 1128 Eucharistiae
2085 1093 2145 1129 sub

1266 1146 1332 1181 sola
1356 1147 1448 1189 panis
1469 1145 1591 1189 specie,
1618 1156 1654 1180 ut
1668 1155 1784 1187 putant
1805 1145 1992 1178 Cardinalis
2019 1144 2142 1178 Hosius

1265 1195 1299 1229 in
1323 1197 1377 1228 sua
1390 1194 1606 1230 Confeffione
1627 1193 1779 1227 Concilii
1803 1192 2073 1232 Petricoviensis,
2100 1204 2138 1226 ac

1265 1246 1345 1288 Joan
1352 1255 1406 1278 nes
1426 1244 1467 1278 de
1479 1243 1625 1288 Ragufio
1639 1243 1727 1277 Sacri
1740 1242 1876 1277 Ordinis
1887 1241 2143 1277 Praedicatorum

1264 1294 1460 1329 Procurator
1473 1293 1652 1332 Generalis,
1664 1304 1702 1326 ac
1717 1291 1926 1335 postmodum
1942 1293 2055 1328 sanctae
2073 1292 2145 1325 Ro-

1263 1356 1365 1379 manae
1381 1343 1530 1378 Ecclesia»,
1541 1341 1749 1382 Cardinalis,
1771 1342 1804 1376 iti
1820 1341 2041 1384 disputatione
2066 1341 2141 1384 ista,

1262 1406 1360 1439 quam
1378 1404 1489 1427 coram
1507 1392 1654 1429 concilio
1670 1391 1840 1427 Basileensi
1865 1391 1980 1426 habuit
1999 1403 2075 1426 cum
2089 1391 2143 1434 Jo-

1261 1455 1346 1480 aune
1357 1444 1398 1478 de
1410 1443 1616 1486 Rockyzana
1630 1440 1819 1476 Patriarcha
1833 1441 2038 1475 Huffitarurn
2052 1465 2058 1472 .
2073 1441 2142 1476 Ne·

1260 1506 1325 1539 que
1341 1503 1408 1528 erat
1425 1493 1618 1527 communio
1631 1489 1839 1527 Eucharistiae
1858 1501 1949 1524 extra
1961 1490 2140 1532 cancellos,

1261 1554 1297 1579 ut
1320 1554 1436 1591 putant
1449 1542 1633 1578 Cardiualis
1656 1541 1836 1581 Batonius,
1864 1540 2003 1585 Jacobus
2026 1540 2141 1574 Parne-

1261 1595 1347 1635 lius,
1373 1605 1411 1628 ac
1423 1594 1594 1628 Severinus
1608 1592 1742 1626 Binius.
1773 1591 1849 1625 Erat
1863 1602 2017 1635 perpetua
2039 1601 2076 1624 ac
2100 1591 2141 1624 ir-

1260 1644 1447 1688 reparabilis
1459 1642 1571 1678 clerici
1583 1642 1744 1685 depositio
1756 1652 1853 1685 atque
1863 1641 1904 1676 de
1915 1639 2017 1685 gradu
2040 1651 2078 1674 ac
2090 1641 2139 1673 di-

1260 1695 1385 1740 gnitate
1407 1693 1548 1729 clericali
1572 1692 1709 1735 dejectio
1733 1693 1765 1726 in
1788 1692 1938 1725 ordinem
1956 1702 1995 1724 ac
2018 1691 2139 1727 sortem

1261 1744 1416 1779 laicorum
1430 1770 1437 1776 .
1466 1741 1648 1779 Dicebatur
1660 1742 1855 1776 communio
1870 1740 1974 1781 laica,
2005 1741 2081 1786 quia
2095 1750 2141 1775 ta-

1260 1794 1332 1830 liter
1352 1793 1465 1837 dejecti
1490 1793 1524 1830 in
1538 1792 1702 1827 catholica
1725 1793 1907 1827 sanstorum
1928 1791 2142 1825 communio-

1260 1856 1302 1878 ne
1337 1856 1405 1878 non
1431 1842 1570 1886 amplius
1593 1853 1628 1877 ut
1649 1842 1791 1881 Clerici,
1824 1842 1878 1877 sed
1904 1851 1939 1874 ut
1959 1841 2038 1875 meri
2061 1841 2139 1874 laici

1259 1893 1531 1928 conversabantur
1541 1905 1579 1926 ac
1598 1892 1832 1927 tractabantur.
1863 1892 1940 1925 Erat
1962 1902 2049 1935 paena
2063 1889 2141 1925 san&

1259 1944 1460 1989 gravissima.
1488 1944 1582 1979 Hinc
1597 1943 1735 1980 Ecclesia
1755 1954 1828 1977 eam
1853 1941 1955 1977 solam
1982 1941 2137 1986 gravibus

1260 1995 1453 2029 clericorum
1480 1993 1619 2038 peccatis
1633 2016 1643 2032 ‚
1671 1996 1732 2034 pto
1754 1992 1873 2032 quibus
1889 1991 1963 2024 laici
1986 2001 2078 2023 extra
2090 2001 2141 2022 ca·

1261 2043 1419 2079 tholicam
1441 2041 1713 2076 communionem
1737 2038 1991 2082 abiiciebantur,
2016 2038 2140 2081 judica·

1260 2093 1313 2123 bat
1335 2090 1398 2122 effe
1420 2091 1515 2130 plene
1538 2091 1753 2124 sufficientem
1773 2113 1780 2119 .
1809 2090 1925 2121 Fateor
1946 2097 2054 2120 tamen
2079 2089 2141 2120 cle-

1259 2138 1345 2172 ricos
1366 2135 1410 2172 ob
1434 2135 1581 2179 quaedarn
1601 2135 1749 2169 enormia
1776 2146 1907 2177 peccata
1931 2135 2024 2170 fuisse
2046 2136 2139 2171 olim

1261 2198 1326 2220 non
1353 2187 1456 2221 solum
1469 2185 1653 2227 depositos,
1681 2185 1734 2218 sed
1756 2186 1854 2218 etiam
1867 2186 2140 2220 excommunica.

1259 2247 1310 2269 tos
1328 2260 1338 2277 ,
1365 2235 1397 2268 id
1418 2235 1461 2268 est
1477 2259 1487 2274 ,
1507 2233 1772 2276 omniomnino,
1797 2236 1897 2268 etiam
1923 2234 2028 2274 laica,
2050 2246 2138 2269 com·

1259 2286 1416 2320 munione
1438 2287 1598 2328 privatos.
1627 2283 1860 2320 Nihilominus
1882 2295 2033 2319 nectunc
2058 2285 2139 2318 redi·

1258 2336 1413 2380 gebantur
1438 2336 1471 2367 in
1494 2334 1644 2368 ordinem
1667 2335 1894 2377 paenitentium
1920 2357 1931 2374 ‚
1956 2345 2062 2378 neque
2084 2334 2137 2368 Sa-

1258 2386 1427 2420 cerdotum
1452 2382 1600 2418 manibus
1623 2383 1894 2417 subiiciebantur.
1925 2382 2140 2431 Qiinimmo

1258 2436 1409 2469 manibus
1432 2433 1498 2467 istis
1521 2445 1588 2467 non
1612 2433 1868 2468 subiiciebantur
1892 2456 1902 2472 ‚
1925 2434 2138 2475 quantumvis

1249 2486 1319 2529 -jam
1346 2485 1379 2518 in
1403 2483 1560 2518 laicorum
1573 2482 1844 2518 communionem
1867 2493 1904 2517 ac
1924 2482 2072 2518 ordinem
2085 2483 2136 2516 de.

1257 2535 1328 2578 {esti
1353 2545 1479 2567 novum
1508 2534 1630 2567 crimen
1648 2532 1855 2568 admitterent
1884 2532 2037 2566 manibus
2065 2532 2139 2568 istis

1256 2585 1397 2630 dignum
1411 2582 1623 2619 .Parccbatur
1644 2584 1732 2617 enim
1746 2607 1757 2623 ,
1787 2594 1853 2617 non
1876 2582 1970 2628 ipsis,
1991 2582 2044 2617 sed
2068 2594 2138 2616 ma·

1255 2647 1323 2679 gno
1345 2635 1444 2669 sacrae
1457 2633 1688 2669 ordinationis
1702 2634 1931 2673 sacramento,
1954 2632 2048 2678 quod
2070 2633 2136 2677 jam

1257 2684 1424 2731 degradati
1447 2695 1483 2716 ac
1502 2683 1637 2726 depositi
1657 2683 1764 2717 adhuc
1798 2682 1985 2718 retinebant
2008 2683 2043 2716 in
2070 2694 2138 2716 ma·

1255 2736 1357 2778 jorem
1390 2736 1478 2770 suam
1491 2734 1755 2769 damnationem.
1787 2733 1835 2768 Ea
1856 2744 2016 2767 manuum
2032 2733 2137 2776 impo-

1257 2786 1329 2818 sitio
1356 2796 1422 2819 non
1443 2794 1509 2818 erat
1529 2783 1662 2827 quidem
1691 2785 1816 2819 summa
1841 2783 2066 2824 paenitentiam
2079 2783 2137 2818 hu·

1255 2836 1419 2874 miliario,
1441 2834 1648 2877 acdejessio;
1671 2833 1868 2869 fiebatenim
1894 2834 1926 2866 in
1951 2833 2051 2866 tertio
2065 2832 2139 2867 sub·

1255 2885 1416 2923 strationis
1439 2884 1540 2928 gradu
1564 2908 1574 2923 ,
1611 2884 1750 2926 ideoque
1770 2884 1892 2925 primus
1917 2884 1950 2917 &
1973 2882 2134 2919 secundus

1256 2935 1448 2980 paenitentiae
1468 2935 1585 2978 gradus
1599 2958 1609 2972 ,
1629 2943 1744 2975 nempe
1770 2933 1865 2969 fletus
1885 2933 1917 2966 &
1941 2932 2108 2966 audientia
2122 2954 2133 2972 ,

1253 2985 1470 3021 continebant
1492 2983 1691 3019 humilitates
1706 2983 1807 3027 longe
1829 2983 2018 3026 dejestiores
2032 2996 2043 3017 .-
2070 2983 2137 3018 Ni·

1254 3034 1436 3071 hilominus
1457 3044 1525 3068 erat
1550 3044 1639 3067 tanta
1655 3058 1665 3073 ,
1692 3034 1805 3077 utipsa
1828 3034 1894 3066 sola
1919 3032 2132 3076 irregularem

1254 3087 1389 3125 faceret,
1413 3082 1658 3127 deiiceretqueit
1680 3083 1781 3117 Clero
1795 3107 1802 3115 .
1832 3081 1943 3117 Probo
1969 3082 2001 3117 id
2015 3094 2054 3115 ex
2069 3079 2133 3117 hoc

1254 3135 1394 3169 Canone
1414 3134 1560 3172 Concilii
1583 3133 1824 3167 Gerundenfis.
1852 3137 1913 3172 Is,
1937 3138 1987 3174 qui
2009 3137 2133 3175 aegritu-

1253 3187 1334 3221 dinis
1354 3186 1490 3227 languore
1503 3184 1649 3226 depreffus
1678 3187 1862 3225 poenitentiae
1898 3182 2130 3218 ὂεηειίίἄιωιεηι

1236 3253 1239 3286 5
1249 3244 1306 3277 per
1329 3242 1558 3269 communionem
1579 3240 1741 3275 acceperit,
1763 3234 1796 3266 θ’
1814 3232 1997 3273 postmodum
2016 3243 2129 3265 conva-

1253 3283 1356 3327 lescens
1370 3294 1457 3325 caput
1473 3290 1659 3327 poenitentiae
1673 3289 1706 3316 in
1721 3283 1829 3326 Eccles
1827 3296 1846 3315 a
1855 3283 1969 3324 publice
1995 3294 2052 3314 non
2060 3279 2132 3323 sub·

325 3347 431 3367 manus
456 3337 673 3376 paenitentibus
706 3350 725 3372 a
763 3337 966 3370 Sacerdotibus
983 3343 1192 3378 imponantur.
1206 3343 1210 3373 1
1253 3337 1373 3375 diderit,
1381 3333 1409 3376 s
1414 3335 1572 3376 prohibitis
1584 3339 1669 3367 vitiis
1684 3335 1899 3366 nonden'netur
1910 3332 2065 3371 obnoxius,
2079 3332 2136 3364 ad-

325 3384 368 3418 Et
396 3384 510 3428 quinta
534 3385 708 3426 Synodus.
729 3390 803 3420 Item
825 3385 1027 3427 confirmatum
1047 3386 1106 3426 est,
1123 3386 1210 3443 utsi

324 3435 445 3478 quando
467 3435 632 3474 Presbyteri
649 3446 701 3471 aut
729 3430 852 3472 Diaconz·
880 3443 914 3470 tn
933 3438 1037 3479 aliqua
1057 3427 1241 3485 graviori⁴5

1235 3407 1239 3454 5
1252 3392 1390 3419 mittatur
1400 3387 1444 3417 ad
1453 3387 1587 3418 Clerum.
1601 3384 1708 3417 Tanti
1721 3383 1936 3417 :estimabatur
1950 3381 2133 3423 antiquitus

1252 3435 1419 3474 humilitas
1432 3448 1469 3471 ac
1480 3435 1613 3480 dejectio
1625 3445 1700 3469 nata
1710 3445 1754 3469 ex
1766 3434 1825 3468 ista
1838 3443 1993 3468 manuum
2007 3431 2134 3474 imposi-

1991 3492 2084 3517 tione
2094 3505 2104 3514 .
