2384 3770
498 148 622 217 Qu>
635 150 703 196 Srr
718 150 819 203 Vox
831 148 928 196 Pos.
941 149 1065 206 Qum
1078 142 1195 195 Νεό.
1211 150 1335 214 Qu)
1349 145 1687 213 1²1QOan
1704 145 1786 200 &a

242 244 285 269 ae
295 233 441 275 oriatur;
468 243 497 266 v.
508 244 539 278 g.
551 233 734 272 differentia
743 232 958 273 ,constitutiva
969 230 1054 271 ,bruti
1075 231 1119 265 est

244 283 416 326 positivum
430 284 595 326 quoddam
610 284 750 317 fundans
761 283 794 316 in
804 283 836 322 se
848 281 1059 325 negationem
1073 293 1118 320 ,ra-

245 333 462 376 tionalitatis;
490 334 566 377 quia
590 334 635 367 est
655 333 774 367 entitas
793 330 941 381 ,quaedam
962 331 1123 376 positiva,

245 383 299 415 cui
321 382 493 417 necessario
516 384 690 426 conjuncta
710 381 759 414 est·
768 381 912 420 carentia
924 381 977 417 seu
993 381 1123 426 negatio

246 434 476 471 rationalitatis
501 458 508 465 .
547 431 654 473 Unde
685 430 880 475 generaliter
901 431 984 466 inter
1006 432 1125 475 species

247 486 410 542 oppositas
422 485 508 521 idem
518 493 619 538 genus
631 480 885 525 distribuentes,
912 482 1034 528 semper
1046 482 1126 515 alte·

248 547 283 569 ra
295 537 328 569 in
343 536 373 568 se
383 534 499 568 ffindat
511 531 721 577 negationem
732 531 882 565 alterius:
895 533 1020 575 semper
1028 531 1117 565 enim

250 596 314 619 una
325 585 389 618 est'
381 593 414 618 tn·
427 581 586 623 sehabens
599 582 776 617 carentiam
790 581 949 624 alterius,
974 582 1034 616 five
1046 582 1126 626 sem·

247 647 304 679 per
315 644 379 668 una
391 641 459 670 non
469 631 515 665 est
524 631 606 668 alia·
632 630 686 665 sed
700 631 744 670 est
757 643 840 669 non·
831 631 923 666 -alia.

302 681 355 719 18.
382 685 453 718 Dico
467 680 614 724 secunda:
643 681 723 716 Vox
749 681 841 720 finita
863 682 907 718 est
922 693 1006 723 vox,
1036 681 1126 725 cujus

247 733 463 778 significatum
483 731 641 772 formale,
667 742 705 765 ac
726 723 904 776 principale
927 743 996 775 non
1009 731 1053 766 est
1068 742 1126 765 ne·-

248 783 341 829 gatio
353 793 445 826 pura:
474 793 539 814 vox
554 782 629 822 vero
655 781 784 816 infinita
797 781 843 817 est
858 782 934 824 illa,
962 782 1052 826 cujus
1066 782 1126 818 for-

248 833 356 872 male,
380 843 418 866 ac
442 832 617 875 principale
637 827 853 879 significatum
866 833 911 869 est
928 832 1063 875 negatio
1073 836 1124 874 pu-

248 894 299 917 ra.
326 882 403 916 Scio
413 882 543 926 quidem
558 881 613 923 has
629 891 725 914 voces
739 881 781 916 ab
793 877 866 929 aliis
879 881 974 915 aliter
984 881 1124 923 definiri3

249 930 381 976 quidam
391 933 482 972 enim
493 931 656 975 definiunt
665 928 729 965 hoc
740 929 862 967 modo:
891 942 955 968 vox
968 931 1062 964 finita
1074 930 1118 963 est

1180 233 1342 268 effentia·
1335 258 1345 276 ‚
1373 231 1426 267 sed
1445 231 1624 288 proprietas
1645 224 1792 277 quaedam
1811 234 1860 272 illi
1887 248 1965 272 cum
1984 227 2060 293 aliis

1181 282 1334 330 vocibus
1337 281 1542 316 communis.

1230 342 1285 369 20.
1313 331 1350 366 In
1376 343 1456 366 voce
1478 331 1609 365 infinita
1641 330 1802 370 ordinarie
1824 336 2061 382 distinguimus

1178 381 1338 417 baectria:
1367 393 1481 416 vocem
1495 382 1685 420 infinitam
1713 388 2052 426 voceminfinitatam,

1183 444 1219 466 ac
1240 443 1355 467 vocem
1379 433 1628 468 infinitantem-
1667 431 1748 476 Vox
1774 428 1898 468 infinita
1924 447 2062 471 vocatur

1181 483 1396 526 compositum
1408 494 1450 517 ex
1461 493 1541 516 voce
1554 481 1645 514 finita
1657 505 1668 521 ,
1693 481 1725 514 ὃς
1741 484 1915 526 negatione
1929 485 1975 518 illi
1988 496 2063 529 prat·

1182 533 1248 575 fixa
1264 546 1271 566 =
1300 543 1395 567 voces
1417 531 1685 576 quippejnfinitae
1697 532 1819 576 semper
1832 542 1873 566 ex
1886 543 1964 566 voce
1980 545 2063 577 qua·-

1176 582 1258 616 dam
1267 583 1361 629 finita
1376 607 1387 623 ,
1413 585 1447 616 &
1471 580 1660 625 praefixailli
1675 581 1851 625 negatione
1862 592 1920 615 non
1930 592 2065 627 compo·

1186 643 1331 673 nuntur,
1357 633 1390 666 ὅ(
1411 627 1520 666 totum
1542 632 1607 669 hoc
1618 632 1837 679 compositum
1847 641 1980 667 vocatur
1992 643 2060 666 vox

1185 683 1330 716 infinita.
1359 682 1438 720 Vox
1451 682 1528 716 vero
1549 681 1715 726 infinitata
1736 680 1782 718 est
1794 691 1860 718 vox
1872 681 1932 715 ista
1944 681 2036 715 finita
2050 706 2063 726 ‚

1185 735 1236 767 cui
1261 733 1393 777 negatio
1418 731 1616 784 praefigitur,
1641 731 1819 776 &negatio
1832 731 1957 775 praefixa
1972 741 2066 766 voca-

1186 794 1235 817 tur
1249 794 1314 824 vox
1340 777 1528 831 infinitans.
1559 782 1659 825 Vox'
1652 792 1760 835 itaque
1772 780 1899 827 infinita
1911 781 1956 815 est
1969 793 2059 816 com·

1187 834 1326 877 pofitum
1339 845 1380 867 ex
1393 842 1471 867 voce
1483 831 1648 867 infinitata
1659 829 1710 866 ὃς
1703 830 1880 875 negatione
1881 830 2061 866 infinitan·

1186 892 1231 917 te.
1264 883 1314 917 Ex
1337 895 1404 927 quo
1425 882 1562 917 dubium
1584 883 1704 915 oritur:
1721 877 1789 915 An
1804 892 1869 915 vox
1881 881 2010 916 infinita
2024 881 2062 914 sit

1188 945 1255 967 vox
1269 934 1404 979 simplex
1432 933 1481 966 vel
1494 932 1701 989 composita?
1730 931 1772 965 Et
1784 931 1923 966 breviter
1932 933 2063 975 respon·

250 993 338 1021 vox,
363 993 433 1026 quae
450 981 495 1015 est
518 980 653 1014 finitain
669 967 891 1026 praedicando·
921 991 982 1014 vox
995 980 1132 1013 mfintta‘
1185 983 1248 1023 deo
1273 983 1363 1030 Juxta
1387 981 1544 1026 principia
1572 993 1643 1016 mea
1670 973 1812 1025 superius
1835 981 1975 1022 tradita,
1996 981 2064 1017 -effe

249 1032 293 1066 est
308 1032 385 1073 illa,
412 1042 479 1081 quae
499 1030 574 1070 est
566 1042 598 1063 in
623 1029 1126 1073 praedicandoinfinita.1dest:

250 1081 306 1115 Est
331 1081 406 1121 illa,
435 1092 503 1125 quae
526 1081 714 1128 ptaedicatur
736 1091 802 1120 tam
814 1080 950 1121 deissis,
977 1091 1045 1124 quae
1060 1074 1123 1113 non

250 1133 349 1172 sunt,
374 1143 473 1175 quam
496 1130 536 1164 de
560 1130 646 1176 illis,
675 1141 744 1173 quae
767 1132 860 1166 sunt:
890 1141 957 1169 tam
978 1131 1020 1164 de
1033 1141 1125 1174 nega—

252 1182 399 1221 tionibus
422 1192 521 1226 quam
541 1179 774 1225 politionibus:
804 1192 870 1219 ,tam
895 1180 935 1214 de
946 1179 1125 1226 entibusra-

251 1232 352 1265 tionis
364 1233 395 1270 ,ὃς
407 1232 485 1264 fietis
500 1254 511 1269 ‚
536 1241 632 1276 quam
645 1231 686 1265 de
696 1227 835 1271 realibus
845 1231 879 1271 ὃς
892 1231 971 1265 veris
983 1242 990 1262 ε
1001 1238 1045 1263 uti
1059 1231 1126 1263 dixi·

249 1281 318 1312 dub
326 1290 355 1314 ι.
365 1280 475 1319 Credo
487 1289 595 1315 tamen
610 1279 665 1314 has
675 1280 885 1316 definitiones
896 1293 962 1316 non
973 1281 1034 1316 effe
1046 1291 1121 1314 cum

249 1331 307 1363 suo
322 1328 459 1369 definito
483 1327 735 1370 convertibiles,
762 1331 909 1374 adeoque
921 1341 986 1364 non
1001 1330 1128 1366 valere

250 1383 294 1412 Et
302 1379 462 1435 probatur:
490 1379 578 1426 Qia
591 1379 690 1426 etiam
704 1390 798 1414 voces
810 1380 909 1414 finitae
919 1381 1050 1427 possunt
1062 1380 1126 1417 effe

251 1429 415 1464 infinitae
407 1441 439 1467 in
467 1429 687 1476 praedicando·
716 1430 778 1467 five
803 1430 923 1466 dantur
937 1431 1051 1473 aliquae
1072 1440 1127 1462 vo·

250 1490 324 1518 ces,
350 1490 420 1523 quae
443 1479 518 1512 sunt
540 1480 612 1512 vere
631 1478 751 1522 finitae,
780 1480 813 1518 ὃς
832 1490 941 1526 tamen
970 1479 1126 1513 suntinfi·

250 1529 328 1563 nitae
350 1529 384 1562 in
399 1527 631 1575 praedicando.
658 1539 737 1573 ergo
762 1540 828 1562 vox
841 1522 980 1564 finita&
995 1526 1124 1565 infinita

249 1591 318 1613 non
331 1572 432 1620 reste,
461 1589 565 1622 neque
586 1578 844 1613 convertibiliter
857 1579 1060 1617 definiuntur
1074 1591 1123 1622 pe-

252 1640 309 1662 nes
330 1629 490 1663 finitatem
508 1653 517 1668 ‚
546 1628 595 1666 vel
617 1628 813 1665 infinitatem
840 1629 871 1668 in
902 1629 1124 1672 praedicando.

249 1677 372 1722 Conseq.
393 1678 431 1718 cst
452 1679 556 1719 clara,
581 1678 756 1723 antecedens
775 1679 922 1720 probatur
936 1693 947 1712 .·
976 1679 1064 1726 Qia
1080 1679 1126 1712 hae

249 1724 353 1763 voces'
377 1752 388 1773 ‚
413 1728 601 1772 intelligibile
623 1754 634 1769 ‚
672 1729 859 1771 conceptibtle
880 1753 890 1769 ,
915 1727 1126 1772 fignificabt'le‘‚

248 1779 383 1822 aliaeque
402 1778 517 1815 similes
529 1802 540 1818 ‚
568 1779 641 1813 sunt
658 1790 752 1814 voces
779 1778 850 1814 vere
863 1779 982 1824 finitae3
1000 1781 1046 1812 'ut
1059 1779 1127 1825 nul-

248 1829 298 1862 lus
308 1828 452 1873 Logicus
463 1827 595 1872 negabit
604 1853 613 1861 .
640 1828 746 1872 Atqui
761 1826 807 1862 hae
818 1838 914 1863 voces
925 1829 997 1863 sunt
1007 1829 1042 1866 jn
1055 1840 1127 1873 prae-

248 1878 392 1916 dicando
412 1878 569 1913 infinitae:
596 1889 675 1922 ergo
698 1890 794 1912 voces
817 1875 1052 1922 finitaepoffunt
1065 1880 1128 1913 esse

248 1928 385 1961 infinitae
409 1929 442 1960 in
464 1928 688 1984 praedicande.
720 1928 869 1970 Probatur
890 1933 1010 1961 mInorr
1036 1929 1124 1973 Qia

249 1986 365 2009 vocem
386 1977 449 2008 esse
477 1975 637 2021 infinitam
663 1977 696 2012 in
720 1977 926 2017 praedicando
945 1977 989 2008 est
1012 1987 1124 2011 vocem

250 2027 337 2068 posse
359 2024 509 2063 affirmari
531 2023 565 2057 &
589 2017 749 2067 praedicari
770 2025 810 2061 de
821 2024 974 2061 omnibus
985 2025 1125 2062 omnino

250 2075 416 2117 subjectis,
442 2074 609 2128 positivis,
637 2074 818 2122 negativis,
839 2074 997 2112 realibus,
1022 2075 1125 2107 ratio-

249 2125 322 2161 nis,
346 2124 406 2156 &c.
420 2122 533 2164 ntjam
555 2120 644 2154 dixi.
673 2123 779 2164 Atqui
806 2121 870 2170 istae
883 2123 1015 2178 praefatae
1026 2133 1124 2155 voces

249 2175 324 2206 sunt
348 2173 446 2210 tales;
473 2169 680 2220 omniaenim
692 2168 811 2210 entia,
832 2171 985 2211 rationis,
1001 2171 1122 2212 realia,

249 2224 319 2256 ficta
332 2247 342 2262 ‚
371 2232 442 2255 vera
457 2246 467 2264 ‚
494 2221 645 2264 negativa
657 2245 667 2260 ,
696 2220 831 2263 positiva
845 2244 854 2259 ,
868 2221 930 2254 ἃς.
945 2222 1017 2255 sunt
1030 2221 1123 2255 intel-

250 2272 389 2315 ligibilia
403 2294 413 2309 ‚
438 2270 669 2311 conceptibilia
685 2293 695 2308 ‚
721 2270 755 2302 &
771 2270 995 2312 significabilia
1007 2283 1018 2302 .·
1042 2281 1122 2313 ergo

250 2322 316 2355 istae
339 2320 470 2362 praefatae
493 2330 587 2354 voces
600 2319 672 2351 sunt
686 2317 865 2359 infinitaein
876 2318 1094 2362 praedicando.
1115 2319 1119 2321 “

304 2380 354 2417 19.
384 2367 606 2411 Explodendae
616 2378 695 2413 ergo
707 2368 781 2401 sunt
794 2366 841 2400 hae
854 2367 1075 2406 definitiones,
1090 2368 1123 2401 &

250 2418 460 2457 admittendae
479 2418 542 2451 illae
568 2442 577 2458 ‚
604 2428 683 2458 quas
704 2414 861 2461 affignavi
878 2417 980 2451 z‘illae
1004 2414 1123 2460 quippe

248 2481 323 2503 cum
350 2469 415 2503 suis
436 2467 581 2501 definitis
604 2468 676 2500 sunt
698 2466 863 2510 adaequate
875 2467 1121 2501 convertibiles:

250 2530 286 2553 ut
303 2518 397 2553 fac-ile
424 2517 546 2560 patebit
568 2516 791 2558 examinanti;
821 2529 848 2549 v.
861 2529 892 2562 g.
906 2515 955 2551 hae
969 2527 1062 2552 voces
1074 2517 1120 2563 hq-

249 2581 295 2602 mo
313 2592 322 2607 ‚
352 2572 432 2601 Deus
446 2592 456 2608 ,
483 2567 567 2600 albus
578 2591 587 2606 ‚
611 2564 717 2608 sedens
731 2590 741 2606 ‚
766 2576 861 2599 caecus
874 2591 884 2605 ‚
894 2565 1007 2609 surdus
1021 2592 1030 2606 ,
1042 2577 1121 2599 tene·

249 2619 501 2662 brae,ignorant1a
514 2641 523 2656 ‚
551 2616 682 2658 aliaeque
696 2627 811 2649 omnes
821 2615 938 2651 ssmiles
948 2642 957 2657 ,
985 2617 1050 2653 five
1062 2628 1122 2658 po·-

249 2670 345 2702 srtivae
358 2692 368 2706 ,
384 2668 443 2700 five
456 2667 621 2708 negativas,
636 2665 818 2710 dummodo
830 2677 937 2703 tamen
951 2667 990 2700 de
1003 2668 1118 2700 forma·

251 2719 272 2751 li
304 2729 369 2751 non
394 2716 578 2759 significent
602 2714 809 2758 negationem
824 2726 934 2756 puram
957 2716 1121 2750 infinitan-

251 2778 317 2801 tem
333 2791 344 2806 ‚
370 2767 443 2800 sunt
466 2764 550 2807 apud
573 2764 717 2808 Logicos
729 2774 824 2798 voces
836 2759 963 2805 finitaeJ
983 2765 1119 2799 Possunt

251 2828 330 2861 ergo
343 2827 436 2851 voces
456 2815 554 2848 finitae
576 2814 638 2848 esse
651 2825 745 2847 voces
757 2815 910 2858 negativae
922 2815 932 2854 ᾖ
956 2815 988 2848 ἀ
1000 2815 1040 2849 de
1052 2817 1119 2860 ἴοι-γ

251 2868 328 2902 mali
340 2865 520 2911 fignificare
532 2863 741 2909 negationem
755 2878 766 2897 .·
795 2864 923 2908 possunt
934 2888 946 2903 ,
963 2865 1094 2908 inquam
1106 2891 1116 2908 ‚

251 2919 292 2951 de
322 2916 449 2951 formali
481 2915 660 2958 significare
682 2913 889 2958 negationem
914 2914 1118 2959 privantem3

251 2978 319 3000 non
333 2966 408 2999 vero
421 2966 628 3009 negationem
651 2975 761 3006 puram
774 2989 783 3004 ‚
810 2965 861 2997 seu
877 2964 1116 2998 infinitantemss

253 3015 358 3051 Unde
371 3016 416 3048 hae
438 3026 533 3049 voces
546 3013 695 3047 non-homo
706 3038 716 3053 ‚
744 3017 895 3047 non-Dcur
907 3036 917 3052 ‚
943 3015 1095 3047 non-albus
1106 3041 1116 3056 ‚

252 3065 451 3100 non-tenebrae
469 3090 478 3105 ‚
506 3064 702 3103 non-chymera
716 3088 726 3102 ,
752 3064 884 3106 aliaeque
908 3064 1024 3098 ssmiles
1042 3068 1115 3098 orn*

253 3127 308 3149 nes
320 3140 330 3155 ‚
341 3126 474 3158 quarum
489 3116 624 3149 formale
638 3114 853 3158 significatum
867 3114 1001 3157 negatio
1012 3114 1116 3148 infini-

251 3177 323 3199 tans
333 3166 376 3198 est
390 3188 400 3203 ‚
427 3159 500 3198 sunt
512 3166 545 3199 &
558 3173 713 3198 vocantur
727 3165 742 3196 a
752 3164 887 3207 Logicis
899 3174 994 3197 voces
1013 3163 1116 3198 infini-

251 3225 291 3249 tae
306 3239 313 3247 .
342 3214 446 3249 Unde
460 3226 524 3249 vox
540 3215 670 3248 infinita
691 3212 787 3248 habet
799 3215 828 3248 se
837 3214 876 3247 ad
890 3215 1071 3257 negativam
1083 3216 1114 3248 fi-

251 3275 309 3299 cut
320 3266 427 3298 minus
441 3275 616 3300 commune
627 3265 667 3298 ad
679 3265 782 3308 magis
792 3275 967 3298 commune
977 3277 990 3306 ;
1002 3265 1040 3299 ad
1055 3276 1115 3300 vo·

251 3327 324 3349 cem
358 3314 434 3348 vero
456 3314 622 3357 positivam
648 3315 743 3348 habet
766 3316 795 3348 se
818 3316 895 3347 ficut
914 3325 1112 3358 repugnans.

252 3362 462 3409 vocaturque
474 3364 600 3397 infinita
614 3375 680 3402 non
693 3364 733 3399 ab
745 3365 907 3398 infinitate
919 3365 1111 3407 praedicatio-

251 3415 321 3456 nis·,
349 3415 403 3449 sed
422 3414 439 3447 a
452 3413 683 3459 significatione
695 3426 778 3461 purae
790 3416 841 3447 seu
857 3414 1048 3448 infinitantis
1059 3426 1112 3449 ne-

251 3465 392 3507 gationis
411 3465 443 3499 &
466 3463 608 3498 infinitas
629 3464 662 3497 in
679 3464 882 3508 praedicando
892 3475 958 3498 non
968 3465 1012 3499 est
1026 3464 1113 3500 illius

1188 1044 1302 1067 vocem
1326 1032 1520 1074 simplicem.
1549 1035 1637 1064 Ratio
1649 1031 1703 1071 est:
1732 1032 1822 1079 Qia
1847 1043 1910 1064 vox
1923 1030 2060 1075 fimplex

1186 1083 1230 1117 est
1246 1083 1354 1116 omnis
1369 1081 1422 1118 illa
1439 1093 1503 1115 vox
1515 1106 1524 1120 ‚
1540 1093 1609 1125 quae
1620 1081 1665 1115 est
1680 1082 1775 1121 unica
1791 1082 1892 1115 dictio
1905 1095 1916 1114 :
1941 1081 2061 1115 ut-dixi

1188 1132 1278 1177 supra
1296 1132 1336 1166 de
1349 1143 1428 1171 voce
1439 1130 1576 1173 simplici
1592 1128 1708 1174 agens.
1737 1130 1840 1173 Atqui
1854 1141 1919 1165 vox
1932 1131 2061 1164 infinita

1185 1184 1229 1217 est
1252 1183 1347 1223 unica
1371 1182 1487 1218 dictio:
1517 1182 1650 1224 negatio
1664 1181 1751 1214 enim
1767 1180 1936 1219 infinitans
1950 1181 1984 1214 δε
1996 1191 2064 1216 vox

1188 1233 1351 1267 infinitata
1374 1233 1408 1269 in
1422 1225 1568 1265 'unicam
1583 1230 1761 1264 dictionem
1773 1230 1960 1264 coalescunt
1974 1243 1984 1262 .·
2012 1229 2064 1268 uti

1188 1294 1275 1326 patet
1286 1294 1327 1316 ex
1339 1282 1439 1316 modo
1451 1281 1520 1315 illas
1529 1276 1734 1314 scribendi&
1749 1278 1977 1323 imprimendi.
2004 1278 2061 1311 Et·-

1186 1344 1230 1377 go
1242 1343 1307 1366 vox
1320 1332 1451 1367 infinita
1462 1330 1507 1366 est
1522 1342 1587 1365 vox
1605 1330 1740 1374 simplex
1758 1356 1766 1365 .

1397 1429 1733 1467 DUBIUM
1794 1428 1854 1462 111.

1236 1532 1327 1576 ,Quid
1340 1530 1375 1572 sit
1401 1531 1595 1573 infinitatio?-
1610 1529 1701 1571 ‚Quid
1725 1540 1822 1563 vocem
1845 1527 2013 1570 insinuari?

1187 1643 1242 1669 21.
1381 1629 1427 1663 lxi
1453 1629 1517 1671 jam
1539 1627 1646 1662 statim
1673 1627 1755 1661 inter
1775 1637 1891 1671 voces,
1917 1626 1993 1661 alias
2004 1629 2067 1661 effe

1354 1716 1356 1719 v
1394 1679 1561 1717 infinitas,
1588 1677 1906 1716 aliasinfinitantes,
1929 1677 2070 1712 aliasin-

1188 1731 1352 1765 finitatas:
1383 1741 1442 1774 pro
1465 1728 1579 1762 harum
1602 1738 1681 1772 ergo
1709 1725 1873 1776 intellefflt
1888 1727 2066 1761 videndum

1189 1792 1277 1814 nunc
1302 1780 1373 1820 est,
1399 1777 1475 1827 quid
1499 1777 1538 1811 fit'
1561 1779 1650 1811 vocis
1673 1778 1876 1817 infinitatio‚
1904 1777 2003 1809 astiva
2029 1777 2064 1809 δε

1189 1829 1328 1874 paffiva,
1354 1822 1498 1874 quidque
1520 1829 1558 1861 fit
1583 1838 1697 1861 vocem
1719 1828 1880 1860 infinitate
1895 1826 2067 1860 velinfini·

1187 1879 1270 1914 tari>
1297 1879 1480 1927 Infinitatio
1505 1888 1582 1920 ergo
1588 1877 1689 1919 apud
1715 1875 1892 1909 Rhetorem
1903 1869 1988 1910 foret
1999 1876 2065 1922 spe-

1187 1931 1250 1964 cies
1262 1928 1408 1971 quaedam
1438 1925 1692 1971 Cathecrese055
1718 1924 1805 1968 apud
1817 1925 2064 1960 Summulistam

1188 1977 1263 2011 vero
1285 1977 1329 2010 est
1356 1975 1475 2018 species
1499 1973 1643 2018 quaedam
1660 1974 1892 2009 alienationis:
1918 1975 2067 2020 adeoque

1187 2037 1251 2070 vox
1263 2025 1433 2061 infinitans
1444 2025 1488 2059 est
1502 2024 1619 2067 species
1632 2024 1720 2058 vocis
1729 2023 1929 2066 alienantis,
1951 2027 1985 2060 &
1999 2038 2064 2062 vox

1187 2064 1355 2110 infinitata
1378 2071 1508 2115 species
1515 2073 1605 2106 vocis
1626 2074 1802 2107 alienatae.
1830 2067 1959 2109 Vocem
1983 2086 2065 2120 ergo

1187 2125 1329 2166 aliquam
1353 2122 1493 2154 alienare
1513 2121 1563 2159 vel
1586 2121 1720 2155 alienari
1743 2122 1787 2155 est
1802 2110 1892 2157 illam
1906 2121 2066 2168 &propria

1188 2170 1536 2222 suafignificationead
1551 2170 1649 2203 aliam
1663 2171 1757 2214 plane
1767 2170 1925 2206 diversam
1940 2175 1974 2207 &
1985 2175 2062 2207 alie-

1188 2234 1262 2255 nam
1275 2223 1508 2265 transportare
1537 2220 1825 2262 veltransportari.
1849 2223 1890 2260 Et
1906 2235 1973 2257 vox
1987 2223 2067 2258 alie-

1189 2282 1268 2304 nans
1290 2269 1334 2303 est
1357 2281 1421 2302 vox
1433 2269 1529 2314 aliam
1543 2279 1657 2302 vocem
1669 2265 1728 2302 fibi
1740 2271 1942 2311 adjunctam
1932 2285 1948 2306 a
1961 2275 2065 2319 signi-t

1188 2320 1341 2363 ficatione
1363 2320 1415 2351 sua
1438 2317 1564 2361 propria
1577 2317 1611 2351 &
1623 2311 1787 2353 ordinaria
1807 2320 1848 2353 ad
1861 2321 1959 2355 aliam
1967 2324 2062 2365 plane

1186 2361 1340 2419 diversam
1354 2367 1386 2400 &
1399 2367 1538 2400 alienam
1552 2368 1785 2409 transportans,
1816 2369 1849 2403 δι
1862 2380 1926 2403 vox
1941 2372 2060 2406 aliena-

1186 2430 1218 2452 ta
1231 2419 1274 2453 est
1286 2430 1350 2451 vox
1371 2429 1424 2461 per
1447 2416 1544 2450 aliam
1558 2427 1671 2459 vocem
1674 2416 1738 2450 {ibi
1751 2417 1936 2467 adjunstam
1947 2420 1989 2454 ab
2010 2434 2061 2457 ot-

1185 2469 1311 2519 dinaria
1334 2468 1387 2501 sua
1409 2460 1645 2511 significatione
1661 2456 1700 2500 ad
1713 2463 1851 2502 alienam
1867 2472 2061 2514 transporta-

1185 2514 1241 2561 t'a;
1268 2530 1295 2551 v.
1300 2529 1331 2562 g
1345 2528 1420 2550 cum
1431 2517 1506 2562 dico
1518 2516 1599 2550 homo
1611 2525 1762 2558 mortuus,
1776 2519 1823 2552 vel
1835 2518 2023 2562 homopet‘lus
2044 2546 2058 2562 ,

1185 2569 1229 2602 ibi
1255 2580 1320 2602 vox
1344 2567 1426 2601 bomo
1446 2567 1604 2600 alienatur
1624 2590 1635 2605 ,
1677 2566 1786 2610 estque
1809 2580 1874 2603 vox
1896 2571 2058 2614 alienata;

1184 2629 1278 2653 voces
1303 2618 1380 2654 vero
1405 2627 1535 2650 mortuus
1559 2616 1592 2649 &
1610 2615 1710 2658 pic‘t'us
1732 2618 1806 2652 sunt
1833 2630 1928 2654 voces
1942 2632 2060 2657 vocem

1183 2668 1263 2714 bomo
1284 2664 1480 2703 alienantes:
1511 2667 1740 2710 transportant
1753 2668 1843 2702 enim
1867 2670 1987 2703 illama
2001 2671 2058 2706 sua

1181 2717 1345 2758 ordinaria
1368 2716 1604 2762 significatione
1625 2740 1635 2755 ,
1661 2728 1724 2760 qua
1747 2727 1856 2752 verum
1880 2717 2053 2755 hominem

1182 2767 1410 2813 fignificabat5
1436 2766 1476 2800 ad
1504 2765 1753 2811 significandum
1776 2767 1912 2801 cadaver
1934 2770 1985 2802 vel
2007 2771 2056 2814 pi-

1180 2819 1300 2852 &uram
1323 2817 1409 2860 ejus,
1436 2827 1506 2859 quae
1526 2817 1570 2849 est
1594 2816 1791 2860 significatio
1800 2816 2053 2865 planediversa,

1180 2869 1212 2902 ἀ
1230 2869 1247 2902 a
1260 2867 1358 2912 priori
1369 2864 1506 2900 omnino
1518 2866 1640 2899 aliena.

1230 2930 1284 2954 22·
1314 2918 1405 2951 Hinc
1423 2927 1502 2965 ergo
1525 2911 1644 2955 claret,
1670 2915 1748 2959 quid
1760 2917 2049 2954 fitvocisastiva&

1179 2968 1294 3010 paffiva
1321 2967 1523 3007 infinitatio:
1544 2965 1620 2999 item
1632 2965 1709 3008 quid
1724 2967 1760 2999 lit
1773 2979 1887 3002 vocem
1906 2969 2049 3002 infinita·

1179 3029 1233 3058 re,
1261 3016 1499 3051 velinfinitari.
1517 3015 1656 3049 Vocem
1668 3016 1929 3067 eniminfinitare
1941 3019 2051 3052 velin-

1180 3068 1299 3102 finitari
1313 3066 1395 3101 nihil
1409 3065 1454 3100 est
1477 3065 1567 3099 aliud
1582 3090 1593 3105 ‚
1619 3076 1715 3106 quam
1728 3078 1842 3101 vocem
1855 3068 1995 3112 aliquam
2007 3069 2048 3103 ab

1177 3118 1343 3159 offlinario
1383 3117 1441 3150 suo
1462 3115 1642 3160 fignificato
1678 3115 1718 3148 ad
1740 3117 1810 3159 ejus
1827 3113 2048 3152 contradisto·

1177 3167 1289 3201 riumr
1270 3165 1519 3211 significandum
1532 3166 1745 3207 transportare
1758 3167 1807 3201 vel
1820 3168 2046 3212 transportari,

1177 3218 1210 3251 &
1222 3219 1309 3251 vocis
1332 3214 1510 3250 infinitatio
1521 3214 1566 3248 est
1580 3215 1670 3249 vocis
1682 3215 1815 3259 alicujus
1825 3217 1841 3250 a
1851 3218 1908 3251 suo
1917 3218 2046 3253 ordina·

1175 3266 1224 3300 rio
1235 3267 1414 3311 significato
1436 3263 1475 3297 ad
1485 3264 1552 3306 eius
1565 3266 1850 3300 contradistorium
1863 3268 2046 3312 fignifican-

1174 3316 1253 3350 dum
1274 3315 1517 3358 transportatio:
1548 3314 1627 3348 item
1647 3327 1710 3349 vox
1732 3310 1900 3350 i'nfinitans
1921 3318 1965 3351 est
1978 3329 2042 3352 vox

1175 3367 1270 3399 aliam
1295 3359 1415 3398 vocem*
1431 3363 1488 3397 fibi
1510 3360 1690 3411 adjunctam
1714 3365 1754 3398 ab
1766 3367 1926 3411 ordinaria
1937 3369 1990 3401 sua
2002 3369 2043 3401 fi-

1174 3416 1387 3460 gnificatione
1400 3415 1439 3448 ad
1453 3414 1734 3450 contradictoriam
1743 3417 1960 3459 transportans
1970 3442 1981 3457 ,
2009 3419 2042 3451 &

1175 3478 1239 3501 vox
1261 3465 1423 3501 infinitata
1445 3464 1488 3498 est
1502 3475 1565 3498 vox
1579 3464 1619 3499 ab
1630 3465 1690 3500 alia
1705 3477 1785 3501 voce
1795 3465 1849 3500 fibi
1865 3467 2010 3510 adjunsta
2023 3466 2043 3498 a,

1941 3517 1996 3549 sua
