<?xml version="1.0" encoding="UTF-8"?>
<!DOCTYPE html PUBLIC "-//W3C//DTD XHTML 1.0 Transitional//EN"
    "http://www.w3.org/TR/xhtml1/DTD/xhtml1-transitional.dtd">
<html xmlns="http://www.w3.org/1999/xhtml" xml:lang="en" lang="en">
 <head>
  <title>
</title>
<meta http-equiv="Content-Type" content="text/html;charset=utf-8" />
  <meta name='ocr-system' content='tesseract 3.04.00' />
  <meta name='ocr-capabilities' content='ocr_page ocr_carea ocr_par ocr_line ocrx_word'/>
</head>
<body>
  <div class='ocr_page' id='page_1' title='image "./operaomniastudio12lupuuoft_0244.png"; bbox 0 0 2384 3770; ppageno 0'>
   <div class='ocr_carea' id='block_1_1' title="bbox 380 157 477 201">
    <p class='ocr_par' dir='ltr' id='par_1_1' title="bbox 380 157 477 201">
     <span class='ocr_line' id='line_1_1' title="bbox 380 157 477 201; baseline -0.031 -11"><span class='ocrx_word' id='word_1_1' title='bbox 380 157 477 201; x_wconf 87' lang='lat'>230</span> 
     </span>
    </p>
   </div>
   <div class='ocr_carea' id='block_1_2' title="bbox 317 221 1219 3520">
    <p class='ocr_par' dir='ltr' id='par_1_2' title="bbox 322 221 1219 1176">
     <span class='ocr_line' id='line_1_2' title="bbox 336 221 1209 274; baseline -0.001 -13"><span class='ocrx_word' id='word_1_2' title='bbox 336 221 796 272; x_wconf 72' lang='lat' dir='ltr'>solummodo&#39;propositionIs</span> <span class='ocrx_word' id='word_1_3' title='bbox 823 229 910 272; x_wconf 74' lang='lat' dir='ltr'>suael.</span> <span class='ocrx_word' id='word_1_4' title='bbox 939 228 983 262; x_wconf 87' lang='lat' dir='ltr'>V.</span> <span class='ocrx_word' id='word_1_5' title='bbox 1007 241 1040 274; x_wconf 89' lang='lat' dir='ltr'>g.</span> <span class='ocrx_word' id='word_1_6' title='bbox 1066 238 1141 262; x_wconf 89' lang='lat' dir='ltr'>cum</span> <span class='ocrx_word' id='word_1_7' title='bbox 1162 225 1209 261; x_wconf 88' lang='lat' dir='ltr'>di—</span> 
     </span>
     <span class='ocr_line' id='line_1_3' title="bbox 334 276 1208 321; baseline 0.002 -12"><span class='ocrx_word' id='word_1_8' title='bbox 334 289 400 315; x_wconf 76' lang='lat' dir='ltr'>eo,</span> <span class='ocrx_word' id='word_1_9' title='bbox 423 279 528 308; x_wconf 73' lang='lat' dir='ltr'>Omms</span> <span class='ocrx_word' id='word_1_10' title='bbox 549 276 651 319; x_wconf 84' lang='lat' dir='ltr'>bomo,</span> <span class='ocrx_word' id='word_1_11' title='bbox 675 285 728 321; x_wconf 76' lang='lat' dir='ltr'>qut</span> <span class='ocrx_word' id='word_1_12' title='bbox 753 289 809 312; x_wconf 84' lang='lat' dir='ltr'>non</span> <span class='ocrx_word' id='word_1_13' title='bbox 831 279 869 318; x_wconf 82' lang='lat' dir='ltr'>est</span> <span class='ocrx_word' id='word_1_14' title='bbox 891 280 1017 320; x_wconf 70' lang='lat' dir='ltr'>aliquod</span> <span class='ocrx_word' id='word_1_15' title='bbox 1039 278 1147 320; x_wconf 79' lang='lat' dir='ltr'>bipes,</span> <span class='ocrx_word' id='word_1_16' title='bbox 1169 277 1208 319; x_wconf 88' lang='lat' dir='ltr'>est</span> 
     </span>
     <span class='ocr_line' id='line_1_4' title="bbox 326 325 1205 373; baseline 0.003 -15"><span class='ocrx_word' id='word_1_17' title='bbox 326 325 509 366; x_wconf 79' lang='lat' dir='ltr'>monstrum.</span> <span class='ocrx_word' id='word_1_18' title='bbox 540 327 590 362; x_wconf 89' lang='lat' dir='ltr'>Ibi</span> <span class='ocrx_word' id='word_1_19' title='bbox 613 328 744 373; x_wconf 88' lang='lat' dir='ltr'>negatio</span> <span class='ocrx_word' id='word_1_20' title='bbox 771 339 893 373; x_wconf 87' lang='lat' dir='ltr'>negans</span> <span class='ocrx_word' id='word_1_21' title='bbox 915 340 971 360; x_wconf 84' lang='lat' dir='ltr'>non</span> <span class='ocrx_word' id='word_1_22' title='bbox 999 340 1066 362; x_wconf 93' lang='lat' dir='ltr'>non</span> <span class='ocrx_word' id='word_1_23' title='bbox 1092 328 1205 362; x_wconf 84' lang='lat' dir='ltr'>alterat</span> 
     </span>
     <span class='ocr_line' id='line_1_5' title="bbox 331 376 1207 421; baseline 0.003 -13"><span class='ocrx_word' id='word_1_24' title='bbox 331 376 461 419; x_wconf 79' lang='lat' dir='ltr'>signum</span> <span class='ocrx_word' id='word_1_25' title='bbox 484 383 580 411; x_wconf 76' lang='lat' dir='ltr'>omnis</span> <span class='ocrx_word' id='word_1_26' title='bbox 595 390 606 411; x_wconf 91' lang='grc'>·.</span> <span class='ocrx_word' id='word_1_27' title='bbox 628 378 681 412; x_wconf 85' lang='lat' dir='ltr'>sed</span> <span class='ocrx_word' id='word_1_28' title='bbox 709 376 919 412; x_wconf 75' lang='lat' dir='ltr'>solummudo</span> <span class='ocrx_word' id='word_1_29' title='bbox 930 378 1054 421; x_wconf 87' lang='lat' dir='ltr'>fignum</span> <span class='ocrx_word' id='word_1_30' title='bbox 1067 380 1207 420; x_wconf 78' lang='lat' dir='ltr'><em>aliquod.</em></span> 
     </span>
     <span class='ocr_line' id='line_1_6' title="bbox 331 425 1201 475; baseline 0 -13"><span class='ocrx_word' id='word_1_31' title='bbox 331 428 421 462; x_wconf 72' lang='lat' dir='ltr'>Ratio</span> <span class='ocrx_word' id='word_1_32' title='bbox 442 425 479 460; x_wconf 70' lang='lat' dir='ltr'>etl</span> <span class='ocrx_word' id='word_1_33' title='bbox 495 442 506 462; x_wconf 87' lang='grc'>.-</span> <span class='ocrx_word' id='word_1_34' title='bbox 531 429 622 475; x_wconf 84' lang='lat' dir='ltr'>Qia</span> <span class='ocrx_word' id='word_1_35' title='bbox 635 428 760 473; x_wconf 88' lang='lat' dir='ltr'>signum</span> <span class='ocrx_word' id='word_1_36' title='bbox 771 429 894 470; x_wconf 77' lang='lat' dir='ltr'>aliquod</span> <span class='ocrx_word' id='word_1_37' title='bbox 905 427 954 460; x_wconf 84' lang='lat' dir='ltr'>isti</span> <span class='ocrx_word' id='word_1_38' title='bbox 969 430 1140 472; x_wconf 83' lang='lat' dir='ltr'>negationi</span> <span class='ocrx_word' id='word_1_39' title='bbox 1156 429 1201 462; x_wconf 88' lang='lat' dir='ltr'>est</span> 
     </span>
     <span class='ocr_line' id='line_1_7' title="bbox 329 478 1206 525; baseline -0.002 -13"><span class='ocrx_word' id='word_1_40' title='bbox 329 480 455 525; x_wconf 85' lang='lat' dir='ltr'>fignum</span> <span class='ocrx_word' id='word_1_41' title='bbox 467 479 696 522; x_wconf 75' lang='lat' dir='ltr'>propositionis</span> <span class='ocrx_word' id='word_1_42' title='bbox 710 481 791 521; x_wconf 81' lang='lat' dir='ltr'>suae·,</span> <span class='ocrx_word' id='word_1_43' title='bbox 819 479 945 522; x_wconf 85' lang='lat' dir='ltr'>signum</span> <span class='ocrx_word' id='word_1_44' title='bbox 961 488 1036 512; x_wconf 88' lang='lat' dir='ltr'>vero</span> <span class='ocrx_word' id='word_1_45' title='bbox 1049 485 1145 512; x_wconf 81' lang='lat' dir='ltr'>omnis</span> <span class='ocrx_word' id='word_1_46' title='bbox 1163 478 1206 512; x_wconf 88' lang='lat' dir='ltr'>est</span> 
     </span>
     <span class='ocr_line' id='line_1_8' title="bbox 329 526 1206 574; baseline -0.001 -11"><span class='ocrx_word' id='word_1_47' title='bbox 329 530 458 574; x_wconf 88' lang='lat' dir='ltr'>signum</span> <span class='ocrx_word' id='word_1_48' title='bbox 483 529 713 573; x_wconf 88' lang='lat' dir='ltr'>propositionis</span> <span class='ocrx_word' id='word_1_49' title='bbox 735 528 848 561; x_wconf 82' lang='lat' dir='ltr'>alienae</span> <span class='ocrx_word' id='word_1_50' title='bbox 873 553 880 561; x_wconf 93' lang='lat'><strong><em>.</em></strong></span> <span class='ocrx_word' id='word_1_51' title='bbox 912 526 962 561; x_wconf 84' lang='lat' dir='ltr'>Ibi</span> <span class='ocrx_word' id='word_1_52' title='bbox 990 528 1110 572; x_wconf 87' lang='lat' dir='ltr'>quippe</span> <span class='ocrx_word' id='word_1_53' title='bbox 1133 530 1206 562; x_wconf 90' lang='lat' dir='ltr'>sunt</span> 
     </span>
     <span class='ocr_line' id='line_1_9' title="bbox 328 579 1203 623; baseline -0.002 -9"><span class='ocrx_word' id='word_1_54' title='bbox 328 580 399 614; x_wconf 70' lang='lat' dir='ltr'>dua:</span> <span class='ocrx_word' id='word_1_55' title='bbox 420 580 678 623; x_wconf 86' lang='lat' dir='ltr'>propositiones,</span> <span class='ocrx_word' id='word_1_56' title='bbox 704 589 840 621; x_wconf 86' lang='lat' dir='ltr'>quarum</span> <span class='ocrx_word' id='word_1_57' title='bbox 865 589 940 621; x_wconf 27' lang='lat' dir='ltr'>*una</span> <span class='ocrx_word' id='word_1_58' title='bbox 970 579 1203 617; x_wconf 79' lang='lat' dir='ltr'>concluditur,</span> 
     </span>
     <span class='ocr_line' id='line_1_10' title="bbox 327 627 1219 673; baseline -0.002 -10"><span class='ocrx_word' id='word_1_59' title='bbox 327 631 360 666; x_wconf 74' lang='grc' dir='ltr'><strong>ἀ</strong></span> <span class='ocrx_word' id='word_1_60' title='bbox 385 629 569 673; x_wconf 85' lang='lat' dir='ltr'>implicatur</span> <span class='ocrx_word' id='word_1_61' title='bbox 591 628 625 662; x_wconf 91' lang='lat' dir='ltr'>in</span> <span class='ocrx_word' id='word_1_62' title='bbox 651 627 730 662; x_wconf 88' lang='lat' dir='ltr'>alia.</span> <span class='ocrx_word' id='word_1_63' title='bbox 761 627 844 661; x_wconf 94' lang='lat' dir='ltr'>Una</span> <span class='ocrx_word' id='word_1_64' title='bbox 870 635 1005 661; x_wconf 82' lang='lat' dir='ltr'>vocatur</span> <span class='ocrx_word' id='word_1_65' title='bbox 1027 629 1219 671; x_wconf 77' lang='lat' dir='ltr'>propositio·</span> 
     </span>
     <span class='ocr_line' id='line_1_11' title="bbox 326 678 1204 723; baseline -0.003 -9"><span class='ocrx_word' id='word_1_66' title='bbox 326 680 521 723; x_wconf 85' lang='lat' dir='ltr'>implicans,</span> <span class='ocrx_word' id='word_1_67' title='bbox 547 678 646 712; x_wconf 90' lang='lat' dir='ltr'>altera</span> <span class='ocrx_word' id='word_1_68' title='bbox 669 688 808 711; x_wconf 87' lang='lat' dir='ltr'>vocatur</span> <span class='ocrx_word' id='word_1_69' title='bbox 825 678 1005 721; x_wconf 86' lang='lat' dir='ltr'>propositio</span> <span class='ocrx_word' id='word_1_70' title='bbox 1020 678 1183 721; x_wconf 86' lang='lat' dir='ltr'>implicata</span> <span class='ocrx_word' id='word_1_71' title='bbox 1197 704 1204 711; x_wconf 87' lang='lat'>.</span> 
     </span>
     <span class='ocr_line' id='line_1_12' title="bbox 326 727 1205 773; baseline -0.002 -10"><span class='ocrx_word' id='word_1_72' title='bbox 326 729 512 773; x_wconf 84' lang='lat' dir='ltr'>Propositio</span> <span class='ocrx_word' id='word_1_73' title='bbox 535 728 706 772; x_wconf 87' lang='lat' dir='ltr'>implicans</span> <span class='ocrx_word' id='word_1_74' title='bbox 725 728 769 761; x_wconf 86' lang='lat' dir='ltr'>est</span> <span class='ocrx_word' id='word_1_75' title='bbox 794 727 859 761; x_wconf 80' lang='lat' dir='ltr'>haec</span> <span class='ocrx_word' id='word_1_76' title='bbox 884 751 894 767; x_wconf 92' lang='lat'><strong>,</strong></span> <span class='ocrx_word' id='word_1_77' title='bbox 930 732 1034 760; x_wconf 75' lang='lat' dir='ltr'>Omnis</span> <span class='ocrx_word' id='word_1_78' title='bbox 1063 728 1145 761; x_wconf 77' lang='lat' dir='ltr'>hom·</span> <span class='ocrx_word' id='word_1_79' title='bbox 1167 728 1205 768; x_wconf 78' lang='lat' dir='ltr'>est</span> 
     </span>
     <span class='ocr_line' id='line_1_13' title="bbox 328 777 1203 822; baseline 0 -10"><span class='ocrx_word' id='word_1_80' title='bbox 328 779 505 822; x_wconf 76' lang='lat' dir='ltr'>monstrum3</span> <span class='ocrx_word' id='word_1_81' title='bbox 535 778 602 812; x_wconf 78' lang='lat' dir='ltr'>haec</span> <span class='ocrx_word' id='word_1_82' title='bbox 627 777 704 811; x_wconf 74' lang='lat' dir='ltr'>vero</span> <span class='ocrx_word' id='word_1_83' title='bbox 717 801 727 817; x_wconf 90' lang='lat'>‚</span> <span class='ocrx_word' id='word_1_84' title='bbox 749 780 815 822; x_wconf 73' lang='lat' dir='ltr'>‚Qui</span> <span class='ocrx_word' id='word_1_85' title='bbox 833 789 890 810; x_wconf 89' lang='lat' dir='ltr'>non</span> <span class='ocrx_word' id='word_1_86' title='bbox 913 777 949 816; x_wconf 81' lang='lat' dir='ltr'>est</span> <span class='ocrx_word' id='word_1_87' title='bbox 971 779 1094 820; x_wconf 83' lang='lat' dir='ltr'><em>aliquod</em></span> <span class='ocrx_word' id='word_1_88' title='bbox 1120 778 1203 821; x_wconf 85' lang='lat' dir='ltr'><em>bipes</em></span> 
     </span>
     <span class='ocr_line' id='line_1_14' title="bbox 328 828 1202 873; baseline -0.002 -9"><span class='ocrx_word' id='word_1_89' title='bbox 328 830 374 864; x_wconf 86' lang='lat' dir='ltr'>est</span> <span class='ocrx_word' id='word_1_90' title='bbox 391 829 570 873; x_wconf 86' lang='lat' dir='ltr'>propositio</span> <span class='ocrx_word' id='word_1_91' title='bbox 594 828 779 870; x_wconf 85' lang='lat' dir='ltr'>implicata.</span> <span class='ocrx_word' id='word_1_92' title='bbox 811 828 957 872; x_wconf 87' lang='lat' dir='ltr'>Negatio</span> <span class='ocrx_word' id='word_1_93' title='bbox 979 840 1044 861; x_wconf 88' lang='lat' dir='ltr'>non</span> <span class='ocrx_word' id='word_1_94' title='bbox 1066 829 1111 863; x_wconf 92' lang='lat' dir='ltr'>ibi</span> <span class='ocrx_word' id='word_1_95' title='bbox 1138 841 1202 862; x_wconf 91' lang='lat' dir='ltr'>non</span> 
     </span>
     <span class='ocr_line' id='line_1_15' title="bbox 325 876 1203 922; baseline -0.002 -8"><span class='ocrx_word' id='word_1_96' title='bbox 325 880 425 914; x_wconf 85' lang='lat' dir='ltr'>afficit</span> <span class='ocrx_word' id='word_1_97' title='bbox 449 876 703 922; x_wconf 78' lang='lat' dir='ltr'>propositionem</span> <span class='ocrx_word' id='word_1_98' title='bbox 729 878 978 921; x_wconf 82' lang='lat' dir='ltr'>implicantem‚·</span> <span class='ocrx_word' id='word_1_99' title='bbox 1001 879 1054 913; x_wconf 90' lang='lat' dir='ltr'>sed</span> <span class='ocrx_word' id='word_1_100' title='bbox 1080 878 1203 914; x_wconf 88' lang='lat' dir='ltr'>solum—</span> 
     </span>
     <span class='ocr_line' id='line_1_16' title="bbox 324 927 1202 973; baseline -0.002 -9"><span class='ocrx_word' id='word_1_101' title='bbox 324 929 428 966; x_wconf 77' lang='lat' dir='ltr'>modo</span> <span class='ocrx_word' id='word_1_102' title='bbox 452 927 704 972; x_wconf 87' lang='lat' dir='ltr'>propositionem</span> <span class='ocrx_word' id='word_1_103' title='bbox 730 928 952 970; x_wconf 75' lang='lat' dir='ltr'>implicatam:</span> <span class='ocrx_word' id='word_1_104' title='bbox 978 929 1124 973; x_wconf 76' lang='lat' dir='ltr'>adeoque</span> <span class='ocrx_word' id='word_1_105' title='bbox 1137 941 1202 963; x_wconf 87' lang='lat' dir='ltr'>non</span> 
     </span>
     <span class='ocr_line' id='line_1_17' title="bbox 323 977 1199 1026; baseline 0 -12"><span class='ocrx_word' id='word_1_106' title='bbox 323 979 429 1026; x_wconf 78' lang='lat' dir='ltr'>potest</span> <span class='ocrx_word' id='word_1_107' title='bbox 442 979 575 1013; x_wconf 78' lang='lat' dir='ltr'>alterare</span> <span class='ocrx_word' id='word_1_108' title='bbox 593 977 625 1011; x_wconf 78' lang='grc' dir='ltr'>δε</span> <span class='ocrx_word' id='word_1_109' title='bbox 651 978 834 1020; x_wconf 73' lang='lat' dir='ltr'>impendite</span> <span class='ocrx_word' id='word_1_110' title='bbox 855 979 981 1022; x_wconf 88' lang='lat' dir='ltr'>signum</span> <span class='ocrx_word' id='word_1_111' title='bbox 1002 985 1120 1021; x_wconf 79' lang='lat' dir='ltr'>omn1s;</span> <span class='ocrx_word' id='word_1_112' title='bbox 1148 980 1199 1014; x_wconf 92' lang='lat' dir='ltr'>sed</span> 
     </span>
     <span class='ocr_line' id='line_1_18' title="bbox 323 1027 1199 1071; baseline 0 -8"><span class='ocrx_word' id='word_1_113' title='bbox 323 1027 534 1064; x_wconf 74' lang='lat' dir='ltr'>solummodo</span> <span class='ocrx_word' id='word_1_114' title='bbox 546 1028 672 1071; x_wconf 87' lang='lat' dir='ltr'>signum</span> <span class='ocrx_word' id='word_1_115' title='bbox 686 1029 825 1071; x_wconf 78' lang='lat' dir='ltr'>aliquod:</span> <span class='ocrx_word' id='word_1_116' title='bbox 849 1029 925 1071; x_wconf 87' lang='lat' dir='ltr'>quia</span> <span class='ocrx_word' id='word_1_117' title='bbox 937 1027 1063 1063; x_wconf 91' lang='lat' dir='ltr'>hocilli</span> <span class='ocrx_word' id='word_1_118' title='bbox 1087 1030 1132 1064; x_wconf 90' lang='lat' dir='ltr'>est</span> <span class='ocrx_word' id='word_1_119' title='bbox 1159 1031 1199 1063; x_wconf 78' lang='lat' dir='ltr'>si-</span> 
     </span>
     <span class='ocr_line' id='line_1_19' title="bbox 322 1077 1203 1126; baseline -0.002 -13"><span class='ocrx_word' id='word_1_120' title='bbox 322 1091 428 1126; x_wconf 87' lang='lat' dir='ltr'>gnum</span> <span class='ocrx_word' id='word_1_121' title='bbox 450 1077 679 1123; x_wconf 72' lang='lat' dir='ltr'>propositionis</span> <span class='ocrx_word' id='word_1_122' title='bbox 701 1080 834 1122; x_wconf 82' lang='lat' dir='ltr'>propriae</span> <span class='ocrx_word' id='word_1_123' title='bbox 854 1091 862 1121; x_wconf 76' lang='lat'><em>3</em></span> <span class='ocrx_word' id='word_1_124' title='bbox 894 1079 975 1113; x_wconf 86' lang='lat' dir='ltr'>illud</span> <span class='ocrx_word' id='word_1_125' title='bbox 1002 1079 1078 1114; x_wconf 74' lang='lat' dir='ltr'>vero</span> <span class='ocrx_word' id='word_1_126' title='bbox 1101 1079 1146 1114; x_wconf 88' lang='lat' dir='ltr'>est</span> <span class='ocrx_word' id='word_1_127' title='bbox 1170 1079 1203 1111; x_wconf 85' lang='lat' dir='ltr'>fi·</span> 
     </span>
     <span class='ocr_line' id='line_1_20' title="bbox 323 1128 831 1176; baseline -0.006 -12"><span class='ocrx_word' id='word_1_128' title='bbox 323 1140 427 1176; x_wconf 86' lang='lat' dir='ltr'>gnum</span> <span class='ocrx_word' id='word_1_129' title='bbox 450 1128 676 1173; x_wconf 86' lang='lat' dir='ltr'>propositianis</span> <span class='ocrx_word' id='word_1_130' title='bbox 698 1130 831 1162; x_wconf 83' lang='lat' dir='ltr'>alienae.</span> 
     </span>
    </p>

    <p class='ocr_par' dir='ltr' id='par_1_3' title="bbox 319 1178 1203 2172">
     <span class='ocr_line' id='line_1_21' title="bbox 373 1178 1197 1227; baseline -0.005 -11"><span class='ocrx_word' id='word_1_131' title='bbox 373 1191 429 1226; x_wconf 90' lang='lat'>27.</span> <span class='ocrx_word' id='word_1_132' title='bbox 458 1178 653 1214; x_wconf 82' lang='lat' dir='ltr'>Laurentius</span> <span class='ocrx_word' id='word_1_133' title='bbox 665 1178 807 1222; x_wconf 83' lang='lat' dir='ltr'>Gyffene</span> <span class='ocrx_word' id='word_1_134' title='bbox 819 1180 904 1213; x_wconf 63' lang='lat' dir='ltr'>tranq.</span> <span class='ocrx_word' id='word_1_135' title='bbox 921 1191 950 1227; x_wconf 87' lang='lat'>3.</span> <span class='ocrx_word' id='word_1_136' title='bbox 962 1179 1032 1223; x_wconf 65' lang='lat' dir='ltr'>fell.</span> <span class='ocrx_word' id='word_1_137' title='bbox 1051 1189 1081 1213; x_wconf 90' lang='lat'>2.</span> <span class='ocrx_word' id='word_1_138' title='bbox 1094 1188 1155 1212; x_wconf 83' lang='lat' dir='ltr'>art.</span> <span class='ocrx_word' id='word_1_139' title='bbox 1167 1191 1197 1227; x_wconf 88' lang='lat'>7.</span> 
     </span>
     <span class='ocr_line' id='line_1_22' title="bbox 322 1228 1201 1274; baseline -0.002 -9"><span class='ocrx_word' id='word_1_140' title='bbox 322 1230 369 1265; x_wconf 87' lang='lat' dir='ltr'>Et</span> <span class='ocrx_word' id='word_1_141' title='bbox 383 1230 440 1264; x_wconf 84' lang='lat' dir='ltr'>alii</span> <span class='ocrx_word' id='word_1_142' title='bbox 454 1229 591 1274; x_wconf 84' lang='lat' dir='ltr'>quidam</span> <span class='ocrx_word' id='word_1_143' title='bbox 604 1228 690 1263; x_wconf 88' lang='lat' dir='ltr'>hanc</span> <span class='ocrx_word' id='word_1_144' title='bbox 712 1240 817 1263; x_wconf 87' lang='lat' dir='ltr'>meam</span> <span class='ocrx_word' id='word_1_145' title='bbox 841 1233 987 1274; x_wconf 86' lang='lat' dir='ltr'>regulam</span> <span class='ocrx_word' id='word_1_146' title='bbox 1012 1240 1201 1273; x_wconf 88' lang='lat' dir='ltr'>proponunt</span> 
     </span>
     <span class='ocr_line' id='line_1_23' title="bbox 322 1279 1202 1325; baseline -0.002 -10"><span class='ocrx_word' id='word_1_147' title='bbox 322 1279 390 1315; x_wconf 84' lang='lat' dir='ltr'>hoc</span> <span class='ocrx_word' id='word_1_148' title='bbox 413 1279 515 1314; x_wconf 87' lang='lat' dir='ltr'>modo</span> <span class='ocrx_word' id='word_1_149' title='bbox 529 1293 540 1313; x_wconf 92' lang='grc'>.·</span> <span class='ocrx_word' id='word_1_150' title='bbox 568 1279 667 1323; x_wconf 83' lang='lat' dir='ltr'>Signa</span> <span class='ocrx_word' id='word_1_151' title='bbox 683 1291 749 1314; x_wconf 89' lang='lat' dir='ltr'>non</span> <span class='ocrx_word' id='word_1_152' title='bbox 768 1281 897 1323; x_wconf 67' lang='lat' dir='ltr'>possunt</span> <span class='ocrx_word' id='word_1_153' title='bbox 913 1279 1063 1323; x_wconf 85' lang='lat' dir='ltr'>impediri</span> <span class='ocrx_word' id='word_1_154' title='bbox 1077 1279 1095 1312; x_wconf 73' lang='lat' dir='ltr'>a</span> <span class='ocrx_word' id='word_1_155' title='bbox 1107 1291 1202 1325; x_wconf 87' lang='lat' dir='ltr'>nega-</span> 
     </span>
     <span class='ocr_line' id='line_1_24' title="bbox 322 1329 1203 1373; baseline -0.001 -8"><span class='ocrx_word' id='word_1_156' title='bbox 322 1332 418 1365; x_wconf 87' lang='lat' dir='ltr'>tione</span> <span class='ocrx_word' id='word_1_157' title='bbox 435 1331 598 1364; x_wconf 85' lang='lat' dir='ltr'>afficiente</span> <span class='ocrx_word' id='word_1_158' title='bbox 611 1331 766 1373; x_wconf 83' lang='lat' dir='ltr'>copulam</span> <span class='ocrx_word' id='word_1_159' title='bbox 789 1329 1046 1373; x_wconf 70' lang='lat' dir='ltr'>implicationis,</span> <span class='ocrx_word' id='word_1_160' title='bbox 1073 1330 1126 1364; x_wconf 89' lang='lat' dir='ltr'>sed</span> <span class='ocrx_word' id='word_1_161' title='bbox 1155 1331 1203 1364; x_wconf 91' lang='lat' dir='ltr'>so-</span> 
     </span>
     <span class='ocr_line' id='line_1_25' title="bbox 321 1379 1203 1424; baseline 0 -9"><span class='ocrx_word' id='word_1_162' title='bbox 321 1379 523 1415; x_wconf 56' lang='lat' dir='ltr'>lummodo&amp;</span> <span class='ocrx_word' id='word_1_163' title='bbox 539 1381 715 1424; x_wconf 82' lang='lat' dir='ltr'>negatione</span> <span class='ocrx_word' id='word_1_164' title='bbox 728 1381 892 1414; x_wconf 87' lang='lat' dir='ltr'>afficiente</span> <span class='ocrx_word' id='word_1_165' title='bbox 910 1380 1060 1423; x_wconf 79' lang='lat' dir='ltr'>copulam</span> <span class='ocrx_word' id='word_1_166' title='bbox 1086 1381 1203 1424; x_wconf 88' lang='lat' dir='ltr'>princi-</span> 
     </span>
     <span class='ocr_line' id='line_1_26' title="bbox 322 1427 1198 1475; baseline -0.001 -10"><span class='ocrx_word' id='word_1_167' title='bbox 322 1431 431 1475; x_wconf 83' lang='lat' dir='ltr'>palem</span> <span class='ocrx_word' id='word_1_168' title='bbox 444 1456 450 1462; x_wconf 89' lang='lat'><em>.</em></span> <span class='ocrx_word' id='word_1_169' title='bbox 463 1427 525 1463; x_wconf 87' lang='lat' dir='ltr'>Sed</span> <span class='ocrx_word' id='word_1_170' title='bbox 539 1429 652 1473; x_wconf 89' lang='lat' dir='ltr'>regula</span> <span class='ocrx_word' id='word_1_171' title='bbox 666 1428 730 1463; x_wconf 91' lang='lat' dir='ltr'>hoc</span> <span class='ocrx_word' id='word_1_172' title='bbox 740 1430 843 1463; x_wconf 85' lang='lat' dir='ltr'>modo</span> <span class='ocrx_word' id='word_1_173' title='bbox 856 1431 1016 1474; x_wconf 86' lang='lat' dir='ltr'>proposita</span> <span class='ocrx_word' id='word_1_174' title='bbox 1030 1441 1127 1464; x_wconf 87' lang='lat' dir='ltr'>curva</span> <span class='ocrx_word' id='word_1_175' title='bbox 1139 1430 1198 1471; x_wconf 86' lang='lat' dir='ltr'>est,</span> 
     </span>
     <span class='ocr_line' id='line_1_27' title="bbox 321 1479 1196 1527; baseline -0.001 -11"><span class='ocrx_word' id='word_1_176' title='bbox 321 1493 360 1516; x_wconf 77' lang='lat' dir='ltr'>ac</span> <span class='ocrx_word' id='word_1_177' title='bbox 370 1481 470 1515; x_wconf 85' lang='lat' dir='ltr'>falsa:</span> <span class='ocrx_word' id='word_1_178' title='bbox 499 1479 592 1527; x_wconf 84' lang='lat' dir='ltr'>Qia</span> <span class='ocrx_word' id='word_1_179' title='bbox 603 1480 692 1523; x_wconf 87' lang='lat' dir='ltr'>signa</span> <span class='ocrx_word' id='word_1_180' title='bbox 704 1480 989 1523; x_wconf 76' lang='lat' dir='ltr'>poffuntomnino</span> <span class='ocrx_word' id='word_1_181' title='bbox 1006 1481 1157 1524; x_wconf 86' lang='lat' dir='ltr'>impediri</span> <span class='ocrx_word' id='word_1_182' title='bbox 1178 1481 1196 1514; x_wconf 66' lang='grc' dir='ltr'>ὲ</span> 
     </span>
     <span class='ocr_line' id='line_1_28' title="bbox 320 1530 1200 1576; baseline 0 -11"><span class='ocrx_word' id='word_1_183' title='bbox 320 1531 501 1576; x_wconf 84' lang='lat' dir='ltr'>negatione</span> <span class='ocrx_word' id='word_1_184' title='bbox 514 1530 677 1563; x_wconf 85' lang='lat' dir='ltr'>afficiente</span> <span class='ocrx_word' id='word_1_185' title='bbox 698 1530 849 1572; x_wconf 87' lang='lat' dir='ltr'>copulam</span> <span class='ocrx_word' id='word_1_186' title='bbox 873 1530 1131 1574; x_wconf 82' lang='lat' dir='ltr'>implicationis3</span> <span class='ocrx_word' id='word_1_187' title='bbox 1158 1530 1200 1565; x_wconf 87' lang='lat' dir='ltr'>ab</span> 
     </span>
     <span class='ocr_line' id='line_1_29' title="bbox 320 1579 1202 1623; baseline 0 -10"><span class='ocrx_word' id='word_1_188' title='bbox 320 1579 408 1621; x_wconf 86' lang='lat' dir='ltr'>hac,</span> <span class='ocrx_word' id='word_1_189' title='bbox 434 1581 590 1622; x_wconf 89' lang='lat' dir='ltr'>inquam,</span> <span class='ocrx_word' id='word_1_190' title='bbox 622 1580 800 1623; x_wconf 77' lang='lat' dir='ltr'>negatione</span> <span class='ocrx_word' id='word_1_191' title='bbox 827 1580 979 1623; x_wconf 87' lang='lat' dir='ltr'>impediri</span> <span class='ocrx_word' id='word_1_192' title='bbox 1007 1582 1139 1623; x_wconf 69' lang='lat' dir='ltr'>possunt</span> <span class='ocrx_word' id='word_1_193' title='bbox 1164 1581 1202 1613; x_wconf 87' lang='lat' dir='ltr'>si-</span> 
     </span>
     <span class='ocr_line' id='line_1_30' title="bbox 320 1628 1198 1676; baseline 0 -12"><span class='ocrx_word' id='word_1_194' title='bbox 320 1642 410 1676; x_wconf 87' lang='lat' dir='ltr'>gna,</span> <span class='ocrx_word' id='word_1_195' title='bbox 434 1640 503 1665; x_wconf 82' lang='lat' dir='ltr'>non</span> <span class='ocrx_word' id='word_1_196' title='bbox 532 1628 663 1672; x_wconf 83' lang='lat' dir='ltr'>quidem</span> <span class='ocrx_word' id='word_1_197' title='bbox 690 1628 768 1669; x_wconf 84' lang='lat' dir='ltr'>illa,</span> <span class='ocrx_word' id='word_1_198' title='bbox 795 1640 864 1673; x_wconf 69' lang='lat' dir='ltr'>quai</span> <span class='ocrx_word' id='word_1_199' title='bbox 891 1631 1104 1675; x_wconf 89' lang='lat' dir='ltr'>ponunturin</span> <span class='ocrx_word' id='word_1_200' title='bbox 1131 1642 1198 1675; x_wconf 89' lang='lat' dir='ltr'>pro.</span> 
     </span>
     <span class='ocr_line' id='line_1_31' title="bbox 321 1678 1200 1724; baseline -0.002 -8"><span class='ocrx_word' id='word_1_201' title='bbox 321 1680 482 1724; x_wconf 72' lang='lat' dir='ltr'>positione</span> <span class='ocrx_word' id='word_1_202' title='bbox 508 1679 724 1722; x_wconf 88' lang='lat' dir='ltr'>implicante;</span> <span class='ocrx_word' id='word_1_203' title='bbox 753 1678 805 1713; x_wconf 88' lang='lat' dir='ltr'>sed</span> <span class='ocrx_word' id='word_1_204' title='bbox 833 1679 906 1719; x_wconf 89' lang='lat' dir='ltr'>illa,</span> <span class='ocrx_word' id='word_1_205' title='bbox 936 1691 1004 1721; x_wconf 73' lang='lat' dir='ltr'>quai</span> <span class='ocrx_word' id='word_1_206' title='bbox 1031 1691 1200 1723; x_wconf 85' lang='lat' dir='ltr'>ponuntur</span> 
     </span>
     <span class='ocr_line' id='line_1_32' title="bbox 321 1728 1202 1774; baseline 0.001 -11"><span class='ocrx_word' id='word_1_207' title='bbox 321 1731 357 1764; x_wconf 89' lang='lat' dir='ltr'>in</span> <span class='ocrx_word' id='word_1_208' title='bbox 384 1729 605 1774; x_wconf 72' lang='lat' dir='ltr'>propositione</span> <span class='ocrx_word' id='word_1_209' title='bbox 626 1728 792 1773; x_wconf 85' lang='lat' dir='ltr'>implicata</span> <span class='ocrx_word' id='word_1_210' title='bbox 812 1739 869 1763; x_wconf 89' lang='lat' dir='ltr'>:ut</span> <span class='ocrx_word' id='word_1_211' title='bbox 894 1730 958 1772; x_wconf 81' lang='lat' dir='ltr'>jam</span> <span class='ocrx_word' id='word_1_212' title='bbox 970 1730 1116 1764; x_wconf 86' lang='lat' dir='ltr'>ostendi·</span> <span class='ocrx_word' id='word_1_213' title='bbox 1132 1732 1202 1765; x_wconf 90' lang='lat' dir='ltr'>De·</span> 
     </span>
     <span class='ocr_line' id='line_1_33' title="bbox 322 1778 1199 1824; baseline 0 -9"><span class='ocrx_word' id='word_1_214' title='bbox 322 1779 377 1815; x_wconf 90' lang='lat' dir='ltr'>bet</span> <span class='ocrx_word' id='word_1_215' title='bbox 405 1778 487 1824; x_wconf 75' lang='lat' dir='ltr'>ergo</span> <span class='ocrx_word' id='word_1_216' title='bbox 513 1779 626 1824; x_wconf 87' lang='lat' dir='ltr'>regula</span> <span class='ocrx_word' id='word_1_217' title='bbox 648 1780 770 1823; x_wconf 82' lang='lat' dir='ltr'>exponi</span> <span class='ocrx_word' id='word_1_218' title='bbox 783 1778 848 1814; x_wconf 88' lang='lat' dir='ltr'>hoc</span> <span class='ocrx_word' id='word_1_219' title='bbox 866 1780 988 1814; x_wconf 89' lang='lat' dir='ltr'>modo:</span> <span class='ocrx_word' id='word_1_220' title='bbox 1016 1781 1117 1824; x_wconf 87' lang='lat' dir='ltr'>Signa</span> <span class='ocrx_word' id='word_1_221' title='bbox 1131 1793 1199 1815; x_wconf 90' lang='lat' dir='ltr'>non</span> 
     </span>
     <span class='ocr_line' id='line_1_34' title="bbox 319 1827 1199 1874; baseline 0.001 -10"><span class='ocrx_word' id='word_1_222' title='bbox 319 1830 454 1874; x_wconf 68' lang='lat' dir='ltr'>possunt</span> <span class='ocrx_word' id='word_1_223' title='bbox 482 1827 633 1872; x_wconf 85' lang='lat' dir='ltr'>impediri</span> <span class='ocrx_word' id='word_1_224' title='bbox 659 1830 677 1863; x_wconf 75' lang='lat' dir='ltr'>a</span> <span class='ocrx_word' id='word_1_225' title='bbox 706 1830 882 1874; x_wconf 83' lang='lat' dir='ltr'>negatione</span> <span class='ocrx_word' id='word_1_226' title='bbox 914 1832 1146 1874; x_wconf 78' lang='lat' dir='ltr'>propositionis</span> <span class='ocrx_word' id='word_1_227' title='bbox 1170 1843 1199 1865; x_wconf 86' lang='lat' dir='ltr'>a·</span> 
     </span>
     <span class='ocr_line' id='line_1_35' title="bbox 321 1877 1196 1924; baseline 0 -10"><span class='ocrx_word' id='word_1_228' title='bbox 321 1881 437 1919; x_wconf 83' lang='lat' dir='ltr'>lienae,</span> <span class='ocrx_word' id='word_1_229' title='bbox 464 1879 515 1912; x_wconf 93' lang='lat' dir='ltr'>sed</span> <span class='ocrx_word' id='word_1_230' title='bbox 544 1877 753 1912; x_wconf 76' lang='lat' dir='ltr'>solummodo</span> <span class='ocrx_word' id='word_1_231' title='bbox 774 1881 791 1913; x_wconf 73' lang='lat' dir='ltr'>a</span> <span class='ocrx_word' id='word_1_232' title='bbox 813 1881 990 1924; x_wconf 82' lang='lat' dir='ltr'>negatione</span> <span class='ocrx_word' id='word_1_233' title='bbox 1007 1882 1196 1924; x_wconf 89' lang='lat' dir='ltr'>propositio-</span> 
     </span>
     <span class='ocr_line' id='line_1_36' title="bbox 321 1928 1201 1972; baseline -0.003 -7"><span class='ocrx_word' id='word_1_234' title='bbox 321 1932 375 1965; x_wconf 84' lang='lat' dir='ltr'>nis</span> <span class='ocrx_word' id='word_1_235' title='bbox 400 1931 458 1964; x_wconf 87' lang='lat' dir='ltr'>suae</span> <span class='ocrx_word' id='word_1_236' title='bbox 503 1928 577 1962; x_wconf 86' lang='lat' dir='ltr'>Sive</span> <span class='ocrx_word' id='word_1_237' title='bbox 590 1929 622 1961; x_wconf 89' lang='lat' dir='ltr'>in</span> <span class='ocrx_word' id='word_1_238' title='bbox 638 1929 726 1961; x_wconf 87' lang='lat' dir='ltr'>sensu</span> <span class='ocrx_word' id='word_1_239' title='bbox 739 1929 845 1961; x_wconf 73' lang='lat' dir='ltr'>activo</span> <span class='ocrx_word' id='word_1_240' title='bbox 858 1942 868 1962; x_wconf 70' lang='lat' dir='ltr'>s</span> <span class='ocrx_word' id='word_1_241' title='bbox 880 1929 1028 1972; x_wconf 84' lang='lat' dir='ltr'>Negatio</span> <span class='ocrx_word' id='word_1_242' title='bbox 1042 1931 1201 1971; x_wconf 83' lang='lat' dir='ltr'>impedire</span> 
     </span>
     <span class='ocr_line' id='line_1_37' title="bbox 320 1978 1200 2024; baseline -0.005 -9"><span class='ocrx_word' id='word_1_243' title='bbox 320 1983 402 2021; x_wconf 70' lang='lat' dir='ltr'>non}</span> <span class='ocrx_word' id='word_1_244' title='bbox 418 1978 521 2024; x_wconf 86' lang='lat' dir='ltr'>potest</span> <span class='ocrx_word' id='word_1_245' title='bbox 542 1979 632 2023; x_wconf 87' lang='lat' dir='ltr'>signa</span> <span class='ocrx_word' id='word_1_246' title='bbox 654 1978 886 2022; x_wconf 80' lang='lat' dir='ltr'>propositionis</span> <span class='ocrx_word' id='word_1_247' title='bbox 908 1979 1020 2012; x_wconf 80' lang='lat' dir='ltr'>alienae</span> <span class='ocrx_word' id='word_1_248' title='bbox 1042 2003 1052 2018; x_wconf 88' lang='lat'>‚</span> <span class='ocrx_word' id='word_1_249' title='bbox 1077 1979 1130 2012; x_wconf 89' lang='lat' dir='ltr'>sed</span> <span class='ocrx_word' id='word_1_250' title='bbox 1155 1979 1200 2012; x_wconf 91' lang='lat' dir='ltr'>so.</span> 
     </span>
     <span class='ocr_line' id='line_1_38' title="bbox 321 2028 1200 2076; baseline -0.005 -11"><span class='ocrx_word' id='word_1_251' title='bbox 321 2032 351 2066; x_wconf 86' lang='lat' dir='ltr'>la</span> <span class='ocrx_word' id='word_1_252' title='bbox 376 2031 464 2076; x_wconf 85' lang='lat' dir='ltr'>signa</span> <span class='ocrx_word' id='word_1_253' title='bbox 488 2029 715 2073; x_wconf 78' lang='lat' dir='ltr'>propositionis</span> <span class='ocrx_word' id='word_1_254' title='bbox 736 2028 811 2062; x_wconf 83' lang='lat' dir='ltr'>suae.</span> <span class='ocrx_word' id='word_1_255' title='bbox 839 2028 931 2075; x_wconf 87' lang='lat' dir='ltr'>Qid</span> <span class='ocrx_word' id='word_1_256' title='bbox 958 2039 1066 2061; x_wconf 89' lang='lat' dir='ltr'>autem</span> <span class='ocrx_word' id='word_1_257' title='bbox 1088 2028 1200 2063; x_wconf 83' lang='lat' dir='ltr'>sithoc</span> 
     </span>
     <span class='ocr_line' id='line_1_39' title="bbox 319 2077 1200 2124; baseline -0.005 -9"><span class='ocrx_word' id='word_1_258' title='bbox 319 2082 398 2116; x_wconf 89' lang='lat' dir='ltr'>loco</span> <span class='ocrx_word' id='word_1_259' title='bbox 423 2079 600 2124; x_wconf 81' lang='lat' dir='ltr'>propositio</span> <span class='ocrx_word' id='word_1_260' title='bbox 626 2080 680 2111; x_wconf 83' lang='lat' dir='ltr'>sua</span> <span class='ocrx_word' id='word_1_261' title='bbox 709 2102 720 2118; x_wconf 89' lang='lat'>‚</span> <span class='ocrx_word' id='word_1_262' title='bbox 746 2079 826 2120; x_wconf 82' lang='lat' dir='ltr'>quid</span> <span class='ocrx_word' id='word_1_263' title='bbox 859 2077 1035 2118; x_wconf 82' lang='lat' dir='ltr'>propositio</span> <span class='ocrx_word' id='word_1_264' title='bbox 1067 2079 1200 2118; x_wconf 85' lang='lat' dir='ltr'>aliena,</span> 
     </span>
     <span class='ocr_line' id='line_1_40' title="bbox 323 2126 979 2172; baseline -0.011 -7"><span class='ocrx_word' id='word_1_265' title='bbox 323 2133 400 2165; x_wconf 87' lang='lat' dir='ltr'>satis</span> <span class='ocrx_word' id='word_1_266' title='bbox 423 2141 510 2172; x_wconf 88' lang='lat' dir='ltr'>patet</span> <span class='ocrx_word' id='word_1_267' title='bbox 533 2139 573 2160; x_wconf 79' lang='lat' dir='ltr'>ex</span> <span class='ocrx_word' id='word_1_268' title='bbox 595 2129 710 2160; x_wconf 69' lang='lat' dir='ltr'>distis.</span> <span class='ocrx_word' id='word_1_269' title='bbox 735 2126 854 2158; x_wconf 84' lang='lat' dir='ltr'>Hisita</span> <span class='ocrx_word' id='word_1_270' title='bbox 869 2126 979 2167; x_wconf 85' lang='lat' dir='ltr'>positis</span> 
     </span>
    </p>

    <p class='ocr_par' dir='ltr' id='par_1_4' title="bbox 317 2175 1205 3223">
     <span class='ocr_line' id='line_1_41' title="bbox 371 2175 1200 2220; baseline -0.002 -10"><span class='ocrx_word' id='word_1_271' title='bbox 371 2178 426 2216; x_wconf 87' lang='lat'>28.</span> <span class='ocrx_word' id='word_1_272' title='bbox 454 2176 540 2220; x_wconf 83' lang='lat' dir='ltr'>Resp.</span> <span class='ocrx_word' id='word_1_273' title='bbox 559 2176 792 2216; x_wconf 71' lang='lat' dir='ltr'>&amp;dicoprimo.</span> <span class='ocrx_word' id='word_1_274' title='bbox 824 2175 971 2218; x_wconf 87' lang='lat' dir='ltr'>Negatio</span> <span class='ocrx_word' id='word_1_275' title='bbox 983 2175 1078 2218; x_wconf 88' lang='lat' dir='ltr'>signo</span> <span class='ocrx_word' id='word_1_276' title='bbox 1102 2175 1200 2217; x_wconf 76' lang='lat' dir='ltr'>praefi-</span> 
     </span>
     <span class='ocr_line' id='line_1_42' title="bbox 320 2225 1195 2270; baseline -0.009 -5"><span class='ocrx_word' id='word_1_277' title='bbox 320 2243 364 2265; x_wconf 80' lang='lat' dir='ltr'>xa</span> <span class='ocrx_word' id='word_1_278' title='bbox 378 2239 482 2263; x_wconf 87' lang='lat' dir='ltr'>mutat</span> <span class='ocrx_word' id='word_1_279' title='bbox 493 2229 563 2270; x_wconf 83' lang='lat' dir='ltr'>ejus</span> <span class='ocrx_word' id='word_1_280' title='bbox 576 2226 765 2270; x_wconf 81' lang='lat' dir='ltr'>qualitatem</span> <span class='ocrx_word' id='word_1_281' title='bbox 778 2225 810 2257; x_wconf 78' lang='grc' dir='ltr'>ἀ</span> <span class='ocrx_word' id='word_1_282' title='bbox 823 2226 1040 2266; x_wconf 82' lang='lat' dir='ltr'>quantitatem</span> <span class='ocrx_word' id='word_1_283' title='bbox 1053 2248 1061 2256; x_wconf 90' lang='lat'><strong>.</strong></span> <span class='ocrx_word' id='word_1_284' title='bbox 1088 2226 1128 2256; x_wconf 87' lang='lat' dir='ltr'>Id</span> <span class='ocrx_word' id='word_1_285' title='bbox 1138 2225 1195 2258; x_wconf 68' lang='lat' dir='ltr'>ea:</span> 
     </span>
     <span class='ocr_line' id='line_1_43' title="bbox 319 2274 1199 2318; baseline -0.009 -3"><span class='ocrx_word' id='word_1_286' title='bbox 319 2281 375 2315; x_wconf 79' lang='lat' dir='ltr'>Ex</span> <span class='ocrx_word' id='word_1_287' title='bbox 386 2279 581 2313; x_wconf 85' lang='lat' dir='ltr'>affirmativo</span> <span class='ocrx_word' id='word_1_288' title='bbox 596 2275 785 2318; x_wconf 85' lang='lat' dir='ltr'>negativum</span> <span class='ocrx_word' id='word_1_289' title='bbox 799 2297 808 2313; x_wconf 92' lang='lat'><strong>,</strong></span> <span class='ocrx_word' id='word_1_290' title='bbox 833 2274 868 2306; x_wconf 89' lang='lat'>&amp;</span> <span class='ocrx_word' id='word_1_291' title='bbox 879 2284 921 2306; x_wconf 82' lang='lat' dir='ltr'>ex</span> <span class='ocrx_word' id='word_1_292' title='bbox 935 2274 1091 2317; x_wconf 86' lang='lat' dir='ltr'>negativo</span> <span class='ocrx_word' id='word_1_293' title='bbox 1116 2274 1199 2307; x_wconf 86' lang='lat' dir='ltr'>affir-</span> 
     </span>
     <span class='ocr_line' id='line_1_44' title="bbox 318 2322 1205 2369; baseline -0.008 -6"><span class='ocrx_word' id='word_1_294' title='bbox 318 2331 501 2369; x_wconf 76' lang='lat' dir='ltr'>mativum3</span> <span class='ocrx_word' id='word_1_295' title='bbox 528 2337 568 2358; x_wconf 85' lang='lat' dir='ltr'>ex</span> <span class='ocrx_word' id='word_1_296' title='bbox 583 2323 776 2366; x_wconf 81' lang='lat' dir='ltr'>particulare</span> <span class='ocrx_word' id='word_1_297' title='bbox 790 2322 990 2363; x_wconf 89' lang='lat' dir='ltr'>universale,</span> <span class='ocrx_word' id='word_1_298' title='bbox 1013 2323 1047 2356; x_wconf 88' lang='lat'>&amp;</span> <span class='ocrx_word' id='word_1_299' title='bbox 1070 2334 1110 2356; x_wconf 88' lang='lat' dir='ltr'>ex</span> <span class='ocrx_word' id='word_1_300' title='bbox 1125 2324 1205 2357; x_wconf 51' lang='lat' dir='ltr'>uni-¹</span> 
     </span>
     <span class='ocr_line' id='line_1_45' title="bbox 318 2373 1197 2420; baseline -0.006 -7"><span class='ocrx_word' id='word_1_301' title='bbox 318 2377 519 2417; x_wconf 77' lang='lat' dir='ltr'>versalifacit</span> <span class='ocrx_word' id='word_1_302' title='bbox 532 2374 736 2418; x_wconf 85' lang='lat' dir='ltr'>particulare.</span> <span class='ocrx_word' id='word_1_303' title='bbox 778 2373 882 2420; x_wconf 84' lang='lat' dir='ltr'>Qod</span> <span class='ocrx_word' id='word_1_304' title='bbox 905 2384 1015 2407; x_wconf 87' lang='lat' dir='ltr'>verum</span> <span class='ocrx_word' id='word_1_305' title='bbox 1037 2373 1106 2413; x_wconf 86' lang='lat' dir='ltr'>est,</span> <span class='ocrx_word' id='word_1_306' title='bbox 1133 2374 1197 2408; x_wconf 87' lang='lat' dir='ltr'>five</span> 
     </span>
     <span class='ocr_line' id='line_1_46' title="bbox 317 2421 1194 2475; baseline -0.008 -12"><span class='ocrx_word' id='word_1_307' title='bbox 317 2431 452 2475; x_wconf 78' lang='lat' dir='ltr'>negatio</span> <span class='ocrx_word' id='word_1_308' title='bbox 476 2425 655 2469; x_wconf 71' lang='lat' dir='ltr'>praefigatur</span> <span class='ocrx_word' id='word_1_309' title='bbox 678 2424 771 2467; x_wconf 83' lang='lat' dir='ltr'>signo</span> <span class='ocrx_word' id='word_1_310' title='bbox 794 2424 950 2457; x_wconf 87' lang='lat' dir='ltr'>afficienti</span> <span class='ocrx_word' id='word_1_311' title='bbox 976 2421 1194 2466; x_wconf 81' lang='lat' dir='ltr'>praedicatum,</span> 
     </span>
     <span class='ocr_line' id='line_1_47' title="bbox 317 2474 1190 2522; baseline -0.005 -11"><span class='ocrx_word' id='word_1_312' title='bbox 317 2483 382 2516; x_wconf 84' lang='lat' dir='ltr'>five</span> <span class='ocrx_word' id='word_1_313' title='bbox 413 2479 506 2522; x_wconf 84' lang='lat' dir='ltr'>signo</span> <span class='ocrx_word' id='word_1_314' title='bbox 540 2474 696 2509; x_wconf 78' lang='lat' dir='ltr'>afficiet-iti</span> <span class='ocrx_word' id='word_1_315' title='bbox 720 2474 950 2516; x_wconf 71' lang='lat' dir='ltr'>propositionis</span> <span class='ocrx_word' id='word_1_316' title='bbox 981 2474 1156 2515; x_wconf 74' lang='lat' dir='ltr'>subjestum</span> <span class='ocrx_word' id='word_1_317' title='bbox 1183 2501 1190 2507; x_wconf 92' lang='lat'><em>.</em></span> 
     </span>
     <span class='ocr_line' id='line_1_48' title="bbox 317 2523 1196 2569; baseline -0.008 -5"><span class='ocrx_word' id='word_1_318' title='bbox 317 2533 412 2568; x_wconf 86' lang='lat' dir='ltr'>Hinc</span> <span class='ocrx_word' id='word_1_319' title='bbox 426 2553 436 2569; x_wconf 86' lang='lat'>‚</span> <span class='ocrx_word' id='word_1_320' title='bbox 448 2531 612 2560; x_wconf 67' lang='lat' dir='ltr'>nomiminis</span> <span class='ocrx_word' id='word_1_321' title='bbox 625 2524 710 2558; x_wconf 87' lang='lat' dir='ltr'>idem</span> <span class='ocrx_word' id='word_1_322' title='bbox 724 2524 768 2557; x_wconf 91' lang='lat' dir='ltr'>est</span> <span class='ocrx_word' id='word_1_323' title='bbox 781 2547 792 2563; x_wconf 91' lang='lat'>,</span> <span class='ocrx_word' id='word_1_324' title='bbox 811 2523 900 2566; x_wconf 90' lang='lat' dir='ltr'>quod</span> <span class='ocrx_word' id='word_1_325' title='bbox 913 2525 1023 2565; x_wconf 74' lang='lat' dir='ltr'>aliquis</span> <span class='ocrx_word' id='word_1_326' title='bbox 1037 2536 1108 2556; x_wconf 87' lang='lat' dir='ltr'>non:</span> <span class='ocrx_word' id='word_1_327' title='bbox 1140 2535 1196 2557; x_wconf 85' lang='lat' dir='ltr'>non</span> 
     </span>
     <span class='ocr_line' id='line_1_49' title="bbox 319 2573 1194 2625; baseline -0.01 -8"><span class='ocrx_word' id='word_1_328' title='bbox 319 2586 433 2625; x_wconf 74' lang='lat' dir='ltr'>aliquis</span> <span class='ocrx_word' id='word_1_329' title='bbox 449 2578 535 2611; x_wconf 87' lang='lat' dir='ltr'>idem</span> <span class='ocrx_word' id='word_1_330' title='bbox 549 2576 593 2609; x_wconf 84' lang='lat' dir='ltr'>est</span> <span class='ocrx_word' id='word_1_331' title='bbox 608 2600 619 2615; x_wconf 96' lang='lat'>,</span> <span class='ocrx_word' id='word_1_332' title='bbox 643 2573 734 2618; x_wconf 87' lang='lat' dir='ltr'>quod</span> <span class='ocrx_word' id='word_1_333' title='bbox 744 2574 839 2606; x_wconf 81' lang='lat' dir='ltr'>nullus</span> <span class='ocrx_word' id='word_1_334' title='bbox 862 2598 872 2614; x_wconf 92' lang='lat'>,</span> <span class='ocrx_word' id='word_1_335' title='bbox 903 2584 960 2606; x_wconf 82' lang='lat' dir='ltr'>non</span> <span class='ocrx_word' id='word_1_336' title='bbox 986 2574 1083 2606; x_wconf 77' lang='lat' dir='ltr'>nullus</span> <span class='ocrx_word' id='word_1_337' title='bbox 1108 2574 1194 2608; x_wconf 88' lang='lat' dir='ltr'>idem</span> 
     </span>
     <span class='ocr_line' id='line_1_50' title="bbox 318 2623 1199 2672; baseline -0.003 -11"><span class='ocrx_word' id='word_1_338' title='bbox 318 2635 364 2669; x_wconf 71' lang='lat' dir='ltr'>est</span> <span class='ocrx_word' id='word_1_339' title='bbox 379 2657 389 2672; x_wconf 85' lang='lat'>,</span> <span class='ocrx_word' id='word_1_340' title='bbox 414 2628 503 2672; x_wconf 89' lang='lat' dir='ltr'>quod</span> <span class='ocrx_word' id='word_1_341' title='bbox 517 2627 627 2668; x_wconf 76' lang='lat' dir='ltr'>aliquis</span> <span class='ocrx_word' id='word_1_342' title='bbox 638 2650 647 2664; x_wconf 92' lang='lat'>,</span> <span class='ocrx_word' id='word_1_343' title='bbox 674 2627 734 2658; x_wconf 65' lang='lat' dir='ltr'>(stc.</span> <span class='ocrx_word' id='word_1_344' title='bbox 750 2623 909 2666; x_wconf 84' lang='lat' dir='ltr'>Adeoque</span> <span class='ocrx_word' id='word_1_345' title='bbox 933 2623 981 2656; x_wconf 81' lang='lat' dir='ltr'>hae</span> <span class='ocrx_word' id='word_1_346' title='bbox 994 2623 1199 2666; x_wconf 69' lang='lat' dir='ltr'>pra-,dicatio-</span> 
     </span>
     <span class='ocr_line' id='line_1_51' title="bbox 319 2673 1197 2719; baseline -0.006 -7"><span class='ocrx_word' id='word_1_347' title='bbox 319 2694 376 2719; x_wconf 62' lang='lat' dir='ltr'>nes</span> <span class='ocrx_word' id='word_1_348' title='bbox 391 2683 475 2714; x_wconf 86' lang='lat' dir='ltr'>inter</span> <span class='ocrx_word' id='word_1_349' title='bbox 485 2679 516 2711; x_wconf 88' lang='lat' dir='ltr'>se</span> <span class='ocrx_word' id='word_1_350' title='bbox 528 2675 759 2719; x_wconf 71' lang='lat' dir='ltr'>aequipollent,</span> <span class='ocrx_word' id='word_1_351' title='bbox 789 2679 860 2707; x_wconf 88' lang='lat' dir='ltr'>Non</span> <span class='ocrx_word' id='word_1_352' title='bbox 879 2680 974 2706; x_wconf 74' lang='lat' dir='ltr'>omnis</span> <span class='ocrx_word' id='word_1_353' title='bbox 992 2674 1074 2709; x_wconf 82' lang='lat' dir='ltr'>bomo</span> <span class='ocrx_word' id='word_1_354' title='bbox 1096 2673 1135 2714; x_wconf 81' lang='lat' dir='ltr'>est</span> <span class='ocrx_word' id='word_1_355' title='bbox 1147 2677 1197 2715; x_wconf 83' lang='lat' dir='ltr'>ju-</span> 
     </span>
     <span class='ocr_line' id='line_1_52' title="bbox 317 2723 1193 2776; baseline -0.005 -15"><span class='ocrx_word' id='word_1_356' title='bbox 317 2734 398 2776; x_wconf 72' lang='lat' dir='ltr'><em>stus,</em></span> <span class='ocrx_word' id='word_1_357' title='bbox 422 2731 531 2770; x_wconf 77' lang='lat' dir='ltr'>aliquis</span> <span class='ocrx_word' id='word_1_358' title='bbox 554 2726 635 2759; x_wconf 84' lang='lat' dir='ltr'>homo</span> <span class='ocrx_word' id='word_1_359' title='bbox 659 2737 714 2757; x_wconf 84' lang='lat' dir='ltr'>non</span> <span class='ocrx_word' id='word_1_360' title='bbox 732 2723 770 2764; x_wconf 78' lang='lat' dir='ltr'>est</span> <span class='ocrx_word' id='word_1_361' title='bbox 783 2725 897 2765; x_wconf 81' lang='lat' dir='ltr'>justus.</span> <span class='ocrx_word' id='word_1_362' title='bbox 926 2728 999 2756; x_wconf 85' lang='lat' dir='ltr'>Non</span> <span class='ocrx_word' id='word_1_363' title='bbox 1024 2726 1133 2766; x_wconf 77' lang='lat' dir='ltr'>aliquis</span> <span class='ocrx_word' id='word_1_364' title='bbox 1144 2725 1193 2757; x_wconf 84' lang='lat' dir='ltr'>ho·</span> 
     </span>
     <span class='ocr_line' id='line_1_53' title="bbox 321 2774 1198 2820; baseline -0.013 -3"><span class='ocrx_word' id='word_1_365' title='bbox 321 2796 368 2817; x_wconf 87' lang='lat' dir='ltr'>mo</span> <span class='ocrx_word' id='word_1_366' title='bbox 379 2781 416 2820; x_wconf 76' lang='lat' dir='ltr'>est</span> <span class='ocrx_word' id='word_1_367' title='bbox 440 2789 529 2820; x_wconf 87' lang='lat' dir='ltr'>equus</span> <span class='ocrx_word' id='word_1_368' title='bbox 543 2801 553 2817; x_wconf 91' lang='lat'><strong>,</strong></span> <span class='ocrx_word' id='word_1_369' title='bbox 576 2778 676 2809; x_wconf 84' lang='lat' dir='ltr'>nullus</span> <span class='ocrx_word' id='word_1_370' title='bbox 698 2774 780 2807; x_wconf 83' lang='lat' dir='ltr'>bomo</span> <span class='ocrx_word' id='word_1_371' title='bbox 798 2774 834 2815; x_wconf 82' lang='lat' dir='ltr'>est</span> <span class='ocrx_word' id='word_1_372' title='bbox 855 2786 943 2816; x_wconf 87' lang='lat' dir='ltr'>equus</span> <span class='ocrx_word' id='word_1_373' title='bbox 968 2799 975 2806; x_wconf 93' lang='lat'>.</span> <span class='ocrx_word' id='word_1_374' title='bbox 1005 2777 1113 2808; x_wconf 86' lang='lat' dir='ltr'>Petrus</span> <span class='ocrx_word' id='word_1_375' title='bbox 1141 2786 1198 2807; x_wconf 80' lang='lat' dir='ltr'>non</span> 
     </span>
     <span class='ocr_line' id='line_1_54' title="bbox 320 2823 1194 2875; baseline -0.009 -11"><span class='ocrx_word' id='word_1_376' title='bbox 320 2835 360 2875; x_wconf 73' lang='lat' dir='ltr'>est</span> <span class='ocrx_word' id='word_1_377' title='bbox 381 2833 489 2872; x_wconf 73' lang='lat' dir='ltr'>aliquis</span> <span class='ocrx_word' id='word_1_378' title='bbox 513 2827 618 2866; x_wconf 81' lang='lat' dir='ltr'>bomo,</span> <span class='ocrx_word' id='word_1_379' title='bbox 644 2828 751 2859; x_wconf 76' lang='lat' dir='ltr'>Petrus</span> <span class='ocrx_word' id='word_1_380' title='bbox 774 2824 811 2864; x_wconf 80' lang='lat' dir='ltr'>eft</span> <span class='ocrx_word' id='word_1_381' title='bbox 831 2826 931 2858; x_wconf 80' lang='lat' dir='ltr'>nullus</span> <span class='ocrx_word' id='word_1_382' title='bbox 954 2823 1054 2856; x_wconf 90' lang='lat' dir='ltr'>homo.</span> <span class='ocrx_word' id='word_1_383' title='bbox 1087 2828 1194 2858; x_wconf 70' lang='lat' dir='ltr'>Petrai·</span> 
     </span>
     <span class='ocr_line' id='line_1_55' title="bbox 321 2874 1194 2926; baseline -0.008 -13"><span class='ocrx_word' id='word_1_384' title='bbox 321 2885 360 2926; x_wconf 53' lang='grc' dir='ltr'>μβ</span> <span class='ocrx_word' id='word_1_385' title='bbox 379 2895 436 2915; x_wconf 76' lang='lat' dir='ltr'>non</span> <span class='ocrx_word' id='word_1_386' title='bbox 460 2883 555 2911; x_wconf 69' lang='lat' dir='ltr'>omnis</span> <span class='ocrx_word' id='word_1_387' title='bbox 579 2876 663 2909; x_wconf 81' lang='lat' dir='ltr'>homo</span> <span class='ocrx_word' id='word_1_388' title='bbox 675 2901 685 2916; x_wconf 89' lang='lat'>‚</span> <span class='ocrx_word' id='word_1_389' title='bbox 703 2876 812 2917; x_wconf 73' lang='lat' dir='ltr'>aliquis</span> <span class='ocrx_word' id='word_1_390' title='bbox 831 2875 913 2908; x_wconf 86' lang='lat' dir='ltr'>homo</span> <span class='ocrx_word' id='word_1_391' title='bbox 932 2885 987 2906; x_wconf 84' lang='lat' dir='ltr'>non</span> <span class='ocrx_word' id='word_1_392' title='bbox 1012 2874 1050 2913; x_wconf 76' lang='lat' dir='ltr'>es}</span> <span class='ocrx_word' id='word_1_393' title='bbox 1073 2878 1194 2913; x_wconf 84' lang='lat' dir='ltr'>Petrus,</span> 
     </span>
     <span class='ocr_line' id='line_1_56' title="bbox 322 2923 1198 2975; baseline -0.008 -11"><span class='ocrx_word' id='word_1_394' title='bbox 322 2937 381 2968; x_wconf 60' lang='lat' dir='ltr'>&amp;a</span> <span class='ocrx_word' id='word_1_395' title='bbox 410 2935 497 2964; x_wconf 77' lang='lat' dir='ltr'>Ratio</span> <span class='ocrx_word' id='word_1_396' title='bbox 519 2924 697 2967; x_wconf 70' lang='lat' dir='ltr'>conclusionis</span> <span class='ocrx_word' id='word_1_397' title='bbox 721 2925 782 2965; x_wconf 83' lang='lat' dir='ltr'>est:</span> <span class='ocrx_word' id='word_1_398' title='bbox 811 2926 900 2975; x_wconf 81' lang='lat' dir='ltr'>Qia</span> <span class='ocrx_word' id='word_1_399' title='bbox 916 2949 925 2965; x_wconf 90' lang='lat'>,</span> <span class='ocrx_word' id='word_1_400' title='bbox 946 2934 981 2956; x_wconf 93' lang='lat' dir='ltr'>ut</span> <span class='ocrx_word' id='word_1_401' title='bbox 1002 2923 1094 2964; x_wconf 87' lang='lat' dir='ltr'>ajunt</span> <span class='ocrx_word' id='word_1_402' title='bbox 1119 2926 1198 2967; x_wconf 86' lang='lat' dir='ltr'>Juri-</span> 
     </span>
     <span class='ocr_line' id='line_1_57' title="bbox 322 2975 1197 3025; baseline -0.009 -10"><span class='ocrx_word' id='word_1_403' title='bbox 322 2986 376 3019; x_wconf 68' lang='lat' dir='ltr'>sta:</span> <span class='ocrx_word' id='word_1_404' title='bbox 389 3008 399 3024; x_wconf 90' lang='lat'>,</span> <span class='ocrx_word' id='word_1_405' title='bbox 414 2980 548 3025; x_wconf 85' lang='lat' dir='ltr'>negatio</span> <span class='ocrx_word' id='word_1_406' title='bbox 560 2977 604 3011; x_wconf 85' lang='lat' dir='ltr'>est</span> <span class='ocrx_word' id='word_1_407' title='bbox 617 2976 829 3020; x_wconf 86' lang='lat' dir='ltr'>malignantis</span> <span class='ocrx_word' id='word_1_408' title='bbox 841 2985 961 3017; x_wconf 75' lang='lat' dir='ltr'>naturae</span> <span class='ocrx_word' id='word_1_409' title='bbox 973 2987 979 3005; x_wconf 95' lang='lat'>:</span> <span class='ocrx_word' id='word_1_410' title='bbox 992 2975 1105 3007; x_wconf 82' lang='lat' dir='ltr'>omnia</span> <span class='ocrx_word' id='word_1_411' title='bbox 1118 2986 1197 3007; x_wconf 87' lang='lat' dir='ltr'>con·</span> 
     </span>
     <span class='ocr_line' id='line_1_58' title="bbox 323 3023 1197 3069; baseline -0.013 0"><span class='ocrx_word' id='word_1_412' title='bbox 323 3027 644 3069; x_wconf 83' lang='lat' dir='ltr'>turbat&amp;destruit,</span> <span class='ocrx_word' id='word_1_413' title='bbox 673 3028 816 3067; x_wconf 86' lang='lat' dir='ltr'>facitque</span> <span class='ocrx_word' id='word_1_414' title='bbox 838 3025 869 3059; x_wconf 90' lang='lat' dir='ltr'>se</span> <span class='ocrx_word' id='word_1_415' title='bbox 890 3023 1009 3058; x_wconf 88' lang='lat' dir='ltr'>habere</span> <span class='ocrx_word' id='word_1_416' title='bbox 1022 3025 1123 3057; x_wconf 90' lang='lat' dir='ltr'>modo</span> <span class='ocrx_word' id='word_1_417' title='bbox 1144 3037 1197 3067; x_wconf 92' lang='lat' dir='ltr'>op-</span> 
     </span>
     <span class='ocr_line' id='line_1_59' title="bbox 326 3074 1195 3127; baseline -0.015 -8"><span class='ocrx_word' id='word_1_418' title='bbox 326 3085 428 3127; x_wconf 88' lang='lat' dir='ltr'>posito</span> <span class='ocrx_word' id='word_1_419' title='bbox 451 3079 686 3116; x_wconf 74' lang='lat' dir='ltr'>&amp;contrari02</span> <span class='ocrx_word' id='word_1_420' title='bbox 720 3076 807 3111; x_wconf 86' lang='lat' dir='ltr'>unde</span> <span class='ocrx_word' id='word_1_421' title='bbox 826 3086 865 3108; x_wconf 84' lang='lat' dir='ltr'>ex</span> <span class='ocrx_word' id='word_1_422' title='bbox 884 3074 1084 3108; x_wconf 81' lang='lat' dir='ltr'>affirmativis</span> <span class='ocrx_word' id='word_1_423' title='bbox 1105 3086 1195 3118; x_wconf 86' lang='lat' dir='ltr'>nega-</span> 
     </span>
     <span class='ocr_line' id='line_1_60' title="bbox 327 3124 1196 3175; baseline -0.008 -11"><span class='ocrx_word' id='word_1_424' title='bbox 327 3135 414 3175; x_wconf 80' lang='lat' dir='ltr'>tiva,</span> <span class='ocrx_word' id='word_1_425' title='bbox 435 3134 518 3166; x_wconf 85' lang='lat' dir='ltr'>&amp;ex</span> <span class='ocrx_word' id='word_1_426' title='bbox 530 3129 649 3173; x_wconf 85' lang='lat' dir='ltr'>signis,</span> <span class='ocrx_word' id='word_1_427' title='bbox 673 3139 710 3160; x_wconf 88' lang='lat' dir='ltr'>ac</span> <span class='ocrx_word' id='word_1_428' title='bbox 727 3124 999 3171; x_wconf 86' lang='lat' dir='ltr'>propositionibus</span> <span class='ocrx_word' id='word_1_429' title='bbox 1019 3125 1196 3158; x_wconf 84' lang='lat' dir='ltr'>universali·</span> 
     </span>
     <span class='ocr_line' id='line_1_61' title="bbox 329 3175 990 3223; baseline -0.017 -5"><span class='ocrx_word' id='word_1_430' title='bbox 329 3183 388 3218; x_wconf 89' lang='lat' dir='ltr'>bus</span> <span class='ocrx_word' id='word_1_431' title='bbox 408 3182 486 3217; x_wconf 82' lang='lat' dir='ltr'>facit</span> <span class='ocrx_word' id='word_1_432' title='bbox 512 3177 735 3223; x_wconf 84' lang='lat' dir='ltr'>particularia,</span> <span class='ocrx_word' id='word_1_433' title='bbox 762 3177 796 3209; x_wconf 75' lang='grc' dir='ltr'>ὀί</span> <span class='ocrx_word' id='word_1_434' title='bbox 825 3175 842 3210; x_wconf 78' lang='grc' dir='ltr'>ὲ</span> <span class='ocrx_word' id='word_1_435' title='bbox 860 3175 990 3209; x_wconf 69' lang='lat' dir='ltr'>contra.</span> 
     </span>
    </p>

    <p class='ocr_par' dir='ltr' id='par_1_5' title="bbox 331 3224 1200 3421">
     <span class='ocr_line' id='line_1_62' title="bbox 378 3224 1197 3279; baseline -0.005 -18"><span class='ocrx_word' id='word_1_436' title='bbox 378 3244 435 3279; x_wconf 77' lang='lat'>29.</span> <span class='ocrx_word' id='word_1_437' title='bbox 460 3234 531 3264; x_wconf 75' lang='lat' dir='ltr'>Dico</span> <span class='ocrx_word' id='word_1_438' title='bbox 550 3227 679 3273; x_wconf 70' lang='lat' dir='ltr'>secundo</span> <span class='ocrx_word' id='word_1_439' title='bbox 697 3242 707 3260; x_wconf 90' lang='lat'><em>:</em></span> <span class='ocrx_word' id='word_1_440' title='bbox 744 3226 891 3271; x_wconf 85' lang='lat' dir='ltr'>Negatio</span> <span class='ocrx_word' id='word_1_441' title='bbox 914 3225 1007 3269; x_wconf 85' lang='lat' dir='ltr'>signo</span> <span class='ocrx_word' id='word_1_442' title='bbox 1029 3224 1197 3269; x_wconf 84' lang='lat' dir='ltr'>postposita</span> 
     </span>
     <span class='ocr_line' id='line_1_63' title="bbox 331 3276 1198 3321; baseline -0.008 -6"><span class='ocrx_word' id='word_1_443' title='bbox 331 3282 483 3316; x_wconf 60' lang='lat' dir='ltr'>intaetam</span> <span class='ocrx_word' id='word_1_444' title='bbox 510 3278 665 3321; x_wconf 87' lang='lat' dir='ltr'>relinquit</span> <span class='ocrx_word' id='word_1_445' title='bbox 675 3278 892 3320; x_wconf 81' lang='lat' dir='ltr'>quantitatem</span> <span class='ocrx_word' id='word_1_446' title='bbox 905 3300 916 3316; x_wconf 90' lang='lat'>‚</span> <span class='ocrx_word' id='word_1_447' title='bbox 927 3276 960 3309; x_wconf 90' lang='lat'>&amp;</span> <span class='ocrx_word' id='word_1_448' title='bbox 972 3276 1086 3309; x_wconf 87' lang='lat' dir='ltr'>alterat</span> <span class='ocrx_word' id='word_1_449' title='bbox 1099 3276 1198 3309; x_wconf 85' lang='lat' dir='ltr'>solam</span> 
     </span>
     <span class='ocr_line' id='line_1_64' title="bbox 332 3326 1200 3375; baseline -0.007 -11"><span class='ocrx_word' id='word_1_450' title='bbox 332 3332 520 3375; x_wconf 81' lang='lat' dir='ltr'>qualitatem</span> <span class='ocrx_word' id='word_1_451' title='bbox 534 3329 599 3371; x_wconf 80' lang='lat' dir='ltr'>ejus</span> <span class='ocrx_word' id='word_1_452' title='bbox 611 3352 618 3360; x_wconf 89' lang='lat'><strong>.</strong></span> <span class='ocrx_word' id='word_1_453' title='bbox 645 3328 684 3361; x_wconf 79' lang='lat' dir='ltr'>Id</span> <span class='ocrx_word' id='word_1_454' title='bbox 692 3326 747 3366; x_wconf 80' lang='lat' dir='ltr'>est:</span> <span class='ocrx_word' id='word_1_455' title='bbox 760 3326 794 3361; x_wconf 87' lang='lat' dir='ltr'>Si</span> <span class='ocrx_word' id='word_1_456' title='bbox 807 3327 934 3371; x_wconf 87' lang='lat' dir='ltr'>signum</span> <span class='ocrx_word' id='word_1_457' title='bbox 947 3326 984 3358; x_wconf 87' lang='lat' dir='ltr'>sit</span> <span class='ocrx_word' id='word_1_458' title='bbox 998 3326 1200 3369; x_wconf 87' lang='lat' dir='ltr'>particulare,</span> 
     </span>
     <span class='ocr_line' id='line_1_65' title="bbox 334 3376 1199 3421; baseline -0.008 -6"><span class='ocrx_word' id='word_1_459' title='bbox 334 3380 488 3421; x_wconf 86' lang='lat' dir='ltr'>relinquit</span> <span class='ocrx_word' id='word_1_460' title='bbox 511 3379 703 3420; x_wconf 82' lang='lat' dir='ltr'>particulare</span> <span class='ocrx_word' id='word_1_461' title='bbox 717 3402 727 3418; x_wconf 94' lang='lat'><strong>,</strong></span> <span class='ocrx_word' id='word_1_462' title='bbox 739 3378 759 3410; x_wconf 89' lang='lat' dir='ltr'>si</span> <span class='ocrx_word' id='word_1_463' title='bbox 772 3377 809 3410; x_wconf 92' lang='lat' dir='ltr'>sit</span> <span class='ocrx_word' id='word_1_464' title='bbox 823 3376 1002 3410; x_wconf 85' lang='lat' dir='ltr'>universale</span> <span class='ocrx_word' id='word_1_465' title='bbox 1014 3401 1024 3416; x_wconf 88' lang='lat'>‚</span> <span class='ocrx_word' id='word_1_466' title='bbox 1048 3377 1199 3418; x_wconf 68' lang='lat' dir='ltr'>relinquw</span> 
     </span>
    </p>

    <p class='ocr_par' dir='ltr' id='par_1_6' title="bbox 336 3426 1201 3520">
     <span class='ocr_line' id='line_1_66' title="bbox 336 3426 1177 3472; baseline -0.006 -7"><span class='ocrx_word' id='word_1_467' title='bbox 336 3428 515 3465; x_wconf 80' lang='lat' dir='ltr'>universale</span> <span class='ocrx_word' id='word_1_468' title='bbox 529 3451 539 3465; x_wconf 91' lang='lat'>‚</span> <span class='ocrx_word' id='word_1_469' title='bbox 563 3428 615 3458; x_wconf 86' lang='lat' dir='ltr'>sed</span> <span class='ocrx_word' id='word_1_470' title='bbox 629 3439 670 3460; x_wconf 85' lang='lat' dir='ltr'>ex</span> <span class='ocrx_word' id='word_1_471' title='bbox 685 3427 837 3472; x_wconf 82' lang='lat' dir='ltr'>negativo</span> <span class='ocrx_word' id='word_1_472' title='bbox 851 3426 929 3461; x_wconf 84' lang='lat' dir='ltr'>facit</span> <span class='ocrx_word' id='word_1_473' title='bbox 949 3426 1177 3460; x_wconf 88' lang='lat' dir='ltr'>affirmativum</span> 
     </span>
     <span class='ocr_line' id='line_1_67' title="bbox 336 3474 1201 3520; baseline -0.003 -6"><span class='ocrx_word' id='word_1_474' title='bbox 336 3479 541 3518; x_wconf 64' lang='lat' dir='ltr'>veleeontra</span> <span class='ocrx_word' id='word_1_475' title='bbox 559 3499 567 3508; x_wconf 80' lang='lat'><strong>·</strong></span> <span class='ocrx_word' id='word_1_476' title='bbox 594 3474 721 3517; x_wconf 82' lang='lat' dir='ltr'>Unde,</span> <span class='ocrx_word' id='word_1_477' title='bbox 746 3482 851 3514; x_wconf 71' lang='lat' dir='ltr'>Omnls</span> <span class='ocrx_word' id='word_1_478' title='bbox 864 3488 920 3513; x_wconf 77' lang='lat' dir='ltr'>non</span> <span class='ocrx_word' id='word_1_479' title='bbox 932 3477 1018 3512; x_wconf 75' lang='lat' dir='ltr'>idem</span> <span class='ocrx_word' id='word_1_480' title='bbox 1032 3477 1076 3512; x_wconf 85' lang='lat' dir='ltr'>est</span> <span class='ocrx_word' id='word_1_481' title='bbox 1092 3502 1102 3520; x_wconf 92' lang='lat'>‚</span> <span class='ocrx_word' id='word_1_482' title='bbox 1114 3482 1201 3519; x_wconf 73' lang='lat' dir='ltr'>quod</span> 
     </span>
    </p>
   </div>
   <div class='ocr_carea' id='block_1_3' title="bbox 896 128 1614 215">
    <p class='ocr_par' dir='ltr' id='par_1_7' title="bbox 896 128 1614 215">
     <span class='ocr_line' id='line_1_68' title="bbox 896 128 1614 215; baseline 0.003 -27"><span class='ocrx_word' id='word_1_483' title='bbox 896 128 1128 215; x_wconf 64' lang='lat' dir='ltr'>Dispus&#39;r.</span> <span class='ocrx_word' id='word_1_484' title='bbox 1178 142 1293 189; x_wconf 80' lang='lat' dir='ltr'>xv.</span> <span class='ocrx_word' id='word_1_485' title='bbox 1332 142 1614 190; x_wconf 62' lang='lat' dir='ltr'>D0³.1v.·</span> 
     </span>
    </p>
   </div>
   <div class='ocr_carea' id='block_1_4' title="bbox 1250 226 2149 3568">
    <p class='ocr_par' dir='ltr' id='par_1_8' title="bbox 1250 226 2141 1526">
     <span class='ocr_line' id='line_1_69' title="bbox 1268 226 2140 273; baseline 0.009 -13"><span class='ocrx_word' id='word_1_486' title='bbox 1268 229 1385 266; x_wconf 82' lang='lat' dir='ltr'>nullus,</span> <span class='ocrx_word' id='word_1_487' title='bbox 1405 228 1506 261; x_wconf 83' lang='lat' dir='ltr'>nullus</span> <span class='ocrx_word' id='word_1_488' title='bbox 1521 239 1578 261; x_wconf 78' lang='lat' dir='ltr'>non</span> <span class='ocrx_word' id='word_1_489' title='bbox 1589 226 1676 262; x_wconf 87' lang='lat' dir='ltr'>idem</span> <span class='ocrx_word' id='word_1_490' title='bbox 1694 227 1739 262; x_wconf 88' lang='lat' dir='ltr'>est</span> <span class='ocrx_word' id='word_1_491' title='bbox 1751 249 1763 270; x_wconf 69' lang='lat'><strong>,</strong></span> <span class='ocrx_word' id='word_1_492' title='bbox 1783 230 1872 273; x_wconf 85' lang='lat' dir='ltr'>quod</span> <span class='ocrx_word' id='word_1_493' title='bbox 1881 236 1997 267; x_wconf 77' lang='lat' dir='ltr'>onmis.-</span> <span class='ocrx_word' id='word_1_494' title='bbox 2024 227 2140 267; x_wconf 71' lang='lat' dir='ltr'>Adeo·</span> 
     </span>
     <span class='ocr_line' id='line_1_70' title="bbox 1250 269 2139 340; baseline 0.006 -28"><span class='ocrx_word' id='word_1_495' title='bbox 1250 269 1329 340; x_wconf 44' lang='lat' dir='ltr'>{que</span> <span class='ocrx_word' id='word_1_496' title='bbox 1345 276 1393 310; x_wconf 84' lang='lat' dir='ltr'>hae</span> <span class='ocrx_word' id='word_1_497' title='bbox 1412 278 1645 321; x_wconf 80' lang='lat' dir='ltr'>propositiones</span> <span class='ocrx_word' id='word_1_498' title='bbox 1670 279 1903 323; x_wconf 77' lang='lat' dir='ltr'>aequipoilent„</span> <span class='ocrx_word' id='word_1_499' title='bbox 1924 287 2030 316; x_wconf 74' lang='lat' dir='ltr'>omnis</span> <span class='ocrx_word' id='word_1_500' title='bbox 2055 283 2139 316; x_wconf 84' lang='lat' dir='ltr'>homo</span> 
     </span>
     <span class='ocr_line' id='line_1_71' title="bbox 1252 326 2139 372; baseline 0.007 -13"><span class='ocrx_word' id='word_1_501' title='bbox 1252 338 1327 362; x_wconf 85' lang='lat' dir='ltr'>·non</span> <span class='ocrx_word' id='word_1_502' title='bbox 1337 326 1375 366; x_wconf 87' lang='lat' dir='ltr'>est</span> <span class='ocrx_word' id='word_1_503' title='bbox 1385 338 1494 369; x_wconf 83' lang='lat' dir='ltr'>equus,</span> <span class='ocrx_word' id='word_1_504' title='bbox 1523 330 1623 363; x_wconf 85' lang='lat' dir='ltr'>nullus</span> <span class='ocrx_word' id='word_1_505' title='bbox 1649 328 1732 362; x_wconf 84' lang='lat' dir='ltr'>bomo</span> <span class='ocrx_word' id='word_1_506' title='bbox 1755 329 1792 368; x_wconf 73' lang='lat' dir='ltr'>eft</span> <span class='ocrx_word' id='word_1_507' title='bbox 1810 341 1902 372; x_wconf 84' lang='lat' dir='ltr'>equus</span> <span class='ocrx_word' id='word_1_508' title='bbox 1915 357 1923 363; x_wconf 93' lang='lat'>.</span> <span class='ocrx_word' id='word_1_509' title='bbox 1951 335 2066 367; x_wconf 77' lang='lat' dir='ltr'>Nullus</span> <span class='ocrx_word' id='word_1_510' title='bbox 2089 333 2139 366; x_wconf 88' lang='lat' dir='ltr'>bo-</span> 
     </span>
     <span class='ocr_line' id='line_1_72' title="bbox 1267 378 2138 424; baseline 0.007 -14"><span class='ocrx_word' id='word_1_511' title='bbox 1267 389 1312 410; x_wconf 86' lang='lat' dir='ltr'>mo</span> <span class='ocrx_word' id='word_1_512' title='bbox 1337 388 1394 409; x_wconf 86' lang='lat' dir='ltr'>non</span> <span class='ocrx_word' id='word_1_513' title='bbox 1418 379 1462 424; x_wconf 19' lang='lat' dir='ltr'>⁷⁶st</span> <span class='ocrx_word' id='word_1_514' title='bbox 1474 381 1613 421; x_wconf 77' lang='lat' dir='ltr'>animal,</span> <span class='ocrx_word' id='word_1_515' title='bbox 1639 386 1733 412; x_wconf 80' lang='lat' dir='ltr'>omnis</span> <span class='ocrx_word' id='word_1_516' title='bbox 1745 378 1999 421; x_wconf 69' lang='lat' dir='ltr'>bomoqstammal</span> <span class='ocrx_word' id='word_1_517' title='bbox 2009 395 2018 415; x_wconf 81' lang='lat' dir='ltr'>z</span> <span class='ocrx_word' id='word_1_518' title='bbox 2047 387 2138 416; x_wconf 81' lang='lat' dir='ltr'>Ratio</span> 
     </span>
     <span class='ocr_line' id='line_1_73' title="bbox 1267 427 2137 475; baseline 0.006 -15"><span class='ocrx_word' id='word_1_519' title='bbox 1267 427 1305 466; x_wconf 85' lang='lat' dir='ltr'>est</span> <span class='ocrx_word' id='word_1_520' title='bbox 1318 451 1325 458; x_wconf 95' lang='lat'>.</span> <span class='ocrx_word' id='word_1_521' title='bbox 1352 427 1443 468; x_wconf 86' lang='lat' dir='ltr'>Qia</span> <span class='ocrx_word' id='word_1_522' title='bbox 1455 430 1588 472; x_wconf 87' lang='lat' dir='ltr'>negatio</span> <span class='ocrx_word' id='word_1_523' title='bbox 1599 441 1719 464; x_wconf 82' lang='lat' dir='ltr'>natura:</span> <span class='ocrx_word' id='word_1_524' title='bbox 1731 431 1790 463; x_wconf 84' lang='lat' dir='ltr'>suae</span> <span class='ocrx_word' id='word_1_525' title='bbox 1817 430 2058 475; x_wconf 85' lang='lat' dir='ltr'>malignitatem</span> <span class='ocrx_word' id='word_1_526' title='bbox 2076 445 2137 468; x_wconf 84' lang='lat' dir='ltr'>ex-</span> 
     </span>
     <span class='ocr_line' id='line_1_74' title="bbox 1267 476 2137 524; baseline 0.006 -13"><span class='ocrx_word' id='word_1_527' title='bbox 1267 476 1398 511; x_wconf 88' lang='lat' dir='ltr'>tendere</span> <span class='ocrx_word' id='word_1_528' title='bbox 1421 479 1454 511; x_wconf 86' lang='lat'>&amp;</span> <span class='ocrx_word' id='word_1_529' title='bbox 1473 489 1620 513; x_wconf 81' lang='lat' dir='ltr'>exercere</span> <span class='ocrx_word' id='word_1_530' title='bbox 1640 481 1849 514; x_wconf 78' lang='lat' dir='ltr'>solummodo</span> <span class='ocrx_word' id='word_1_531' title='bbox 1869 481 1974 524; x_wconf 80' lang='lat' dir='ltr'>potest</span> <span class='ocrx_word' id='word_1_532' title='bbox 2000 481 2035 515; x_wconf 92' lang='lat' dir='ltr'>in</span> <span class='ocrx_word' id='word_1_533' title='bbox 2046 483 2077 516; x_wconf 87' lang='lat' dir='ltr'>se</span> <span class='ocrx_word' id='word_1_534' title='bbox 2087 485 2137 516; x_wconf 87' lang='lat' dir='ltr'>se-</span> 
     </span>
     <span class='ocr_line' id='line_1_75' title="bbox 1268 526 2137 575; baseline 0.005 -14"><span class='ocrx_word' id='word_1_535' title='bbox 1268 526 1421 569; x_wconf 81' lang='lat' dir='ltr'>quentia3</span> <span class='ocrx_word' id='word_1_536' title='bbox 1440 539 1507 562; x_wconf 89' lang='lat' dir='ltr'>non</span> <span class='ocrx_word' id='word_1_537' title='bbox 1521 539 1630 563; x_wconf 82' lang='lat' dir='ltr'>autem</span> <span class='ocrx_word' id='word_1_538' title='bbox 1643 530 1676 563; x_wconf 89' lang='lat' dir='ltr'>in</span> <span class='ocrx_word' id='word_1_539' title='bbox 1691 531 1722 564; x_wconf 87' lang='lat' dir='ltr'>se</span> <span class='ocrx_word' id='word_1_540' title='bbox 1734 530 1940 575; x_wconf 66' lang='lat' dir='ltr'>precedentia</span> <span class='ocrx_word' id='word_1_541' title='bbox 1952 545 1963 565; x_wconf 92' lang='grc'>.·</span> <span class='ocrx_word' id='word_1_542' title='bbox 1975 531 2036 565; x_wconf 71' lang='lat' dir='ltr'>illae</span> <span class='ocrx_word' id='word_1_543' title='bbox 2047 533 2137 575; x_wconf 81' lang='lat' dir='ltr'>quip-</span> 
     </span>
     <span class='ocr_line' id='line_1_76' title="bbox 1270 576 2140 626; baseline 0.006 -16"><span class='ocrx_word' id='word_1_544' title='bbox 1270 576 1306 620; x_wconf 75' lang='lat' dir='ltr'>pe</span> <span class='ocrx_word' id='word_1_545' title='bbox 1319 577 1566 620; x_wconf 77' lang='lat' dir='ltr'>propositionis,</span> <span class='ocrx_word' id='word_1_546' title='bbox 1590 591 1628 613; x_wconf 87' lang='lat' dir='ltr'>ac</span> <span class='ocrx_word' id='word_1_547' title='bbox 1641 580 1721 625; x_wconf 84' lang='lat' dir='ltr'>signi</span> <span class='ocrx_word' id='word_1_548' title='bbox 1735 581 1926 625; x_wconf 89' lang='lat' dir='ltr'>qualitates,</span> <span class='ocrx_word' id='word_1_549' title='bbox 1948 593 2017 626; x_wconf 85' lang='lat' dir='ltr'>quae</span> <span class='ocrx_word' id='word_1_550' title='bbox 2042 592 2140 626; x_wconf 87' lang='lat' dir='ltr'>nega-</span> 
     </span>
     <span class='ocr_line' id='line_1_77' title="bbox 1268 626 2138 676; baseline 0.007 -16"><span class='ocrx_word' id='word_1_551' title='bbox 1268 626 1392 660; x_wconf 85' lang='lat' dir='ltr'>tionem</span> <span class='ocrx_word' id='word_1_552' title='bbox 1424 631 1642 671; x_wconf 79' lang='lat' dir='ltr'>praeceflerunt</span> <span class='ocrx_word' id='word_1_553' title='bbox 1656 652 1667 669; x_wconf 91' lang='lat'><strong>,</strong></span> <span class='ocrx_word' id='word_1_554' title='bbox 1690 631 1876 675; x_wconf 85' lang='lat' dir='ltr'>negationis</span> <span class='ocrx_word' id='word_1_555' title='bbox 1894 631 2138 676; x_wconf 87' lang='lat' dir='ltr'>malignitatem</span> 
     </span>
     <span class='ocr_line' id='line_1_78' title="bbox 1266 677 2137 726; baseline 0.007 -17"><span class='ocrx_word' id='word_1_556' title='bbox 1266 677 1565 722; x_wconf 80' lang='lat' dir='ltr'>effugerunt-Atqui</span> <span class='ocrx_word' id='word_1_557' title='bbox 1577 679 1655 712; x_wconf 88' lang='lat' dir='ltr'>dum</span> <span class='ocrx_word' id='word_1_558' title='bbox 1671 681 1804 724; x_wconf 85' lang='lat' dir='ltr'>negatio</span> <span class='ocrx_word' id='word_1_559' title='bbox 1811 681 1905 724; x_wconf 83' lang='lat' dir='ltr'>signo</span> <span class='ocrx_word' id='word_1_560' title='bbox 1917 683 2137 726; x_wconf 88' lang='lat' dir='ltr'>postponitur,</span> 
     </span>
     <span class='ocr_line' id='line_1_79' title="bbox 1267 728 2139 777; baseline 0.007 -17"><span class='ocrx_word' id='word_1_561' title='bbox 1267 738 1347 761; x_wconf 89' lang='lat' dir='ltr'>tunc</span> <span class='ocrx_word' id='word_1_562' title='bbox 1362 728 1467 770; x_wconf 87' lang='lat' dir='ltr'>signi,</span> <span class='ocrx_word' id='word_1_563' title='bbox 1488 729 1787 773; x_wconf 50' lang='lat' dir='ltr'>¹propositionisque</span> <span class='ocrx_word' id='word_1_564' title='bbox 1802 731 1967 774; x_wconf 74' lang='lat' dir='ltr'>quantitas</span> <span class='ocrx_word' id='word_1_565' title='bbox 1990 732 2139 777; x_wconf 86' lang='lat' dir='ltr'>negatio·</span> 
     </span>
     <span class='ocr_line' id='line_1_80' title="bbox 1267 778 2138 824; baseline 0.006 -15"><span class='ocrx_word' id='word_1_566' title='bbox 1267 788 1341 810; x_wconf 87' lang='lat' dir='ltr'>nem</span> <span class='ocrx_word' id='word_1_567' title='bbox 1357 778 1527 820; x_wconf 86' lang='lat' dir='ltr'>praecedit:</span> <span class='ocrx_word' id='word_1_568' title='bbox 1547 779 1689 822; x_wconf 84' lang='lat' dir='ltr'>sequitur</span> <span class='ocrx_word' id='word_1_569' title='bbox 1711 779 1800 814; x_wconf 89' lang='lat' dir='ltr'>illam</span> <span class='ocrx_word' id='word_1_570' title='bbox 1814 780 1880 814; x_wconf 89' lang='lat' dir='ltr'>sola</span> <span class='ocrx_word' id='word_1_571' title='bbox 1894 782 2049 824; x_wconf 85' lang='lat' dir='ltr'>qualitas.</span> <span class='ocrx_word' id='word_1_572' title='bbox 2080 781 2138 814; x_wconf 84' lang='lat' dir='ltr'>Er-</span> 
     </span>
     <span class='ocr_line' id='line_1_81' title="bbox 1266 828 2140 875; baseline 0.005 -15"><span class='ocrx_word' id='word_1_573' title='bbox 1266 828 1311 871; x_wconf 80' lang='lat' dir='ltr'>go</span> <span class='ocrx_word' id='word_1_574' title='bbox 1324 828 1457 871; x_wconf 82' lang='lat' dir='ltr'>negatio</span> <span class='ocrx_word' id='word_1_575' title='bbox 1469 830 1561 872; x_wconf 79' lang='lat' dir='ltr'>signo</span> <span class='ocrx_word' id='word_1_576' title='bbox 1573 828 1746 873; x_wconf 85' lang='lat' dir='ltr'>postposita</span> <span class='ocrx_word' id='word_1_577' title='bbox 1757 831 1891 865; x_wconf 86' lang='lat' dir='ltr'>alterare</span> <span class='ocrx_word' id='word_1_578' title='bbox 1903 843 1969 866; x_wconf 87' lang='lat' dir='ltr'>non</span> <span class='ocrx_word' id='word_1_579' title='bbox 1985 831 2088 875; x_wconf 85' lang='lat' dir='ltr'>potest</span> <span class='ocrx_word' id='word_1_580' title='bbox 2101 832 2140 864; x_wconf 90' lang='lat' dir='ltr'>si-</span> 
     </span>
     <span class='ocr_line' id='line_1_82' title="bbox 1265 878 2137 926; baseline 0.003 -16"><span class='ocrx_word' id='word_1_581' title='bbox 1265 878 1323 921; x_wconf 89' lang='lat' dir='ltr'>gni</span> <span class='ocrx_word' id='word_1_582' title='bbox 1349 879 1564 920; x_wconf 83' lang='lat' dir='ltr'>quantitatem</span> <span class='ocrx_word' id='word_1_583' title='bbox 1592 903 1604 919; x_wconf 93' lang='lat'>,</span> <span class='ocrx_word' id='word_1_584' title='bbox 1634 879 1687 914; x_wconf 91' lang='lat' dir='ltr'>sed</span> <span class='ocrx_word' id='word_1_585' title='bbox 1709 881 1814 914; x_wconf 86' lang='lat' dir='ltr'>solam</span> <span class='ocrx_word' id='word_1_586' title='bbox 1836 881 1902 925; x_wconf 84' lang='lat' dir='ltr'>ejus</span> <span class='ocrx_word' id='word_1_587' title='bbox 1923 883 2115 926; x_wconf 82' lang='lat' dir='ltr'>qualitatem</span> <span class='ocrx_word' id='word_1_588' title='bbox 2129 906 2137 914; x_wconf 95' lang='lat'><em>.</em></span> 
     </span>
     <span class='ocr_line' id='line_1_83' title="bbox 1268 926 2138 977; baseline 0.008 -18"><span class='ocrx_word' id='word_1_589' title='bbox 1268 926 1416 962; x_wconf 80' lang='lat' dir='ltr'>Probatur</span> <span class='ocrx_word' id='word_1_590' title='bbox 1451 934 1568 962; x_wconf 67' lang='lat' dir='ltr'>minor.-</span> <span class='ocrx_word' id='word_1_591' title='bbox 1596 929 1686 977; x_wconf 85' lang='lat' dir='ltr'>Qia</span> <span class='ocrx_word' id='word_1_592' title='bbox 1712 931 1818 976; x_wconf 84' lang='lat' dir='ltr'>signi,</span> <span class='ocrx_word' id='word_1_593' title='bbox 1842 932 2138 975; x_wconf 85' lang='lat' dir='ltr'>propositionisque</span> 
     </span>
     <span class='ocr_line' id='line_1_84' title="bbox 1265 978 2139 1025; baseline 0.006 -15"><span class='ocrx_word' id='word_1_594' title='bbox 1265 978 1428 1020; x_wconf 86' lang='lat' dir='ltr'>quantitas</span> <span class='ocrx_word' id='word_1_595' title='bbox 1439 989 1479 1012; x_wconf 85' lang='lat' dir='ltr'>ex</span> <span class='ocrx_word' id='word_1_596' title='bbox 1491 980 1523 1011; x_wconf 88' lang='lat' dir='ltr'>su</span> <span class='ocrx_word' id='word_1_597' title='bbox 1530 979 1643 1022; x_wconf 70' lang='lat' dir='ltr'>bjesto:</span> <span class='ocrx_word' id='word_1_598' title='bbox 1665 981 1803 1024; x_wconf 85' lang='lat' dir='ltr'>qualitas</span> <span class='ocrx_word' id='word_1_599' title='bbox 1816 980 1890 1016; x_wconf 76' lang='lat' dir='ltr'>vero</span> <span class='ocrx_word' id='word_1_600' title='bbox 1901 994 1941 1018; x_wconf 80' lang='lat' dir='ltr'>ex</span> <span class='ocrx_word' id='word_1_601' title='bbox 1952 981 2071 1025; x_wconf 85' lang='lat' dir='ltr'>copula</span> <span class='ocrx_word' id='word_1_602' title='bbox 2086 982 2139 1015; x_wconf 88' lang='lat' dir='ltr'>de-</span> 
     </span>
     <span class='ocr_line' id='line_1_85' title="bbox 1267 1028 2139 1077; baseline 0.005 -17"><span class='ocrx_word' id='word_1_603' title='bbox 1267 1029 1426 1073; x_wconf 59' lang='lat' dir='ltr'>sumiturj</span> <span class='ocrx_word' id='word_1_604' title='bbox 1452 1028 1688 1072; x_wconf 86' lang='lat' dir='ltr'>adeoquedum</span> <span class='ocrx_word' id='word_1_605' title='bbox 1712 1032 1846 1075; x_wconf 85' lang='lat' dir='ltr'>negatio</span> <span class='ocrx_word' id='word_1_606' title='bbox 1867 1033 2064 1077; x_wconf 65' lang='lat' dir='ltr'>praeponitur</span> <span class='ocrx_word' id='word_1_607' title='bbox 2086 1043 2139 1065; x_wconf 88' lang='lat' dir='ltr'>co·</span> 
     </span>
     <span class='ocr_line' id='line_1_86' title="bbox 1267 1078 2139 1126; baseline 0.005 -16"><span class='ocrx_word' id='word_1_608' title='bbox 1267 1079 1349 1120; x_wconf 77' lang='lat' dir='ltr'>pulae</span> <span class='ocrx_word' id='word_1_609' title='bbox 1358 1102 1369 1119; x_wconf 94' lang='lat'>,</span> <span class='ocrx_word' id='word_1_610' title='bbox 1388 1079 1422 1112; x_wconf 78' lang='grc' dir='ltr'>ἀ</span> <span class='ocrx_word' id='word_1_611' title='bbox 1433 1078 1641 1121; x_wconf 88' lang='lat' dir='ltr'>postponitur</span> <span class='ocrx_word' id='word_1_612' title='bbox 1655 1078 1798 1122; x_wconf 63' lang='lat' dir='ltr'>subjecto</span> <span class='ocrx_word' id='word_1_613' title='bbox 1811 1103 1821 1120; x_wconf 89' lang='lat'><strong>,</strong></span> <span class='ocrx_word' id='word_1_614' title='bbox 1847 1091 1928 1116; x_wconf 88' lang='lat' dir='ltr'>tunc</span> <span class='ocrx_word' id='word_1_615' title='bbox 1942 1081 2139 1126; x_wconf 88' lang='lat' dir='ltr'>propositio·-</span> 
     </span>
     <span class='ocr_line' id='line_1_87' title="bbox 1266 1126 2140 1175; baseline 0.007 -16"><span class='ocrx_word' id='word_1_616' title='bbox 1266 1126 1365 1161; x_wconf 87' lang='lat' dir='ltr'>nisae</span> <span class='ocrx_word' id='word_1_617' title='bbox 1388 1129 1469 1172; x_wconf 82' lang='lat' dir='ltr'>signi</span> <span class='ocrx_word' id='word_1_618' title='bbox 1484 1129 1651 1171; x_wconf 84' lang='lat' dir='ltr'>quantitas</span> <span class='ocrx_word' id='word_1_619' title='bbox 1667 1131 1878 1174; x_wconf 88' lang='lat' dir='ltr'>negationem</span> <span class='ocrx_word' id='word_1_620' title='bbox 1902 1132 2069 1175; x_wconf 79' lang='lat' dir='ltr'>praecedit,</span> <span class='ocrx_word' id='word_1_621' title='bbox 2097 1133 2140 1165; x_wconf 87' lang='lat' dir='ltr'>se·</span> 
     </span>
     <span class='ocr_line' id='line_1_88' title="bbox 1265 1178 2139 1226; baseline 0.008 -17"><span class='ocrx_word' id='word_1_622' title='bbox 1265 1178 1440 1220; x_wconf 85' lang='lat' dir='ltr'>quiturque</span> <span class='ocrx_word' id='word_1_623' title='bbox 1453 1178 1543 1212; x_wconf 90' lang='lat' dir='ltr'>illam</span> <span class='ocrx_word' id='word_1_624' title='bbox 1557 1179 1623 1213; x_wconf 85' lang='lat' dir='ltr'>sola</span> <span class='ocrx_word' id='word_1_625' title='bbox 1635 1191 1750 1214; x_wconf 87' lang='lat' dir='ltr'>eorum</span> <span class='ocrx_word' id='word_1_626' title='bbox 1760 1181 1900 1224; x_wconf 86' lang='lat' dir='ltr'>qualitas</span> <span class='ocrx_word' id='word_1_627' title='bbox 1913 1206 1921 1214; x_wconf 89' lang='lat'><strong>.</strong></span> <span class='ocrx_word' id='word_1_628' title='bbox 1935 1182 2043 1226; x_wconf 86' lang='lat' dir='ltr'>Atqui</span> <span class='ocrx_word' id='word_1_629' title='bbox 2056 1181 2139 1216; x_wconf 88' lang='lat' dir='ltr'>dum</span> 
     </span>
     <span class='ocr_line' id='line_1_89' title="bbox 1267 1228 2139 1275; baseline 0.006 -16"><span class='ocrx_word' id='word_1_630' title='bbox 1267 1228 1402 1271; x_wconf 87' lang='lat' dir='ltr'>negatio</span> <span class='ocrx_word' id='word_1_631' title='bbox 1424 1238 1550 1272; x_wconf 82' lang='lat' dir='ltr'>negans</span> <span class='ocrx_word' id='word_1_632' title='bbox 1571 1229 1780 1273; x_wconf 82' lang='lat' dir='ltr'>postponitur</span> <span class='ocrx_word' id='word_1_633' title='bbox 1800 1231 1971 1275; x_wconf 67' lang='lat' dir='ltr'>subje&amp;o;</span> <span class='ocrx_word' id='word_1_634' title='bbox 2014 1230 2139 1274; x_wconf 75' lang='lat' dir='ltr'>solique</span> 
     </span>
     <span class='ocr_line' id='line_1_90' title="bbox 1264 1276 2140 1326; baseline 0.005 -16"><span class='ocrx_word' id='word_1_635' title='bbox 1264 1279 1387 1320; x_wconf 86' lang='lat' dir='ltr'>copulae</span> <span class='ocrx_word' id='word_1_636' title='bbox 1398 1278 1432 1311; x_wconf 75' lang='grc' dir='ltr'>δε</span> <span class='ocrx_word' id='word_1_637' title='bbox 1444 1276 1615 1321; x_wconf 79' lang='lat' dir='ltr'>praedicato</span> <span class='ocrx_word' id='word_1_638' title='bbox 1638 1282 1843 1323; x_wconf 77' lang='lat' dir='ltr'>praeponitur:</span> <span class='ocrx_word' id='word_1_639' title='bbox 1855 1292 1934 1326; x_wconf 90' lang='lat' dir='ltr'>ergo</span> <span class='ocrx_word' id='word_1_640' title='bbox 1946 1292 2026 1316; x_wconf 87' lang='lat' dir='ltr'>tunc</span> <span class='ocrx_word' id='word_1_641' title='bbox 2038 1282 2140 1315; x_wconf 85' lang='lat' dir='ltr'>etiam</span> 
     </span>
     <span class='ocr_line' id='line_1_91' title="bbox 1264 1328 2139 1377; baseline 0.006 -18"><span class='ocrx_word' id='word_1_642' title='bbox 1264 1328 1344 1371; x_wconf 84' lang='lat' dir='ltr'>figni</span> <span class='ocrx_word' id='word_1_643' title='bbox 1357 1352 1367 1368; x_wconf 92' lang='lat'>,</span> <span class='ocrx_word' id='word_1_644' title='bbox 1396 1329 1691 1374; x_wconf 87' lang='lat' dir='ltr'>propositionisque</span> <span class='ocrx_word' id='word_1_645' title='bbox 1723 1332 1890 1375; x_wconf 81' lang='lat' dir='ltr'>quantitas</span> <span class='ocrx_word' id='word_1_646' title='bbox 1923 1332 2139 1377; x_wconf 86' lang='lat' dir='ltr'>negationem</span> 
     </span>
     <span class='ocr_line' id='line_1_92' title="bbox 1266 1377 2141 1425; baseline 0.003 -15"><span class='ocrx_word' id='word_1_647' title='bbox 1266 1377 1415 1420; x_wconf 80' lang='lat' dir='ltr'>praecedit</span> <span class='ocrx_word' id='word_1_648' title='bbox 1427 1378 1650 1423; x_wconf 87' lang='lat' dir='ltr'>,sequiturque</span> <span class='ocrx_word' id='word_1_649' title='bbox 1673 1391 1747 1415; x_wconf 85' lang='lat' dir='ltr'>eam</span> <span class='ocrx_word' id='word_1_650' title='bbox 1769 1382 1837 1415; x_wconf 83' lang='lat' dir='ltr'>sola</span> <span class='ocrx_word' id='word_1_651' title='bbox 1850 1381 1990 1425; x_wconf 86' lang='lat' dir='ltr'>qualitas</span> <span class='ocrx_word' id='word_1_652' title='bbox 2007 1393 2015 1414; x_wconf 92' lang='lat'><strong>:</strong></span> <span class='ocrx_word' id='word_1_653' title='bbox 2037 1380 2141 1415; x_wconf 85' lang='lat' dir='ltr'>adeo-</span> 
     </span>
     <span class='ocr_line' id='line_1_93' title="bbox 1263 1428 2141 1475; baseline 0.003 -15"><span class='ocrx_word' id='word_1_654' title='bbox 1263 1438 1325 1470; x_wconf 92' lang='lat' dir='ltr'>que</span> <span class='ocrx_word' id='word_1_655' title='bbox 1336 1438 1415 1462; x_wconf 90' lang='lat' dir='ltr'>tunc</span> <span class='ocrx_word' id='word_1_656' title='bbox 1428 1430 1657 1472; x_wconf 86' lang='lat' dir='ltr'>propositionis</span> <span class='ocrx_word' id='word_1_657' title='bbox 1678 1430 1711 1464; x_wconf 90' lang='lat'>&amp;</span> <span class='ocrx_word' id='word_1_658' title='bbox 1732 1431 1813 1475; x_wconf 87' lang='lat' dir='ltr'>signi</span> <span class='ocrx_word' id='word_1_659' title='bbox 1837 1430 1980 1473; x_wconf 88' lang='lat' dir='ltr'>qualitas</span> <span class='ocrx_word' id='word_1_660' title='bbox 2003 1428 2141 1472; x_wconf 68' lang='lat' dir='ltr'>subjecta</span> 
     </span>
     <span class='ocr_line' id='line_1_94' title="bbox 1264 1477 2140 1526; baseline 0.003 -15"><span class='ocrx_word' id='word_1_661' title='bbox 1264 1477 1307 1511; x_wconf 87' lang='lat' dir='ltr'>est</span> <span class='ocrx_word' id='word_1_662' title='bbox 1321 1477 1520 1522; x_wconf 82' lang='lat' dir='ltr'>malignitati</span> <span class='ocrx_word' id='word_1_663' title='bbox 1536 1479 1741 1523; x_wconf 74' lang='lat' dir='ltr'>negationis:</span> <span class='ocrx_word' id='word_1_664' title='bbox 1763 1482 1926 1526; x_wconf 86' lang='lat' dir='ltr'>quantitas</span> <span class='ocrx_word' id='word_1_665' title='bbox 1936 1479 2011 1516; x_wconf 72' lang='lat' dir='ltr'>vero</span> <span class='ocrx_word' id='word_1_666' title='bbox 2025 1480 2071 1515; x_wconf 86' lang='lat' dir='ltr'>est</span> <span class='ocrx_word' id='word_1_667' title='bbox 2096 1479 2140 1514; x_wconf 86' lang='lat' dir='ltr'>ab</span> 
     </span>
    </p>

    <p class='ocr_par' dir='ltr' id='par_1_9' title="bbox 1258 1527 2149 3522">
     <span class='ocr_line' id='line_1_95' title="bbox 1264 1527 1665 1572; baseline 0.007 -12"><span class='ocrx_word' id='word_1_668' title='bbox 1264 1527 1318 1561; x_wconf 88' lang='lat' dir='ltr'>illa</span> <span class='ocrx_word' id='word_1_669' title='bbox 1331 1528 1430 1562; x_wconf 88' lang='lat' dir='ltr'>libera</span> <span class='ocrx_word' id='word_1_670' title='bbox 1445 1529 1479 1562; x_wconf 74' lang='grc' dir='ltr'>ὅ(</span> <span class='ocrx_word' id='word_1_671' title='bbox 1490 1539 1643 1572; x_wconf 87' lang='lat' dir='ltr'>exempta</span> <span class='ocrx_word' id='word_1_672' title='bbox 1658 1555 1665 1562; x_wconf 94' lang='lat'>.</span> 
     </span>
     <span class='ocr_line' id='line_1_96' title="bbox 1316 1578 2140 1625; baseline 0.001 -13"><span class='ocrx_word' id='word_1_673' title='bbox 1316 1587 1369 1624; x_wconf 81' lang='lat'>30·</span> <span class='ocrx_word' id='word_1_674' title='bbox 1395 1578 1545 1615; x_wconf 73' lang='lat' dir='ltr'>Obiit-ies:</span> <span class='ocrx_word' id='word_1_675' title='bbox 1574 1580 1611 1613; x_wconf 87' lang='lat' dir='ltr'>In</span> <span class='ocrx_word' id='word_1_676' title='bbox 1625 1578 1677 1614; x_wconf 89' lang='lat' dir='ltr'>his</span> <span class='ocrx_word' id='word_1_677' title='bbox 1690 1581 2004 1625; x_wconf 65' lang='lat' dir='ltr'>praedicationibus,</span> <span class='ocrx_word' id='word_1_678' title='bbox 2027 1585 2140 1614; x_wconf 79' lang='lat' dir='ltr'>omnes</span> 
     </span>
     <span class='ocr_line' id='line_1_97' title="bbox 1264 1627 2143 1674; baseline 0.005 -14"><span class='ocrx_word' id='word_1_679' title='bbox 1264 1627 1394 1660; x_wconf 74' lang='lat' dir='ltr'>homines</span> <span class='ocrx_word' id='word_1_680' title='bbox 1418 1638 1476 1660; x_wconf 86' lang='lat' dir='ltr'>non</span> <span class='ocrx_word' id='word_1_681' title='bbox 1490 1627 1563 1671; x_wconf 81' lang='lat' dir='ltr'>fimt</span> <span class='ocrx_word' id='word_1_682' title='bbox 1574 1629 1651 1668; x_wconf 68' lang='lat' dir='ltr'>just}</span> <span class='ocrx_word' id='word_1_683' title='bbox 1668 1655 1679 1671; x_wconf 90' lang='lat'>‚</span> <span class='ocrx_word' id='word_1_684' title='bbox 1721 1643 1819 1665; x_wconf 84' lang='lat' dir='ltr'>omnes</span> <span class='ocrx_word' id='word_1_685' title='bbox 1846 1632 1977 1665; x_wconf 78' lang='lat' dir='ltr'>hommes</span> <span class='ocrx_word' id='word_1_686' title='bbox 2001 1643 2059 1664; x_wconf 87' lang='lat' dir='ltr'>non</span> <span class='ocrx_word' id='word_1_687' title='bbox 2078 1629 2143 1674; x_wconf 85' lang='lat' dir='ltr'>sal-</span> 
     </span>
     <span class='ocr_line' id='line_1_98' title="bbox 1264 1677 2140 1726; baseline 0.003 -16"><span class='ocrx_word' id='word_1_688' title='bbox 1264 1677 1423 1710; x_wconf 78' lang='lat' dir='ltr'>vabuntur</span> <span class='ocrx_word' id='word_1_689' title='bbox 1436 1702 1446 1718; x_wconf 92' lang='lat'><strong>,</strong></span> <span class='ocrx_word' id='word_1_690' title='bbox 1469 1681 1525 1712; x_wconf 64' lang='lat' dir='ltr'>&amp;a</span> <span class='ocrx_word' id='word_1_691' title='bbox 1552 1681 1686 1723; x_wconf 87' lang='lat' dir='ltr'>negatio</span> <span class='ocrx_word' id='word_1_692' title='bbox 1699 1681 1905 1724; x_wconf 88' lang='lat' dir='ltr'>postponitur</span> <span class='ocrx_word' id='word_1_693' title='bbox 1919 1684 2026 1726; x_wconf 84' lang='lat' dir='ltr'>signo:</span> <span class='ocrx_word' id='word_1_694' title='bbox 2044 1680 2140 1724; x_wconf 80' lang='lat' dir='ltr'>atqui</span> 
     </span>
     <span class='ocr_line' id='line_1_99' title="bbox 1265 1729 2142 1776; baseline 0.006 -16"><span class='ocrx_word' id='word_1_695' title='bbox 1265 1737 1376 1761; x_wconf 88' lang='lat' dir='ltr'>tamen</span> <span class='ocrx_word' id='word_1_696' title='bbox 1404 1729 1536 1772; x_wconf 84' lang='lat' dir='ltr'>negatio</span> <span class='ocrx_word' id='word_1_697' title='bbox 1565 1729 1612 1762; x_wconf 91' lang='lat' dir='ltr'>ibi</span> <span class='ocrx_word' id='word_1_698' title='bbox 1641 1731 1753 1765; x_wconf 88' lang='lat' dir='ltr'>alterat</span> <span class='ocrx_word' id='word_1_699' title='bbox 1783 1732 1869 1776; x_wconf 86' lang='lat' dir='ltr'>signi</span> <span class='ocrx_word' id='word_1_700' title='bbox 1890 1731 2085 1776; x_wconf 83' lang='lat' dir='ltr'>qualitatem</span> <span class='ocrx_word' id='word_1_701' title='bbox 2106 1731 2142 1765; x_wconf 78' lang='grc' dir='ltr'>δε</span> 
     </span>
     <span class='ocr_line' id='line_1_100' title="bbox 1263 1777 2142 1824; baseline 0.003 -14"><span class='ocrx_word' id='word_1_702' title='bbox 1263 1777 1497 1820; x_wconf 82' lang='lat' dir='ltr'>quantitatem:</span> <span class='ocrx_word' id='word_1_703' title='bbox 1525 1789 1605 1823; x_wconf 87' lang='lat' dir='ltr'>ergo</span> <span class='ocrx_word' id='word_1_704' title='bbox 1626 1790 1693 1814; x_wconf 90' lang='lat' dir='ltr'>non</span> <span class='ocrx_word' id='word_1_705' title='bbox 1714 1781 1760 1815; x_wconf 85' lang='lat' dir='ltr'>est</span> <span class='ocrx_word' id='word_1_706' title='bbox 1781 1782 1931 1824; x_wconf 86' lang='lat' dir='ltr'>firmum;</span> <span class='ocrx_word' id='word_1_707' title='bbox 1965 1780 2054 1824; x_wconf 91' lang='lat' dir='ltr'>quod</span> <span class='ocrx_word' id='word_1_708' title='bbox 2073 1781 2142 1823; x_wconf 85' lang='lat' dir='ltr'>jam</span> 
     </span>
     <span class='ocr_line' id='line_1_101' title="bbox 1263 1828 2141 1877; baseline 0.002 -16"><span class='ocrx_word' id='word_1_709' title='bbox 1263 1828 1359 1861; x_wconf 81' lang='lat' dir='ltr'>dixi.</span> <span class='ocrx_word' id='word_1_710' title='bbox 1394 1828 1541 1861; x_wconf 74' lang='lat' dir='ltr'>Probatur</span> <span class='ocrx_word' id='word_1_711' title='bbox 1565 1833 1677 1862; x_wconf 77' lang='lat' dir='ltr'>minor:</span> <span class='ocrx_word' id='word_1_712' title='bbox 1703 1831 1791 1877; x_wconf 84' lang='lat' dir='ltr'>Qia</span> <span class='ocrx_word' id='word_1_713' title='bbox 1819 1831 1949 1876; x_wconf 86' lang='lat' dir='ltr'>signum</span> <span class='ocrx_word' id='word_1_714' title='bbox 1970 1835 2069 1863; x_wconf 73' lang='lat' dir='ltr'>omnis</span> <span class='ocrx_word' id='word_1_715' title='bbox 2092 1829 2141 1863; x_wconf 86' lang='lat' dir='ltr'>est</span> 
     </span>
     <span class='ocr_line' id='line_1_102' title="bbox 1263 1877 2142 1925; baseline 0.002 -15"><span class='ocrx_word' id='word_1_716' title='bbox 1263 1877 1442 1911; x_wconf 84' lang='lat' dir='ltr'>universale</span> <span class='ocrx_word' id='word_1_717' title='bbox 1452 1879 1485 1912; x_wconf 74' lang='grc' dir='ltr'>ὅτ</span> <span class='ocrx_word' id='word_1_718' title='bbox 1496 1879 1725 1913; x_wconf 84' lang='lat' dir='ltr'>affirmativum</span> <span class='ocrx_word' id='word_1_719' title='bbox 1738 1893 1747 1923; x_wconf 80' lang='lat'>3</span> <span class='ocrx_word' id='word_1_720' title='bbox 1760 1885 1849 1922; x_wconf 80' lang='lat' dir='ltr'>atqui</span> <span class='ocrx_word' id='word_1_721' title='bbox 1863 1893 1918 1924; x_wconf 77' lang='lat' dir='ltr'>per</span> <span class='ocrx_word' id='word_1_722' title='bbox 1930 1880 2142 1925; x_wconf 84' lang='lat' dir='ltr'>postpositam</span> 
     </span>
     <span class='ocr_line' id='line_1_103' title="bbox 1265 1929 2140 1973; baseline 0.003 -14"><span class='ocrx_word' id='word_1_723' title='bbox 1265 1929 1476 1969; x_wconf 85' lang='lat' dir='ltr'>negationem</span> <span class='ocrx_word' id='word_1_724' title='bbox 1489 1929 1523 1961; x_wconf 90' lang='lat' dir='ltr'>in</span> <span class='ocrx_word' id='word_1_725' title='bbox 1535 1929 1603 1962; x_wconf 87' lang='lat' dir='ltr'>istis</span> <span class='ocrx_word' id='word_1_726' title='bbox 1615 1931 1898 1971; x_wconf 74' lang='lat' dir='ltr'>praedicationibus</span> <span class='ocrx_word' id='word_1_727' title='bbox 1910 1932 1946 1965; x_wconf 86' lang='lat' dir='ltr'>fit</span> <span class='ocrx_word' id='word_1_728' title='bbox 1960 1930 2140 1973; x_wconf 84' lang='lat' dir='ltr'>particula-</span> 
     </span>
     <span class='ocr_line' id='line_1_104' title="bbox 1264 1975 2144 2023; baseline 0.003 -15"><span class='ocrx_word' id='word_1_729' title='bbox 1264 1987 1297 2009; x_wconf 92' lang='lat' dir='ltr'>re</span> <span class='ocrx_word' id='word_1_730' title='bbox 1319 1975 1506 2019; x_wconf 86' lang='lat' dir='ltr'>negativum</span> <span class='ocrx_word' id='word_1_731' title='bbox 1523 1989 1531 2009; x_wconf 88' lang='lat'>:</span> <span class='ocrx_word' id='word_1_732' title='bbox 1555 1980 1637 2022; x_wconf 76' lang='lat' dir='ltr'>ergo</span> <span class='ocrx_word' id='word_1_733' title='bbox 1647 1979 1778 2012; x_wconf 84' lang='lat' dir='ltr'>tollitur</span> <span class='ocrx_word' id='word_1_734' title='bbox 1799 1990 1866 2012; x_wconf 91' lang='lat' dir='ltr'>non</span> <span class='ocrx_word' id='word_1_735' title='bbox 1880 1981 1947 2013; x_wconf 91' lang='lat' dir='ltr'>sola</span> <span class='ocrx_word' id='word_1_736' title='bbox 1959 1979 2025 2023; x_wconf 82' lang='lat' dir='ltr'>ejus</span> <span class='ocrx_word' id='word_1_737' title='bbox 2041 1977 2144 2022; x_wconf 90' lang='lat' dir='ltr'>quali.</span> 
     </span>
     <span class='ocr_line' id='line_1_105' title="bbox 1265 2025 2145 2077; baseline 0.002 -16"><span class='ocrx_word' id='word_1_738' title='bbox 1265 2035 1310 2061; x_wconf 85' lang='lat' dir='ltr'>tas</span> <span class='ocrx_word' id='word_1_739' title='bbox 1320 2051 1331 2068; x_wconf 85' lang='lat'>,</span> <span class='ocrx_word' id='word_1_740' title='bbox 1359 2025 1413 2075; x_wconf 71' lang='lat' dir='ltr'>sed</span> <span class='ocrx_word' id='word_1_741' title='bbox 1429 2026 1463 2063; x_wconf 72' lang='grc' dir='ltr'>δε</span> <span class='ocrx_word' id='word_1_742' title='bbox 1475 2029 1641 2070; x_wconf 86' lang='lat' dir='ltr'>quantitas</span> <span class='ocrx_word' id='word_1_743' title='bbox 1654 2053 1662 2060; x_wconf 90' lang='lat'>.</span> <span class='ocrx_word' id='word_1_744' title='bbox 1691 2028 1838 2063; x_wconf 84' lang='lat' dir='ltr'>Probatur</span> <span class='ocrx_word' id='word_1_745' title='bbox 1850 2035 1965 2063; x_wconf 75' lang='lat' dir='ltr'>minor:</span> <span class='ocrx_word' id='word_1_746' title='bbox 1990 2030 2082 2077; x_wconf 84' lang='lat' dir='ltr'>Qia</span> <span class='ocrx_word' id='word_1_747' title='bbox 2098 2036 2145 2063; x_wconf 90' lang='lat' dir='ltr'>ta-</span> 
     </span>
     <span class='ocr_line' id='line_1_106' title="bbox 1263 2075 2143 2122; baseline 0.003 -15"><span class='ocrx_word' id='word_1_748' title='bbox 1263 2075 1477 2108; x_wconf 66' lang='lat' dir='ltr'>leaenarum</span> <span class='ocrx_word' id='word_1_749' title='bbox 1501 2078 1545 2109; x_wconf 85' lang='lat' dir='ltr'>est</span> <span class='ocrx_word' id='word_1_750' title='bbox 1558 2078 1686 2120; x_wconf 90' lang='lat' dir='ltr'>signum</span> <span class='ocrx_word' id='word_1_751' title='bbox 1710 2079 1876 2121; x_wconf 79' lang='lat' dir='ltr'>praefixurn</span> <span class='ocrx_word' id='word_1_752' title='bbox 1899 2078 2143 2122; x_wconf 73' lang='lat' dir='ltr'>praedicationis</span> 
     </span>
     <span class='ocr_line' id='line_1_107' title="bbox 1265 2123 2146 2170; baseline 0.006 -15"><span class='ocrx_word' id='word_1_753' title='bbox 1265 2123 1427 2163; x_wconf 60' lang='lat' dir='ltr'>subjeitm</span> <span class='ocrx_word' id='word_1_754' title='bbox 1455 2125 1562 2165; x_wconf 84' lang='lat' dir='ltr'>qualis</span> <span class='ocrx_word' id='word_1_755' title='bbox 1583 2125 1616 2157; x_wconf 69' lang='grc' dir='ltr'>ὅ(</span> <span class='ocrx_word' id='word_1_756' title='bbox 1641 2135 1763 2167; x_wconf 90' lang='lat' dir='ltr'>quanta</span> <span class='ocrx_word' id='word_1_757' title='bbox 1785 2127 1829 2159; x_wconf 78' lang='lat' dir='ltr'>est</span> <span class='ocrx_word' id='word_1_758' title='bbox 1854 2127 1918 2170; x_wconf 85' lang='lat' dir='ltr'>ipsa</span> <span class='ocrx_word' id='word_1_759' title='bbox 1932 2126 2146 2170; x_wconf 78' lang='lat' dir='ltr'>praedicatio:</span> 
     </span>
     <span class='ocr_line' id='line_1_108' title="bbox 1264 2172 2143 2221; baseline 0.006 -16"><span class='ocrx_word' id='word_1_760' title='bbox 1264 2174 1355 2216; x_wconf 86' lang='lat' dir='ltr'>atqui</span> <span class='ocrx_word' id='word_1_761' title='bbox 1367 2172 1431 2205; x_wconf 79' lang='lat' dir='ltr'>istae</span> <span class='ocrx_word' id='word_1_762' title='bbox 1442 2172 1686 2215; x_wconf 70' lang='lat' dir='ltr'>pmdicationes</span> <span class='ocrx_word' id='word_1_763' title='bbox 1698 2175 1772 2208; x_wconf 86' lang='lat' dir='ltr'>sunt</span> <span class='ocrx_word' id='word_1_764' title='bbox 1785 2177 1991 2218; x_wconf 84' lang='lat' dir='ltr'>particulares</span> <span class='ocrx_word' id='word_1_765' title='bbox 2013 2177 2143 2221; x_wconf 88' lang='lat' dir='ltr'>negati-</span> 
     </span>
     <span class='ocr_line' id='line_1_109' title="bbox 1265 2221 2141 2268; baseline 0.005 -13"><span class='ocrx_word' id='word_1_766' title='bbox 1265 2231 1318 2255; x_wconf 76' lang='lat' dir='ltr'>vae:</span> <span class='ocrx_word' id='word_1_767' title='bbox 1336 2223 1462 2264; x_wconf 69' lang='lat' dir='ltr'>aequiva</span> <span class='ocrx_word' id='word_1_768' title='bbox 1470 2222 1512 2256; x_wconf 91' lang='lat' dir='ltr'>let</span> <span class='ocrx_word' id='word_1_769' title='bbox 1520 2224 1609 2255; x_wconf 86' lang='lat' dir='ltr'>enim</span> <span class='ocrx_word' id='word_1_770' title='bbox 1621 2221 1671 2256; x_wconf 86' lang='lat' dir='ltr'>his</span> <span class='ocrx_word' id='word_1_771' title='bbox 1683 2248 1693 2263; x_wconf 96' lang='lat'>,</span> <span class='ocrx_word' id='word_1_772' title='bbox 1720 2226 1823 2266; x_wconf 70' lang='lat' dir='ltr'>Aliqui</span> <span class='ocrx_word' id='word_1_773' title='bbox 1842 2225 1973 2260; x_wconf 76' lang='lat' dir='ltr'>hommes</span> <span class='ocrx_word' id='word_1_774' title='bbox 1983 2237 2042 2258; x_wconf 79' lang='lat' dir='ltr'>non</span> <span class='ocrx_word' id='word_1_775' title='bbox 2063 2225 2141 2268; x_wconf 80' lang='lat' dir='ltr'>sunt</span> 
     </span>
     <span class='ocr_line' id='line_1_110' title="bbox 1258 2270 2144 2315; baseline 0.006 -13"><span class='ocrx_word' id='word_1_776' title='bbox 1258 2270 1330 2309; x_wconf 72' lang='lat' dir='ltr'>justi</span> <span class='ocrx_word' id='word_1_777' title='bbox 1344 2294 1356 2310; x_wconf 84' lang='lat'>‚</span> <span class='ocrx_word' id='word_1_778' title='bbox 1378 2272 1472 2313; x_wconf 76' lang='lat' dir='ltr'>aliqui</span> <span class='ocrx_word' id='word_1_779' title='bbox 1497 2271 1630 2305; x_wconf 75' lang='lat' dir='ltr'>homines</span> <span class='ocrx_word' id='word_1_780' title='bbox 1652 2282 1711 2304; x_wconf 86' lang='lat' dir='ltr'>non</span> <span class='ocrx_word' id='word_1_781' title='bbox 1726 2271 1952 2315; x_wconf 79' lang='lat' dir='ltr'>salvabuntur.</span> <span class='ocrx_word' id='word_1_782' title='bbox 1977 2276 2028 2309; x_wconf 75' lang='lat' dir='ltr'>Ita</span> <span class='ocrx_word' id='word_1_783' title='bbox 2050 2275 2144 2314; x_wconf 78' lang='lat' dir='ltr'>enim</span> 
     </span>
     <span class='ocr_line' id='line_1_111' title="bbox 1265 2320 2146 2366; baseline 0.002 -12"><span class='ocrx_word' id='word_1_784' title='bbox 1265 2320 1308 2354; x_wconf 89' lang='lat' dir='ltr'>ab</span> <span class='ocrx_word' id='word_1_785' title='bbox 1318 2320 1737 2366; x_wconf 76' lang='lat' dir='ltr'>omnibusintelliguntur.</span> <span class='ocrx_word' id='word_1_786' title='bbox 1766 2323 1809 2357; x_wconf 83' lang='lat' dir='ltr'>Et</span> <span class='ocrx_word' id='word_1_787' title='bbox 1820 2325 2049 2360; x_wconf 78' lang='lat' dir='ltr'>dumdici&#39;tur.</span> <span class='ocrx_word' id='word_1_788' title='bbox 2075 2329 2146 2357; x_wconf 77' lang='lat' dir='ltr'>Om-</span> 
     </span>
     <span class='ocr_line' id='line_1_112' title="bbox 1267 2369 2148 2419; baseline 0.005 -15"><span class='ocrx_word' id='word_1_789' title='bbox 1267 2381 1320 2404; x_wconf 87' lang='lat' dir='ltr'>nes</span> <span class='ocrx_word' id='word_1_790' title='bbox 1344 2369 1458 2412; x_wconf 68' lang='lat' dir='ltr'>Rudiofi</span> <span class='ocrx_word' id='word_1_791' title='bbox 1477 2382 1534 2404; x_wconf 86' lang='lat' dir='ltr'>non</span> <span class='ocrx_word' id='word_1_792' title='bbox 1543 2370 1614 2414; x_wconf 69' lang='lat' dir='ltr'>fitne</span> <span class='ocrx_word' id='word_1_793' title='bbox 1643 2373 1814 2416; x_wconf 67' lang='lat' dir='ltr'>diligenter,</span> <span class='ocrx_word' id='word_1_794' title='bbox 1827 2374 2148 2419; x_wconf 84' lang='lat' dir='ltr'>nemointelligitil-</span> 
     </span>
     <span class='ocr_line' id='line_1_113' title="bbox 1267 2421 2146 2468; baseline 0.006 -14"><span class='ocrx_word' id='word_1_795' title='bbox 1267 2422 1331 2454; x_wconf 88' lang='lat' dir='ltr'>lam</span> <span class='ocrx_word' id='word_1_796' title='bbox 1344 2421 1601 2464; x_wconf 82' lang='lat' dir='ltr'>propositionem</span> <span class='ocrx_word' id='word_1_797' title='bbox 1614 2421 1839 2457; x_wconf 85' lang='lat' dir='ltr'>universaliter</span> <span class='ocrx_word' id='word_1_798' title='bbox 1854 2450 1864 2466; x_wconf 93' lang='lat'>‚</span> <span class='ocrx_word' id='word_1_799' title='bbox 1876 2426 1967 2468; x_wconf 88' lang='lat' dir='ltr'>quod</span> <span class='ocrx_word' id='word_1_800' title='bbox 1982 2426 2066 2459; x_wconf 90' lang='lat' dir='ltr'>nulli</span> <span class='ocrx_word' id='word_1_801' title='bbox 2079 2425 2146 2459; x_wconf 86' lang='lat' dir='ltr'>sint</span> 
     </span>
     <span class='ocr_line' id='line_1_114' title="bbox 1266 2470 2144 2517; baseline 0 -11"><span class='ocrx_word' id='word_1_802' title='bbox 1266 2470 1441 2514; x_wconf 83' lang='lat' dir='ltr'>diligentes</span> <span class='ocrx_word' id='word_1_803' title='bbox 1466 2495 1476 2511; x_wconf 85' lang='lat'>,</span> <span class='ocrx_word' id='word_1_804' title='bbox 1514 2472 1568 2506; x_wconf 85' lang='lat' dir='ltr'>sed</span> <span class='ocrx_word' id='word_1_805' title='bbox 1596 2472 1649 2506; x_wconf 88' lang='lat' dir='ltr'>sed</span> <span class='ocrx_word' id='word_1_806' title='bbox 1662 2473 1873 2508; x_wconf 76' lang='lat' dir='ltr'>solummodo</span> <span class='ocrx_word' id='word_1_807' title='bbox 1884 2475 2144 2517; x_wconf 85' lang='lat' dir='ltr'>particulariter,</span> 
     </span>
     <span class='ocr_line' id='line_1_115' title="bbox 1267 2521 2142 2568; baseline 0.001 -13"><span class='ocrx_word' id='word_1_808' title='bbox 1267 2521 1355 2565; x_wconf 88' lang='lat' dir='ltr'>quod</span> <span class='ocrx_word' id='word_1_809' title='bbox 1371 2521 1473 2562; x_wconf 90' lang='lat' dir='ltr'>aliqui</span> <span class='ocrx_word' id='word_1_810' title='bbox 1486 2522 1569 2562; x_wconf 85' lang='lat' dir='ltr'>sint,</span> <span class='ocrx_word' id='word_1_811' title='bbox 1597 2523 1698 2565; x_wconf 89' lang='lat' dir='ltr'>aliqui</span> <span class='ocrx_word' id='word_1_812' title='bbox 1714 2523 1791 2555; x_wconf 76' lang='lat' dir='ltr'>vero</span> <span class='ocrx_word' id='word_1_813' title='bbox 1804 2535 1873 2556; x_wconf 88' lang='lat' dir='ltr'>non</span> <span class='ocrx_word' id='word_1_814' title='bbox 1886 2525 1945 2556; x_wconf 84' lang='lat' dir='ltr'>sint</span> <span class='ocrx_word' id='word_1_815' title='bbox 1954 2524 2142 2568; x_wconf 84' lang='lat' dir='ltr'>diligentes.</span> 
     </span>
     <span class='ocr_line' id='line_1_116' title="bbox 1267 2572 2142 2616; baseline 0 -10"><span class='ocrx_word' id='word_1_816' title='bbox 1267 2572 1371 2606; x_wconf 87' lang='lat' dir='ltr'>Tales</span> <span class='ocrx_word' id='word_1_817' title='bbox 1389 2572 1497 2614; x_wconf 87' lang='lat' dir='ltr'>itaque</span> <span class='ocrx_word' id='word_1_818' title='bbox 1510 2572 1744 2613; x_wconf 81' lang='lat' dir='ltr'>propositiones</span> <span class='ocrx_word' id='word_1_819' title='bbox 1757 2573 1831 2605; x_wconf 86' lang='lat' dir='ltr'>sunt</span> <span class='ocrx_word' id='word_1_820' title='bbox 1843 2573 2051 2616; x_wconf 84' lang='lat' dir='ltr'>particulares</span> <span class='ocrx_word' id='word_1_821' title='bbox 2062 2598 2070 2606; x_wconf 92' lang='lat'>.</span> <span class='ocrx_word' id='word_1_822' title='bbox 2087 2574 2142 2606; x_wconf 86' lang='lat' dir='ltr'>Er·</span> 
     </span>
     <span class='ocr_line' id='line_1_117' title="bbox 1266 2621 2144 2668; baseline 0.001 -12"><span class='ocrx_word' id='word_1_823' title='bbox 1266 2633 1311 2668; x_wconf 89' lang='lat' dir='ltr'>go</span> <span class='ocrx_word' id='word_1_824' title='bbox 1323 2621 1423 2654; x_wconf 88' lang='lat' dir='ltr'>etiam</span> <span class='ocrx_word' id='word_1_825' title='bbox 1434 2632 1548 2654; x_wconf 89' lang='lat' dir='ltr'>eorum</span> <span class='ocrx_word' id='word_1_826' title='bbox 1570 2622 1699 2665; x_wconf 88' lang='lat' dir='ltr'>signum</span> <span class='ocrx_word' id='word_1_827' title='bbox 1719 2621 1764 2655; x_wconf 87' lang='lat' dir='ltr'>est</span> <span class='ocrx_word' id='word_1_828' title='bbox 1793 2623 2005 2666; x_wconf 83' lang='lat' dir='ltr'>particulare;</span> <span class='ocrx_word' id='word_1_829' title='bbox 2032 2621 2144 2658; x_wconf 85' lang='lat' dir='ltr'>Adeo-</span> 
     </span>
     <span class='ocr_line' id='line_1_118' title="bbox 1267 2671 2143 2717; baseline 0.002 -12"><span class='ocrx_word' id='word_1_830' title='bbox 1267 2683 1330 2717; x_wconf 87' lang='lat' dir='ltr'>que</span> <span class='ocrx_word' id='word_1_831' title='bbox 1351 2671 1485 2715; x_wconf 89' lang='lat' dir='ltr'>negatio</span> <span class='ocrx_word' id='word_1_832' title='bbox 1499 2671 1592 2715; x_wconf 89' lang='lat' dir='ltr'>signo</span> <span class='ocrx_word' id='word_1_833' title='bbox 1605 2671 1779 2713; x_wconf 86' lang='lat' dir='ltr'>postposita</span> <span class='ocrx_word' id='word_1_834' title='bbox 1789 2674 1930 2707; x_wconf 87' lang='lat' dir='ltr'>mutavit</span> <span class='ocrx_word' id='word_1_835' title='bbox 1944 2684 2013 2707; x_wconf 87' lang='lat' dir='ltr'>non</span> <span class='ocrx_word' id='word_1_836' title='bbox 2038 2673 2143 2708; x_wconf 84' lang='lat' dir='ltr'>solam</span> 
     </span>
     <span class='ocr_line' id='line_1_119' title="bbox 1267 2720 2143 2767; baseline -0.001 -11"><span class='ocrx_word' id='word_1_837' title='bbox 1267 2720 1578 2767; x_wconf 82' lang='lat' dir='ltr'>signiqualitatem‚</span> <span class='ocrx_word' id='word_1_838' title='bbox 1602 2721 1656 2754; x_wconf 87' lang='lat' dir='ltr'>sed</span> <span class='ocrx_word' id='word_1_839' title='bbox 1672 2721 1772 2755; x_wconf 88' lang='lat' dir='ltr'>etiam</span> <span class='ocrx_word' id='word_1_840' title='bbox 1784 2725 2021 2765; x_wconf 85' lang='lat' dir='ltr'>quantitatem.</span> <span class='ocrx_word' id='word_1_841' title='bbox 2050 2721 2143 2766; x_wconf 69' lang='lat' dir='ltr'>Resp.</span> 
     </span>
     <span class='ocr_line' id='line_1_120' title="bbox 1269 2770 2147 2815; baseline 0 -8"><span class='ocrx_word' id='word_1_842' title='bbox 1269 2774 1394 2808; x_wconf 90' lang='lat' dir='ltr'>Verum</span> <span class='ocrx_word' id='word_1_843' title='bbox 1407 2772 1469 2805; x_wconf 76' lang='lat' dir='ltr'>eise</span> <span class='ocrx_word' id='word_1_844' title='bbox 1480 2796 1490 2812; x_wconf 94' lang='lat'>,</span> <span class='ocrx_word' id='word_1_845' title='bbox 1517 2770 1608 2813; x_wconf 85' lang='lat' dir='ltr'>quod</span> <span class='ocrx_word' id='word_1_846' title='bbox 1633 2770 1713 2805; x_wconf 90' lang='lat' dir='ltr'>tales</span> <span class='ocrx_word' id='word_1_847' title='bbox 1724 2772 1961 2814; x_wconf 82' lang='lat' dir='ltr'>propositiones</span> <span class='ocrx_word' id='word_1_848' title='bbox 1972 2798 1983 2815; x_wconf 95' lang='lat'>,</span> <span class='ocrx_word' id='word_1_849' title='bbox 2010 2783 2079 2807; x_wconf 86' lang='lat' dir='ltr'>non</span> <span class='ocrx_word' id='word_1_850' title='bbox 2092 2775 2147 2807; x_wconf 84' lang='lat' dir='ltr'>so·</span> 
     </span>
     <span class='ocr_line' id='line_1_121' title="bbox 1267 2820 2145 2867; baseline 0.002 -11"><span class='ocrx_word' id='word_1_851' title='bbox 1267 2824 1335 2859; x_wconf 75' lang='lat' dir='ltr'>lum</span> <span class='ocrx_word' id='word_1_852' title='bbox 1348 2822 1434 2865; x_wconf 88' lang='lat' dir='ltr'>apud</span> <span class='ocrx_word' id='word_1_853' title='bbox 1446 2820 1616 2856; x_wconf 67' lang='lat' dir='ltr'>indoctum</span> <span class='ocrx_word' id='word_1_854' title='bbox 1630 2820 1764 2865; x_wconf 87' lang='lat' dir='ltr'>vulgus,</span> <span class='ocrx_word' id='word_1_855' title='bbox 1795 2820 1847 2856; x_wconf 84' lang='lat' dir='ltr'>sed</span> <span class='ocrx_word' id='word_1_856' title='bbox 1859 2824 1959 2858; x_wconf 89' lang='lat' dir='ltr'>etiam</span> <span class='ocrx_word' id='word_1_857' title='bbox 1971 2823 2055 2867; x_wconf 88' lang='lat' dir='ltr'>apud</span> <span class='ocrx_word' id='word_1_858' title='bbox 2067 2822 2145 2858; x_wconf 85' lang='lat' dir='ltr'>doc-</span> 
     </span>
     <span class='ocr_line' id='line_1_122' title="bbox 1268 2869 2144 2915; baseline 0.001 -8"><span class='ocrx_word' id='word_1_859' title='bbox 1268 2886 1319 2910; x_wconf 86' lang='lat' dir='ltr'>tos</span> <span class='ocrx_word' id='word_1_860' title='bbox 1332 2870 1574 2915; x_wconf 73' lang='lat' dir='ltr'>philosophos,</span> <span class='ocrx_word' id='word_1_861' title='bbox 1601 2869 1828 2915; x_wconf 85' lang='lat' dir='ltr'>Theologos‚</span> <span class='ocrx_word' id='word_1_862' title='bbox 1856 2872 2009 2915; x_wconf 83' lang='lat' dir='ltr'>Juristas‚</span> <span class='ocrx_word' id='word_1_863' title='bbox 2036 2874 2144 2908; x_wconf 85' lang='lat' dir='ltr'>immo</span> 
     </span>
     <span class='ocr_line' id='line_1_123' title="bbox 1269 2922 2144 2968; baseline -0.001 -10"><span class='ocrx_word' id='word_1_864' title='bbox 1269 2926 1301 2959; x_wconf 73' lang='lat' dir='ltr'>&lt;Sc</span> <span class='ocrx_word' id='word_1_865' title='bbox 1314 2923 1400 2968; x_wconf 86' lang='lat' dir='ltr'>apud</span> <span class='ocrx_word' id='word_1_866' title='bbox 1413 2923 1538 2956; x_wconf 71' lang='lat' dir='ltr'>sanctos</span> <span class='ocrx_word' id='word_1_867' title='bbox 1550 2922 1679 2962; x_wconf 87' lang='lat' dir='ltr'>Patres,</span> <span class='ocrx_word' id='word_1_868' title='bbox 1704 2922 1786 2955; x_wconf 89' lang='lat' dir='ltr'>acin</span> <span class='ocrx_word' id='word_1_869' title='bbox 1799 2922 1872 2965; x_wconf 90' lang='lat' dir='ltr'>ipso</span> <span class='ocrx_word' id='word_1_870' title='bbox 1895 2923 2068 2958; x_wconf 87' lang='lat' dir='ltr'>Contextu</span> <span class='ocrx_word' id='word_1_871' title='bbox 2090 2924 2144 2957; x_wconf 91' lang='lat' dir='ltr'>Sa·</span> 
     </span>
     <span class='ocr_line' id='line_1_124' title="bbox 1268 2969 2143 3017; baseline -0.003 -8"><span class='ocrx_word' id='word_1_872' title='bbox 1268 2987 1326 3009; x_wconf 88' lang='lat' dir='ltr'>cro</span> <span class='ocrx_word' id='word_1_873' title='bbox 1340 2998 1351 3014; x_wconf 87' lang='lat'>‚</span> <span class='ocrx_word' id='word_1_874' title='bbox 1376 2973 1578 3017; x_wconf 87' lang='lat' dir='ltr'>accipiantur</span> <span class='ocrx_word' id='word_1_875' title='bbox 1587 2972 1622 3006; x_wconf 76' lang='grc' dir='ltr'>δε</span> <span class='ocrx_word' id='word_1_876' title='bbox 1635 2971 1863 3015; x_wconf 87' lang='lat' dir='ltr'>intelligantur</span> <span class='ocrx_word' id='word_1_877' title='bbox 1874 2985 1933 3016; x_wconf 89' lang='lat' dir='ltr'>pro</span> <span class='ocrx_word' id='word_1_878' title='bbox 1944 2969 2143 3017; x_wconf 88' lang='lat' dir='ltr'>particulari·</span> 
     </span>
     <span class='ocr_line' id='line_1_125' title="bbox 1268 3022 2144 3068; baseline -0.003 -9"><span class='ocrx_word' id='word_1_879' title='bbox 1268 3026 1356 3068; x_wconf 86' lang='lat' dir='ltr'>bus;</span> <span class='ocrx_word' id='word_1_880' title='bbox 1396 3034 1432 3058; x_wconf 91' lang='lat' dir='ltr'>ut</span> <span class='ocrx_word' id='word_1_881' title='bbox 1457 3033 1688 3067; x_wconf 84' lang='lat' dir='ltr'>argumentum</span> <span class='ocrx_word' id='word_1_882' title='bbox 1716 3022 1796 3056; x_wconf 86' lang='lat' dir='ltr'>bene</span> <span class='ocrx_word' id='word_1_883' title='bbox 1824 3023 1964 3066; x_wconf 86' lang='lat' dir='ltr'>probat;</span> <span class='ocrx_word' id='word_1_884' title='bbox 1993 3023 2144 3065; x_wconf 88' lang='lat' dir='ltr'>adeoque</span> 
     </span>
     <span class='ocr_line' id='line_1_126' title="bbox 1269 3071 2143 3119; baseline -0.005 -10"><span class='ocrx_word' id='word_1_885' title='bbox 1269 3076 1359 3119; x_wconf 89' lang='lat' dir='ltr'>quod</span> <span class='ocrx_word' id='word_1_886' title='bbox 1387 3074 1522 3118; x_wconf 87' lang='lat' dir='ltr'>negatio</span> <span class='ocrx_word' id='word_1_887' title='bbox 1550 3074 1643 3117; x_wconf 87' lang='lat' dir='ltr'>signo</span> <span class='ocrx_word' id='word_1_888' title='bbox 1671 3071 1841 3116; x_wconf 83' lang='lat' dir='ltr'>postposita</span> <span class='ocrx_word' id='word_1_889' title='bbox 1867 3071 1908 3106; x_wconf 88' lang='lat' dir='ltr'>de</span> <span class='ocrx_word' id='word_1_890' title='bbox 1935 3073 2020 3106; x_wconf 57' lang='lat' dir='ltr'>facto</span> <span class='ocrx_word' id='word_1_891' title='bbox 2034 3082 2143 3106; x_wconf 80' lang='lat' dir='ltr'>mutet</span> 
     </span>
     <span class='ocr_line' id='line_1_127' title="bbox 1269 3122 2144 3169; baseline -0.003 -10"><span class='ocrx_word' id='word_1_892' title='bbox 1269 3126 1353 3169; x_wconf 88' lang='lat' dir='ltr'>signi</span> <span class='ocrx_word' id='word_1_893' title='bbox 1380 3125 1597 3168; x_wconf 81' lang='lat' dir='ltr'>qualitatem,</span> <span class='ocrx_word' id='word_1_894' title='bbox 1625 3133 1663 3157; x_wconf 83' lang='lat' dir='ltr'>ac</span> <span class='ocrx_word' id='word_1_895' title='bbox 1687 3122 1786 3156; x_wconf 89' lang='lat' dir='ltr'>etiam</span> <span class='ocrx_word' id='word_1_896' title='bbox 1797 3123 2036 3164; x_wconf 78' lang='lat' dir='ltr'>quantitatem.</span> <span class='ocrx_word' id='word_1_897' title='bbox 2063 3123 2144 3156; x_wconf 86' lang='lat' dir='ltr'>Hoc</span> 
     </span>
     <span class='ocr_line' id='line_1_128' title="bbox 1269 3172 2143 3217; baseline -0.005 -8"><span class='ocrx_word' id='word_1_898' title='bbox 1269 3186 1378 3210; x_wconf 88' lang='lat' dir='ltr'>tamen</span> <span class='ocrx_word' id='word_1_899' title='bbox 1407 3185 1473 3208; x_wconf 89' lang='lat' dir='ltr'>non</span> <span class='ocrx_word' id='word_1_900' title='bbox 1503 3173 1581 3208; x_wconf 86' lang='lat' dir='ltr'>facit</span> <span class='ocrx_word' id='word_1_901' title='bbox 1606 3172 1783 3207; x_wconf 26' lang='lat' dir='ltr'>exenativa</span> <span class='ocrx_word' id='word_1_902' title='bbox 1809 3172 1932 3206; x_wconf 89' lang='lat' dir='ltr'>virtute</span> <span class='ocrx_word' id='word_1_903' title='bbox 1957 3172 2143 3217; x_wconf 72' lang='lat' dir='ltr'>originariae</span> 
     </span>
     <span class='ocr_line' id='line_1_129' title="bbox 1271 3220 2145 3269; baseline -0.006 -10"><span class='ocrx_word' id='word_1_904' title='bbox 1271 3226 1332 3259; x_wconf 82' lang='lat' dir='ltr'>suae</span> <span class='ocrx_word' id='word_1_905' title='bbox 1359 3224 1628 3269; x_wconf 85' lang='lat' dir='ltr'>significationis;</span> <span class='ocrx_word' id='word_1_906' title='bbox 1679 3220 1732 3256; x_wconf 89' lang='lat' dir='ltr'>sed</span> <span class='ocrx_word' id='word_1_907' title='bbox 1758 3232 1800 3255; x_wconf 87' lang='lat' dir='ltr'>ex</span> <span class='ocrx_word' id='word_1_908' title='bbox 1825 3223 1997 3256; x_wconf 85' lang='lat' dir='ltr'>communi</span> <span class='ocrx_word' id='word_1_909' title='bbox 2022 3222 2145 3257; x_wconf 89' lang='lat' dir='ltr'>intelli·</span> 
     </span>
     <span class='ocr_line' id='line_1_130' title="bbox 1270 3271 2143 3321; baseline -0.005 -13"><span class='ocrx_word' id='word_1_910' title='bbox 1270 3276 1420 3321; x_wconf 88' lang='lat' dir='ltr'>gentium</span> <span class='ocrx_word' id='word_1_911' title='bbox 1438 3276 1497 3308; x_wconf 91' lang='lat' dir='ltr'>usu</span> <span class='ocrx_word' id='word_1_912' title='bbox 1517 3299 1528 3315; x_wconf 95' lang='lat'>,</span> <span class='ocrx_word' id='word_1_913' title='bbox 1555 3276 1610 3318; x_wconf 88' lang='lat' dir='ltr'>qui</span> <span class='ocrx_word' id='word_1_914' title='bbox 1638 3271 1699 3307; x_wconf 85' lang='lat' dir='ltr'>hac</span> <span class='ocrx_word' id='word_1_915' title='bbox 1726 3271 1761 3304; x_wconf 89' lang='lat' dir='ltr'>in</span> <span class='ocrx_word' id='word_1_916' title='bbox 1788 3282 1878 3314; x_wconf 85' lang='lat' dir='ltr'>parte</span> <span class='ocrx_word' id='word_1_917' title='bbox 1906 3284 1965 3316; x_wconf 88' lang='lat' dir='ltr'>pro</span> <span class='ocrx_word' id='word_1_918' title='bbox 1994 3272 2143 3316; x_wconf 87' lang='lat' dir='ltr'>negatio·-</span> 
     </span>
     <span class='ocr_line' id='line_1_131' title="bbox 1273 3321 2143 3368; baseline -0.003 -11"><span class='ocrx_word' id='word_1_919' title='bbox 1273 3335 1312 3357; x_wconf 90' lang='lat' dir='ltr'>ne</span> <span class='ocrx_word' id='word_1_920' title='bbox 1327 3325 1499 3368; x_wconf 82' lang='lat' dir='ltr'>postposita</span> <span class='ocrx_word' id='word_1_921' title='bbox 1523 3324 1650 3358; x_wconf 90' lang='lat' dir='ltr'>fortiter</span> <span class='ocrx_word' id='word_1_922' title='bbox 1673 3322 1876 3366; x_wconf 63' lang='lat' dir='ltr'>praescripsit,</span> <span class='ocrx_word' id='word_1_923' title='bbox 1899 3323 2028 3366; x_wconf 79' lang='lat' dir='ltr'>ejusque</span> <span class='ocrx_word' id='word_1_924' title='bbox 2048 3321 2143 3354; x_wconf 90' lang='lat' dir='ltr'>rnali-</span> 
     </span>
     <span class='ocr_line' id='line_1_132' title="bbox 1272 3371 2143 3420; baseline -0.001 -13"><span class='ocrx_word' id='word_1_925' title='bbox 1272 3375 1433 3420; x_wconf 89' lang='lat' dir='ltr'>gnitatem</span> <span class='ocrx_word' id='word_1_926' title='bbox 1446 3374 1587 3409; x_wconf 86' lang='lat' dir='ltr'>multum</span> <span class='ocrx_word' id='word_1_927' title='bbox 1610 3371 1796 3415; x_wconf 89' lang='lat' dir='ltr'>ampliavit.</span> <span class='ocrx_word' id='word_1_928' title='bbox 1827 3372 1878 3405; x_wconf 83' lang='lat' dir='ltr'>Ex</span> <span class='ocrx_word' id='word_1_929' title='bbox 1900 3371 2143 3416; x_wconf 81' lang='lat' dir='ltr'>significatione</span> 
     </span>
     <span class='ocr_line' id='line_1_133' title="bbox 1274 3421 2146 3468; baseline -0.008 -9"><span class='ocrx_word' id='word_1_930' title='bbox 1274 3424 1364 3460; x_wconf 90' lang='lat' dir='ltr'>enim</span> <span class='ocrx_word' id='word_1_931' title='bbox 1392 3426 1447 3459; x_wconf 90' lang='lat' dir='ltr'>sua</span> <span class='ocrx_word' id='word_1_932' title='bbox 1473 3423 1651 3468; x_wconf 86' lang='lat' dir='ltr'>originaria</span> <span class='ocrx_word' id='word_1_933' title='bbox 1676 3421 1763 3455; x_wconf 85' lang='lat' dir='ltr'>nihil</span> <span class='ocrx_word' id='word_1_934' title='bbox 1790 3422 1892 3466; x_wconf 86' lang='lat' dir='ltr'>potest</span> <span class='ocrx_word' id='word_1_935' title='bbox 1919 3424 1953 3455; x_wconf 92' lang='lat' dir='ltr'>in</span> <span class='ocrx_word' id='word_1_936' title='bbox 1978 3422 2146 3464; x_wconf 75' lang='lat' dir='ltr'>quantita.</span> 
     </span>
     <span class='ocr_line' id='line_1_134' title="bbox 1272 3471 2149 3522; baseline -0.006 -10"><span class='ocrx_word' id='word_1_937' title='bbox 1272 3486 1336 3513; x_wconf 83' lang='lat' dir='ltr'>tem</span> <span class='ocrx_word' id='word_1_938' title='bbox 1353 3500 1370 3521; x_wconf 82' lang='lat'>,</span> <span class='ocrx_word' id='word_1_939' title='bbox 1406 3474 1461 3511; x_wconf 78' lang='lat' dir='ltr'>sed</span> <span class='ocrx_word' id='word_1_940' title='bbox 1487 3475 1523 3511; x_wconf 86' lang='lat' dir='ltr'>in</span> <span class='ocrx_word' id='word_1_941' title='bbox 1549 3473 1653 3510; x_wconf 79' lang='lat' dir='ltr'>solam</span> <span class='ocrx_word' id='word_1_942' title='bbox 1678 3472 1761 3522; x_wconf 80' lang='lat' dir='ltr'>signi</span> <span class='ocrx_word' id='word_1_943' title='bbox 1787 3496 1798 3517; x_wconf 81' lang='lat'><strong>,</strong></span> <span class='ocrx_word' id='word_1_944' title='bbox 1836 3472 1891 3509; x_wconf 86' lang='lat' dir='ltr'>cui</span> <span class='ocrx_word' id='word_1_945' title='bbox 1917 3471 2149 3519; x_wconf 82' lang='lat' dir='ltr'>postponitur,</span> 
     </span>
    </p>

    <p class='ocr_par' dir='ltr' id='par_1_10' title="bbox 2028 3532 2105 3568">
     <span class='ocr_line' id='line_1_135' title="bbox 2028 3532 2105 3568; baseline 0.026 -12"><span class='ocrx_word' id='word_1_946' title='bbox 2028 3532 2105 3568; x_wconf 81' lang='lat' dir='ltr'>qua-</span> 
     </span>
    </p>
   </div>
  </div>
 </body>
</html>
