2384 3770
538 166 731 229 Qua-1).
768 164 964 209 Cinea
997 159 1233 216 AEQJ1v.
1270 160 1414 204 Voc.
1453 161 1633 220 Quies.

297 254 403 286 treitaes
415 250 488 284 sunt
497 250 697 292 aequivocata
707 272 718 288 ,
744 258 783 282 ac
794 243 887 280 simul
898 244 1009 299 forma
1018 241 1154 285 equivo-

296 310 406 337 cantes
413 324 421 334 .
450 298 627 334 Considera
637 299 725 333 enim
735 297 770 331 &-
781 297 825 337 ita
836 302 1026 337 comperies.

346 361 399 399 33.
420 350 525 384 Verum
542 347 786 393 peteraQare
797 345 973 378 univocata
986 341 1153 376 vocisuni-

295 412 382 435 vocae
400 399 555 435 abstracta
577 409 646 433 non
667 395 784 439 poffint
805 395 867 427 effe
887 393 956 437 ejus
978 392 1156 437 significata

292 450 442 494 primaria
459 474 471 490 ,
495 451 543 484 uti
566 449 695 492 poliunt
714 446 776 479 effe
796 443 995 487 aequivocata
1018 444 1155 485 respestu

292 501 384 535 vocis
403 499 562 535 abstrafiz
581 496 755 541 aequivocae
771 495 784 527 ἔ
825 491 992 538 Respondeo
1011 498 1154 527 rationem

291 552 341 594 effi:
359 549 479 591 facilem
489 555 505 583 .-‘
527 546 615 594 Qia
639 544 790 578 videlicet
813 545 990 578 univocata
1002 543 1089 577 vocis
1103 542 1155 576 ab·

291 601 408 637 straciae
427 598 546 632 debent
565 597 628 630 effe
649 595 802 629 inferiora
822 594 935 629 formae
967 604 1023 638 per
1042 592 1156 629 abstra-

286 651 371 683 ssam
382 658 496 683 vocem
506 645 724 691 principaliter
744 644 928 690 fignificatae
939 658 950 678 .·
976 644 1097 678 etenim
1110 643 1154 676 es-

285 700 324 735 se
333 697 456 733 debent
476 697 652 742 significata
675 696 814 730 formam
826 694 1044 738 principaliter
1054 692 1153 738 figni-

288 747 541 783 ficatameodem
564 746 667 782 modo
680 745 902 789 participantia
912 769 921 777 .
949 745 995 779 At
1006 742 1080 777 vero
1092 754 1154 776 vo-

291 798 338 834 cis
357 797 517 832 abssrastae
543 797 740 841 aequivocata
761 800 829 830 n'on
841 795 960 829 debent
970 795 1034 829 effe
1045 795 1152 827 format

289 846 510 891 principaliter
529 846 713 891 siguificatae
733 844 908 887 inferiora;
935 843 988 878 sed
1009 843 1071 878 effe
1082 843 1152 886 pos·

288 898 365 932 sunt
381 898 451 942 ipsae
472 899 585 933 sbrmae
605 907 660 940 per
681 905 794 929 vocem
817 893 1016 938 aequivocam
1038 891 1153 926 abstra-

287 947 372 982 &am
394 945 612 991 principaliter
634 943 819 989 significatae
838 967 847 976 .
871 943 976 985 Atqui
998 942 1152 977 inferiora

282 998 398 1032 «formae
419 995 637 1041 principaliter
656 993 839 1039 fignificatae
859 1002 1024 1038 nequeunt
1044 993 1106 1026 effe
1118 992 1153 1026 si-

284 1047 441 1093 gnificata
462 1045 676 1091 principalia3
704 1044 752 1078 uti
776 1044 908 1088 possunt
924 1043 1070 1087 esseipsae
1090 1043 1153 1076 for-

278 1103 345 1132 'mae
366 1097 587 1142 principaliter
607 1095 791 1140 fignificatae
807 1119 816 1128 .
843 1093 935 1139 Ergo
954 1093 1037 1127 clara
1047 1092 1092 1126 est
1106 1104 1156 1127 ra-

280 1147 334 1181 tio
356 1172 367 1190 ‚
393 1158 450 1182 cur
474 1147 583 1192 potius
606 1143 804 1190 aequivocata
827 1168 839 1185 ,
864 1155 960 1188 quam
976 1144 1152 1178 univocata

285 1197 348 1232 effe
369 1197 487 1242 poffint
517 1196 606 1232 vocis
629 1195 788 1231 abstraaae
812 1193 1012 1239 'principalia
1032 1191 1152 1238 fignifi-

285 1257 375 1282 cata.
792 1262 795 1264 ·

488 1318 832 1380 'nulnum
881 1343 927 1379 v.

382 1446 536 1490 ,Quaedam
561 1449 638 1481 cIrcae
658 1448 841 1486 aequivocam
860 1453 962 1477 vocem
973 1452 1051 1486 quae-

622 1493 796 1534 sttunculae.

286 1603 338 1643 34.
365 1593 431 1680 P
445 1598 522 1629 Etes
544 1597 666 1637 prima.-
693 1604 736 1628 an
756 1590 869 1628 eadem
896 1602 962 1626 vox
986 1591 1081 1635 poffit
1090 1593 1153 1626 esle

461 1645 625 1689 aequivoca
642 1642 779 1678 simul&
791 1643 950 1677 univoca:
978 1640 1152 1684 Resp.affir-

280 1697 416 1729 marive:
444 1694 546 1740 quue
569 1706 636 1729 non
658 1694 763 1728 solum
777 1694 916 1736 respeau
930 1691 1152 1735 diversorum;

280 1744 335 1779 sed
367 1746 466 1780 etiam
497 1746 639 1788 respectu
671 1743 849 1778 eorundem
874 1742 1149 1787 fignificatorum.

279 1797 416 1829 Primum
422 1803 509 1839 patet
521 1807 528 1828 :
541 1794 630 1829 Nam
647 1804 712 1829 vox
721 1793 823 1838 gallus
835 1793 980 1836 respectu
994 1791 1073 1837 galli
1086 1792 1152 1837 gal·

278 1844 420 1886 linacei,
448 1846 483 1880 δι
507 1844 654 1880 hominis
675 1844 709 1879 in
722 1843 834 1879 Gallia
846 1843 936 1883 nati,
963 1841 1151 1886 aequivoca,

277 1895 419 1938 respestu
437 1895 579 1930 duorum
603 1894 778 1930 hominurn
802 1895 835 1928 in
850 1893 958 1927 Gallia
972 1903 1123 1927 natorum
1136 1905 1150 1935 ‚-

278 1945 365 1978 verb.
387 1956 433 1988 gr.
451 1946 591 1988 respeau
615 1944 760 1978 hominis
781 1942 1002 1976 Parifienfis&
1016 1942 1150 1986 Lugdu·

277 1993 386 2030 nensis
397 1994 442 2027 est
454 1994 596 2028 univoca
606 2017 614 2024 .
638 1993 780 2025 Similiter
791 2005 802 2023 .-
815 1990 896 2024 Vox
908 1992 996 2030 lupus
1008 1992 1149 2032 respestu

277 2041 419 2077 duorum
442 2041 616 2077 hominum
641 2041 686 2075 ita
699 2050 890 2074 vocatorum
902 2038 948 2073 est
959 2039 1125 2081 aequivoca
1138 2051 1148 2081 ;

275 2101 310 2124 ar
331 2089 408 2123 vero
429 2090 567 2131 respestu
589 2090 730 2124 duorum
741 2089 909 2122 brutorum
922 2087 968 2120 est
985 2089 1127 2120 univoca
1139 2112 1146 2119 .

275 2140 368 2172 Patet
377 2143 469 2172 ettam
475 2135 638 2180 secundum
650 2148 662 2170 .·
689 2136 778 2170 Nam
798 2146 863 2169 vox
874 2134 1066 2175 christianus
1079 2137 1143 2169 res-

273 2180 366 2233 pe'ssu
387 2187 529 2221 duorum
549 2185 747 2225 hominum,
776 2184 834 2229 qui
852 2184 950 2218 ambo
967 2181 1145 2219 Christiani

273 2246 433 2272 vocantur
446 2261 458 2277 ‚
484 2237 518 2270 δε
530 2235 707 2269 Christiani
729 2236 804 2268 sunt
815 2259 827 2275 ,
853 2233 937 2269 verb.
948 2245 996 2278 gr.
1005 2236 1145 2278 respectu

273 2287 338 2321 mei
350 2310 362 2326 ,
385 2287 421 2319 dc
432 2286 569 2329 respeau
583 2285 722 2328 parentis
733 2284 798 2316 mei
810 2282 855 2316 est
870 2283 964 2316 simul
976 2284 1142 2326 aequivoca

272 2336 308 2371 δε
334 2336 493 2369 univoca.
521 2334 680 2368 Attamen
697 2333 835 2365 “ratione
861 2332 1062 2365 diversorum
1074 2333 1142 2366 suo·

272 2395 345 2420 rum
363 2384 614 2429 significatorum
632 2381 820 2416 formalium
844 2393 853 2413 :
887 2379 974 2415 unde
995 2381 1086 2415 nulla
1109 2382 1142 2416 in

272 2434 340 2469 hoc
359 2430 498 2479 negotio
519 2432 738 2467 committitur
747 2430 984 2471 contradictio,
1010 2430 1143 2466 autim-

270 2484 445 2528 plicantia.
473 2483 507 2518 Si
530 2493 673 2526 namque
694 2480 831 2516 voxista
841 2479 983 2515 sumatur
995 2490 1089 2524 prout
1101 2481 1143 2516 de

270 2533 400 2568 formali
420 2532 581 2580 significat
599 2531 722 2566 nostras
743 2529 944 2565 haeeceitates
965 2531 1017 2564 seu
1037 2531 1141 2575 singu·

270 2583 433 2625 Iaritates,
461 2593 542 2617 tunc
563 2582 609 2617 est
631 2581 797 2629 aequivoca
808 2593 823 2622 ;
850 2580 929 2614 sicut
949 2580 994 2614 est
1010 2592 1075 2614 vox
1088 2583 1139 2615 Pe-

270 2630 336 2667 m'cs
355 2634 496 2677 respeciu
515 2632 657 2665 duorum
682 2630 867 2665 Petrotum.
900 2629 934 2664 Si
945 2629 1020 2663 vero
1034 2629 1136 2664 firma·

268 2691 322 2716 tur
342 2692 439 2726 prout
461 2681 501 2715 de
523 2681 652 2715 formali
678 2681 827 2720 cultum,
852 2692 890 2713 ac
910 2680 1137 2723 profeffionem

267 2729 361 2767 Fidei
389 2730 580 2767 Christianae
603 2730 784 2773 significat,
810 2740 887 2763 tunc
914 2729 958 2762 est
979 2731 1137 2764 univoca:

267 2783 347 2816 sicut
367 2792 434 2816 vox
453 2780 538 2814 albus
549 2779 684 2823 respe&u
695 2778 837 2812 duorum
853 2778 1000 2812 alborum
1014 2803 1021 2811 .
1047 2780 1137 2814 ldem

267 2831 442 2866 dicendum
462 2830 506 2864 est
528 2828 570 2869 de
596 2840 677 2864 voce
693 2833 763 2871 ptus
778 2829 917 2870 respectu
928 2826 1066 2863 duorum
1079 2829 1135 2864 ho-

265 2881 420 2922 minum,
445 2880 502 2923 qui
528 2878 627 2914 ambo
653 2878 699 2923 pii
725 2888 907 2918 vocantur,
934 2878 1133 2921 &piisunt.

265 2931 350 2966 Item
376 2931 417 2966 de
443 2941 525 2965 voce
530 2927 628 2972 justu's
640 2930 777 2973 respeau
789 2928 927 2962 duorum
939 2925 1111 2963 hominum
1124 2954 1135 2971 ,

265 2980 321 3027 qui
336 2980 411 3024 justi
434 2990 614 3021 vocantur,
639 2991 676 3014 ac
686 2979 760 3022 justi
774 2980 866 3017 sunt,
897 2978 960 3011 διε.

317 3041 371 3078 35.
399 3033 488 3065 Petes
506 3029 658 3073 secundo.-
686 3028 777 3075 Qid
801 3029 839 3062 sit
862 3037 976 3061 vocem
997 3029 1134 3071 aequivo·

264 3092 337 3116 cam
347 3081 418 3124 capi
443 3079 605 3125 aequivoce
618 3080 634 3112 ἓ
659 3078 746 3122 Resp.
760 3078 839 3113 Hoc
853 3076 939 3111 nihil
949 3077 1011 3111 effe
1022 3077 1111 3127 aliud
1125 3101 1136 3117 ,

264 3142 363 3174 quam
386 3141 498 3166 vocem
521 3130 721 3175 aequivocam
742 3129 776 3162 in
802 3127 963 3163 orationis
973 3137 1130 3163 contextu

262 3181 423 3224 supponi,
450 3193 486 3215 ac
510 3181 656 3225 usurpari
679 3190 737 3224 pro
758 3177 905 3223 pluribus
919 3177 981 3210 suis
991 3177 1132 3222 aequivo-

262 3231 344 3265 catis
371 3230 484 3263 simul:
509 3230 594 3265 verb.
608 3241 654 3275 gr.
675 3242 741 3264 vox
763 3229 865 3273 gallus
878 3238 944 3260 vox
964 3229 1129 3272 aequivoca

261 3279 328 3322 est3
356 3279 554 3323 aequivocata
564 3280 632 3323 ejus
655 3281 728 3314 sunt
740 3276 1069 3324 gailusgallinaceus,
1097 3280 1130 3313 &

261 3329 365 3373 homo
374 3341 414 3364 ex
425 3330 535 3364 Gallia
547 3329 721 3364 oriundus:
747 3328 878 3373 quando
899 3337 976 3372 ergo
988 3327 1046 3362 ista
1057 3339 1123 3363 vox

261 3380 298 3412 in
322 3379 438 3414 eodem
459 3379 617 3414 orationis
631 3391 790 3414 contextu
818 3380 1066 3421 supponeretur,
1093 3390 1130 3412 ac

261 3430 459 3474 usurparetur
483 3441 540 3473 pro
562 3439 701 3474 utroque
722 3429 784 3464 isto
805 3430 862 3463 suo
875 3427 1076 3471 aequivocato
1096 3429 1128 3462 si-

261 3478 350 3520 mul,
378 3489 456 3516 tunc
469 3478 837 3523 sumeretutaequivoce:
864 3478 942 3522 quia
958 3478 1130 3514 sumeretur

1961 178 1975 207 1
1991 164 2014 207 8
2029 179 2048 220 3

1221 251 1279 284 pro
1301 240 1364 276 suis
1388 242 1596 285 aequivocatis
1622 267 1629 274 .
1656 243 1801 280 Multum
1829 258 1909 292 ergo
1933 245 2086 280 differunt

1221 290 1287 324 haec
1310 291 1400 326 duo:
1428 302 1541 326 vocem
1565 291 1707 335 aliquam
1722 318 1731 332 ,
1759 308 1784 327 v.
1798 308 1827 340 g.
1854 307 1966 331 vocem
1985 297 2087 341 gallus

1217 342 1280 375 effe
1291 343 1490 383 aequivocam
1502 366 1513 382 ‚
1539 342 1573 376 ὅ(
1586 353 1698 375 vocem
1706 345 1803 385 gallus
1815 348 1884 389 capi
1897 346 2062 390 aequivoce
2073 371 2081 378 .

1220 390 1386 425 Differunt
1396 393 1485 426 enim
1495 403 1537 427 eo
1548 392 1649 425 modo
1661 403 1746 435 ‚quo
1757 394 1907 430 differunt
1919 397 1984 431 baec
1994 397 2061 430 duo
2074 410 2085 430 .-

1219 450 1332 475 voeem
1343 442 1405 475 effe
1415 442 1659 487 significativam
1672 466 1681 480 ,
1707 442 1739 475 &
1759 453 1871 476 vocem
1881 448 1948 488 capi
1965 447 2083 491 signifi·

1218 491 1339 524 cative.
1365 492 1457 527 Sicut
1469 493 1643 532 differunt,
1671 491 1770 526 solem
1781 493 1842 525 effe
1851 494 2084 536 calefastivum,

1216 541 1250 574 ἀ
1273 541 1373 576 solem
1395 542 1549 587 applicari
1570 541 1611 575 ad
1622 541 1893 576 calefaciendum.
1924 543 2008 578 Uno
2021 558 2085 579 ver-

1218 591 1280 624 bo:
1308 590 1458 626 differunt
1481 593 1559 627 ficut
1582 591 1776 636 significatio
1797 592 2019 634 aptitudinalis
2030 606 2085 628 vo-

1216 641 1263 675 cis
1284 642 1316 675 &
1341 642 1516 685 suppositio
1538 641 1643 676 vocis:
1673 642 1712 676 de
1732 640 1850 684 quibus
1872 641 1977 679 dicam
2002 643 2085 679 infra.

1216 702 1312 734 agens
1323 692 1364 725 de
1377 693 1593 736 suppositione
1606 717 1613 725 .
1642 692 1730 726 Nam
1746 703 1858 725 vocem
1869 694 1932 726 effe
1943 693 2082 736 aequivo-

1215 752 1307 783 cam,
1334 741 1419 776 idem
1445 740 1513 781 est,
1541 742 1630 783 quod
1659 753 1773 777 vocem
1796 743 1857 776 esse
1882 744 2086 785 aequivocati-

1216 802 1306 832 vam,
1332 792 1395 826 five
1416 792 1659 838 significativam
1684 792 1821 836 plurium
1845 794 1879 826 in
1899 793 1956 826 suo
1970 793 2085 836 princi-

1215 841 1277 884 pali
1300 842 1482 886 significato
1506 842 1853 886 planedifferentium3
1881 853 1995 877 vocem
2009 842 2085 876 vero

1214 891 1284 934 capi
1309 892 1496 935 aequivoce‚
1521 893 1565 926 est
1589 892 1678 926 illam
1699 893 1732 926 in
1754 892 1913 926 orationis
1925 903 2083 926 contextu

1215 953 1272 985 pro
1298 942 1442 985 pluribus
1469 943 1532 977 suis
1575 943 1783 987 aequivocatis
1809 942 1901 976 fimul
1927 944 2084 987 supponi:

1213 1002 1291 1036 ergo
1313 993 1400 1025 vocis
1420 994 1634 1033 aequivocatio
1656 994 1708 1026 seu
1720 993 1952 1035 aequivocativa
1966 992 2085 1038 signifi-

1214 1042 1319 1080 catio,
1344 1042 1377 1076 &
1399 1042 1486 1076 vocis
1506 1043 1668 1086 aequivoca
1689 1043 1829 1085 sumptio
1842 1045 1894 1076 seu
1907 1043 2083 1086 suppositio

1214 1091 1369 1125 differunt
1392 1104 1432 1125 eo
1453 1093 1574 1130 modo,
1599 1103 1667 1135 quo
1691 1092 1818 1126 differte
1832 1093 1934 1126 solent
1947 1095 2035 1127 vocis
2049 1093 2082 1126 si-

1215 1142 1383 1185 gnificatio
1394 1143 1428 1176 &
1442 1142 1616 1186 suppositio
1627 1166 1634 1173 .

1267 1190 1320 1239 36.
1341 1192 1383 1227 Et
1396 1191 1547 1275 hincggo
1558 1192 1599 1227 de
1612 1202 1690 1226 voce
1699 1194 1864 1234 aequivoca
1877 1191 2084 1235 philosopha-

1216 1239 1241 1274 ri
1253 1242 1341 1275 soleo
1352 1253 1393 1276 eo
1416 1252 1471 1275 mo
1496 1254 1541 1281 o,
1567 1253 1634 1285 quo
1648 1241 1916 1285 philosophamur
1927 1242 1966 1275 de
1978 1243 2081 1276 caussa

1215 1291 1355 1335 plurium
1390 1292 1558 1327 effectuum
1595 1291 1829 1335 disparatorum
1867 1292 2051 1334 productiva
2074 1304 2083 1334 ·‚

1216 1341 1299 1376 verb.
1318 1353 1363 1387 gr.
1387 1342 1428 1376 de
1451 1341 1518 1377 sole
1539 1341 1728 1376 calefaCiivo
1741 1342 1832 1375 simul
1849 1343 1881 1376 ἀ
1896 1341 2083 1377 illuminati-

1217 1403 1280 1432 vo,
1304 1392 1346 1426 de
1356 1393 1464 1426 anima
1485 1394 1666 1437 vegetativa
1687 1392 1820 1427 simul&
1833 1392 1973 1426 sensitiva
1988 1416 1998 1432 ‚
2025 1393 2085 1426 &c.

1216 1442 1304 1476 Nam
1327 1442 1408 1476 ficut
1429 1443 1476 1476 sol
1498 1441 1597 1476 habet
1619 1444 1798 1486 potentiam
1827 1441 2027 1486 producendi
2040 1443 2086 1476 lu·

1215 1503 1290 1526 men
1303 1492 1441 1527 simul&
1455 1493 1596 1527 calorem
1610 1516 1620 1531 ‚
1640 1491 1724 1526 duos
1737 1493 1833 1526 hosce
1844 1487 1972 1526 effeetus
1982 1492 2084 1534 dispa-

1215 1551 1322 1584 ratos3
1350 1542 1395 1575 ita
1415 1544 1512 1576 etiam
1533 1553 1598 1575 vox
1619 1543 1784 1585 aequivoca
1806 1566 1816 1581 ‚
1846 1542 1930 1575 verb.
1943 1553 1990 1586 gr.
2021 1554 2085 1575 vox

1209 1590 1313 1635 gallus
1336 1590 1434 1626 habet
1457 1591 1637 1635 potentiam
1656 1589 2087 1635 significandihominemin

1215 1641 1325 1675 Gallia
1338 1650 1449 1676 natum
1462 1665 1473 1681 ,
1492 1641 1526 1675 &
1537 1641 1661 1684 gallum
1675 1640 1891 1685 gallinaceum
1903 1666 1914 1681 ‚
1942 1641 2009 1676 duo
2022 1641 2088 1674 haec

1215 1692 1394 1735 significata
1414 1689 1588 1735 disparata.
1611 1690 1693 1725 lteru
1705 1692 1783 1725 sicut
1797 1690 1845 1724 sol
1858 1691 2035 1733 aliquando
2048 1691 2088 1723 ad

1215 1742 1320 1775 solum
1333 1741 1443 1775 lumen
1453 1765 1463 1780 ,
1490 1741 1669 1785 aliquando
1682 1742 1721 1775 ad
1737 1741 1841 1776 solum
1855 1740 1995 1774 calorem
2010 1764 2020 1780 ,
2034 1741 2088 1774 ali'-

1215 1790 1348 1834 quando
1374 1791 1414 1824 ad
1436 1801 1608 1835 utrumque
1636 1791 1725 1825 hunc
1751 1792 1901 1826 effectum
1913 1791 2002 1823 simul
2015 1801 2087 1833 pro-

1214 1841 1399 1875 ducendum
1414 1842 1595 1884 applicatur
1607 1853 1620 1882 ;
1634 1843 1677 1874 ita
1689 1842 1788 1875 etiam
1802 1840 1974 1883 voxgallus
1987 1851 2087 1883 quan·

1213 1892 1321 1933 doque
1334 1891 1375 1925 ad
1397 1890 1649 1935 significandum
1677 1890 1780 1923 solum
1802 1890 1925 1933 gallum
1948 1891 2085 1935 gallina·

1212 1951 1305 1974 ceum
1319 1964 1329 1980 ,
1356 1940 1553 1982 quandoque
1565 1939 1604 1973 ad
1625 1939 1729 1973 solum
1744 1938 1910 1973 hominem
1926 1941 1960 1973 in
1976 1939 2085 1973 Gallia

1214 1999 1349 2028 natum,
1374 1988 1550 2032 aliquando
1574 1989 1614 2022 ad
1637 1999 1810 2032 utrumque
1836 1989 1900 2022 hoc
1920 1989 2085 2033 significa-

1212 2048 1283 2071 tum
1297 2038 1388 2070 simul
1403 2039 1652 2081 significandum
1662 2041 1695 2072 in
1708 2038 1824 2073 eodem
1834 2039 1994 2073 orationis
2007 2051 2087 2073 con—

1213 2096 1305 2120 textu
1323 2086 1502 2128 applicatur
1529 2110 1540 2125 ‚
1565 2098 1603 2119 ac
1626 2090 1815 2129 supponitur
1842 2115 1848 2122 .
1879 2089 1921 2122 Et
1948 2090 2083 2132 quando

1211 2133 1254 2168 ita
1267 2134 1457 2193 supponitur
1470 2159 1481 2175 ‚
1509 2146 1586 2169 tunc
1594 2134 1669 2171 dico
1681 2138 1840 2180 supponi,
1852 2150 1887 2172 ac
1899 2140 1969 2182 capi
1983 2141 2080 2181 aequ'r-

1213 2195 1294 2219 voce
1308 2209 1315 2217 .
1612 2212 1613 2216 ,

1262 2244 1315 2281 37.
1345 2237 1434 2269 Petes
1446 2237 1551 2268 tertia:
1581 2235 1636 2269 An
1661 2248 1724 2270 vox
1748 2239 1913 2281 aequivoca
1937 2239 2078 2282 poffitin

1208 2282 1367 2316 orationis
1389 2294 1547 2317 contextu
1571 2285 1768 2328 quandoque
1790 2289 1871 2320 sumi
1884 2288 2079 2331 aequivoce?

1208 2335 1298 2364 Ratlo
1309 2332 1468 2365 dubitandi
1493 2332 1530 2373 est
1541 2345 1550 2367 ;
1579 2334 1668 2381 Qia
1681 2336 1818 2369 vocesin
1831 2337 1989 2371 orationis
2000 2350 2081 2373 con·

1209 2392 1299 2415 textu
1318 2381 1438 2416 debent
1461 2381 1503 2416 sic
1530 2384 1633 2424 sumi,
1662 2395 1699 2417 ac
1718 2385 1879 2428 supponi,
1907 2386 2076 2431 utaliquid

1207 2430 1383 2476 significare
1405 2432 1539 2476 poffint:
1570 2432 1712 2476 sumptio
1733 2436 1851 2478 quippe
1873 2437 1923 2468 seu
1937 2437 2077 2479 supposi-

1206 2481 1255 2515 tio
1267 2481 1358 2516 vocis
1370 2483 1414 2517 est
1426 2483 1601 2525 applicatio
1615 2485 1703 2518 vocis
1714 2509 1724 2524 ,
1750 2485 1791 2520 ad
1804 2485 2052 2530 significandum
2066 2512 2074 2520 .

1206 2530 1309 2574 Atqui
1336 2543 1400 2566 vox
1426 2534 1591 2575 aequivoca
1611 2533 1775 2576 aequivoce
1797 2536 1922 2578 sumpta
1941 2535 2024 2570 nihil
2038 2538 2072 2572 fi-

1203 2581 1362 2625 gnificat.-
1389 2590 1424 2615 ut
1446 2581 1543 2620 habet
1567 2583 1738 2627 vulgatum
1750 2586 1836 2629 apud
1850 2587 2073 2622 Summulistas

1202 2631 1350 2666 axioma.
1376 2632 1466 2678 Ergo
1493 2644 1558 2667 vox
1583 2634 1748 2677 aequivoca
1775 2637 1808 2670 in
1827 2637 2074 2671 orationiscon·

1203 2691 1294 2715 textu
1319 2681 1432 2725 nequit
1456 2682 1536 2716 sumi
1561 2683 1744 2726 aequivoce..
1774 2689 1872 2720 Minoe
1895 2688 2074 2728 apudsum-

1200 2730 1332 2771 mullssas
1349 2740 1404 2773 pro
1428 2738 1575 2767 axiomate
1598 2732 1747 2777 babetur3
1773 2741 1894 2769 interm!
1907 2745 2006 2770 tamen
2015 2739 2074 2770 ad·

1199 2779 1253 2813 huc
1268 2780 1433 2822 probatur:
1461 2783 1550 2830 Qia
1574 2792 1673 2824 voirs
1688 2796 1758 2829 quae
1779 2787 1964 2820 orationem
1986 2797 2071 2820 con-

1199 2831 1331 2871 fundit,
1362 2842 1397 2864 ac
1417 2831 1456 2865 ad
1480 2834 1584 2867 varios
1595 2834 1771 2878 disparatos
1781 2836 1889 2870 sensus
1900 2833 2068 2878 distrahit,

1201 2880 1282 2915 nihil
1311 2881 1412 2924 potest
1450 2882 1629 2927 significare
1652 2897 1659 2917 :
1695 2887 1786 2930 atqui
1815 2895 1879 2922 vox
1903 2884 2069 2930 aequivoca

1198 2930 1365 2973 aequivoce
1387 2931 1510 2975 sumpta
1531 2934 1717 2969 orationem
1739 2936 1941 2977 confundit,
1965 2946 2004 2970 ac
2026 2937 2067 2971 ad

1197 2980 1372 3024 disparatos
1385 2982 1491 3016 sensus
1504 2984 1622 3020 trahit:
1651 2996 1729 3030 ergo
1742 2985 1914 3022 nihilcerti
1926 3008 1937 3026 ,
1963 2997 2000 3020 ac
2015 2986 2068 3021 de·

1199 3031 1362 3065 terminati
1377 3031 1558 3076 significare
1570 3035 1674 3078 potest
1690 3060 1697 3068 .

1249 3079 1299 3127 38.
1325 3080 1409 3123 Refp.
1435 3092 1556 3126 tamen3
1584 3084 1659 3119 iicet
1684 3097 1779 3120 voces
1799 3088 1969 3132 aequivocae
1997 3097 2068 3121 non

1198 3130 1318 3174 possint
1331 3132 1439 3174 passim
1452 3156 1462 3172 ,
1489 3145 1528 3167 ac
1538 3145 1597 3177 pro
1612 3135 1707 3168 libitu
1719 3138 1885 3180 aequivoce
1898 3136 2002 3177 sumi,
2030 3145 2067 3170 ut

1197 3179 1277 3214 bene
1303 3180 1415 3224 probat
1437 3182 1519 3216 ratio
1540 3183 1731 3228 dubitandi3
1760 3188 2006 3231 poffunttamen
2021 3187 2065 3221 ita

1196 3230 1506 3274 sumiquandoque:
1536 3233 1634 3277 idque
1656 3235 1942 3278 finecoffufione,
1968 3247 2006 3272 ac
2018 3236 2065 3271 di-

1195 3281 1367 3313 stractione
1387 3279 1514 3316 sensus.
1546 3284 1713 3318 Probatur:
1742 3288 1832 3336 Qia
1852 3289 1917 3323 '1ssae
1942 3297 2064 3322 vocum

1196 3330 1399 3372 sumptiones
1427 3331 1479 3365 seu
1506 3333 1741 3376 suppositiones
1766 3362 1776 3377 ,
1802 3349 1881 3381 quas
1907 3349 1974 3372 non
1995 3336 2063 3373 ¹soli

1197 3379 1323 3422 profani
1351 3381 1515 3424 austores3
1542 3384 1595 3417 sed
1621 3385 1719 3419 etiam
1746 3388 1843 3421 sanai
1867 3389 1999 3427 Patres,
2026 3397 2063 3419 ac

1199 3430 1263 3472 ipse
1288 3429 1385 3463 etiam
1407 3431 1500 3466 Sacer
1514 3432 1643 3468 Textus
1658 3438 1853 3481 quandoque
1865 3438 1944 3472 facit
1957 3462 1967 3477 ,
1993 3447 2061 3469 non

1198 3480 1272 3515 sunt
1298 3478 1462 3523 absurdae,
1487 3492 1589 3527 neque
1615 3485 1820 3531 incongruae:
1847 3489 1937 3532 atqui
1956 3485 2061 3539 profa-

1977 3544 2011 3566 nl
