2384 3770
721 62 1058 109 Sanc-ri
1129 59 1172 103 A

293 154 358 179 mat
386 168 397 184 ,
427 144 485 189 sed
506 144 600 190 solum
629 148 769 179 Haeretici
794 141 1003 187 accusationem
1043 143 1078 175 (v
1107 152 1169 172 ma-

295 195 404 229 ledibla
424 195 517 236 refert
549 198 584 229 o
607 200 858 237 vituperationem
885 191 1118 231 monasteriorum
1139 192 1172 224 (¹5

297 244 499 279 monachorum
523 269 530 278 .
556 249 610 278 Ex
640 245 742 287 quibus
763 242 792 283 fi
808 248 875 285 quis
898 243 1057 275 contendat
1075 242 1174 274 elicere

299 294 487 339 augustinum
509 294 682 329 monachum
699 293 788 334 fulffe
807 315 818 331 ,
841 298 913 333 pari
939 297 1054 324 ratione
1075 292 1174 324 elicere

294 350 406 388 poterit
427 353 525 380 vitam
543 343 729 384 monasticam
752 347 969 384 vituperatione
988 343 1113 386 dignam
1132 339 1174 385 es·

294 397 331 439 se
353 419 364 436 ‚
392 407 462 428 nam
486 400 648 431 Haeretlcus
668 392 822 425 monachos
844 395 878 425 ὁ·
903 391 1075 431 monasteria
1095 398 1172 423 vltu-

296 445 444 488 perabat.
470 444 652 484 Pennotre,
678 441 792 476 existo
813 439 993 487 Augustini
1008 443 1083 475 loco
1105 451 1172 491 non

301 497 410 530 infero
435 493 659 538 Augustinum
692 492 782 526 fuifle
810 491 1010 527 monachum
1033 516 1044 532 ,
1070 501 1174 535 neque

300 545 420 579 exinde
445 543 552 577 inferri
573 542 606 577 id
626 542 744 586 potest,
769 553 944 585 reveraque
967 543 1028 582 isto
1051 552 1171 584 tempo-

299 606 334 630 re
356 593 559 636 Augustinus
579 604 647 627 non
667 603 733 626 erat
756 591 939 626 monachus
964 618 975 634 ‚
994 600 1062 626 erat
1083 591 1171 626 enim

300 644 480 686 Episcopus
506 668 517 685 ‚
544 642 683 687 ideoque
701 643 848 686 deposito
869 641 1056 676 monachali
1073 640 1172 685 pallio

296 693 362 738 jam
386 694 508 736 pridem
530 694 734 737 assumpserat
756 693 876 726 lineam
897 694 1044 727 tunicam
1055 687 1092 725 ac
1111 691 1172 725 bir-

297 743 392 778 rhum
426 743 619 787 Episcopale
644 755 654 776 ε
681 744 732 776 Ex
757 753 798 776 eo
820 752 930 776 tamen
956 742 1037 777 reste
1067 741 1173 775 infero

296 793 402 837 ipsum
426 793 518 827 fuiffe
538 791 777 827 monachorum
800 792 1020 827 institutorem
1039 803 1077 826 ac
1104 803 1171 824 mo·

296 842 506 878 nasteriorum
538 845 572 876 in
597 842 765 878 Africanas
785 842 938 876 Ecclesias
969 842 1156 883 introdqu

296 904 364 927 rem
385 917 392 925 .
419 895 488 927 Cur
509 903 648 937 namque
669 893 704 926 id
727 902 794 927 non
821 893 950 926 credam
972 892 989 924 ἓ
1018 892 1107 925 Nam
1133 890 1172 924 de

295 944 383 978 facto
407 944 488 984 isso,
516 944 604 988 quod
618 942 725 987 probri
747 942 823 975 loco
834 942 953 976 obiicit
970 941 1172 980 Haereticus,

295 1005 365 1028 non
389 1004 461 1028 raro
481 994 515 1027 in
539 993 630 1027 libris
657 993 719 1027 suis
741 1016 752 1033 ‚
780 1001 815 1025 ut
835 993 900 1034 jam
923 991 1039 1026 audisti
1065 1015 1076 1031 ,
1103 991 1171 1034 glo—

290 1044 393 1079 riatur
411 1043 542 1080 &taus
560 1044 778 1088 Augustinus.
809 1040 906 1076 Hinc‘
925 1042 1007 1076 dicit
1023 1041 1064 1075 de
1086 1040 1171 1074 Peti-

291 1093 386 1129 liano
411 1118 420 1127 .
448 1094 542 1139 ¹Quod
558 1106 654 1138 genus
675 1100 751 1127 ’ωτι
776 1099 894 1125 omnino
918 1093 1005 1136 quale
1020 1090 1059 1135 fit
1081 1116 1093 1132 ,
1118 1102 1170 1124 ne-

286 1143 367 1190 scit,
393 1145 446 1178 vel
461 1150 562 1186 potius
582 1154 641 1176 toto
665 1144 731 1176 orbe
749 1143 917 1183 notiffimum
938 1140 1043 1186 nest-ire
1063 1142 1097 1184 se
1115 1140 1170 1183 fin·

288 1200 337 1240 git
351 1218 358 1226 .
381 1194 498 1235 Dicit,
525 1191 651 1235 Nescit:
678 1194 769 1241 Qia
786 1192 965 1227 petilianus
985 1202 1093 1226 revera
1115 1191 1148 1225 id
1163 1215 1174 1231 ,

292 1242 452 1288 quoniam
472 1242 537 1275 huc
561 1243 658 1284 usque
681 1244 792 1276 Africa
816 1242 997 1277 monachos
1020 1253 1086 1275 non
1116 1253 1171 1275 no-

277 1303 363 1333 ·rat,
388 1302 516 1334 poterat
529 1293 666 1325 nescire:
693 1291 866 1325 Nesciebat
877 1294 967 1326 enim
993 1291 1170 1324 Africanus

291 1341 431 1387 populus
454 1352 568 1375 vocem
591 1341 798 1381 monasterium
816 1365 823 1373 .
852 1340 947 1375 Dicit
970 1364 981 1381 ‚
1002 1341 1053 1374 vel
1073 1347 1172 1383 potius

293 1392 402 1436 nescire
420 1390 453 1434 se
469 1392 572 1437 fingIt:
602 1391 691 1440 Quia
703 1390 888 1425 monastica:
899 1391 968 1425 vitae
988 1401 1091 1436 genus
1104 1402 1171 1425 erat

292 1443 331 1477 in
351 1441 508 1486 AEgypto
531 1464 541 1480 ‚
567 1443 661 1485 syna
682 1464 695 1481 ,
720 1441 966 1485 Mesopotamia
990 1466 1000 1482 ,
1027 1439 1136 1474 Gallia
1163 1465 1173 1480 ‚

291 1542 346 1577 nis
367 1542 521 1587 gentibus
547 1541 751 1575 notiffimum
770 1566 780 1581 ‚
806 1541 947 1585 ideoque
966 1540 1149 1575 perilianus
1162 1566 1171 1581 ‚

292 1603 363 1628 non
390 1593 464 1636 quis
485 1593 526 1626 de
547 1601 646 1636 grege
670 1602 796 1635 coquus
816 1602 872 1626 aut
893 1590 1092 1630 sellularias,
1119 1590 1171 1624 sed

258 1661 261 1663 -
293 1642 500 1677 nobiliffimae
521 1642 806 1677 Constantinenfis
815 1642 956 1676 civitatis
970 1641 1148 1685 Episcopus
1162 1665 1172 1681 ‚

294 1693 465 1737 homoque
485 1693 646 1726 litteratus
665 1717 676 1732 ‚
704 1692 800 1726 facile
819 1703 945 1736 poterat
970 1703 1009 1726 ac
1035 1690 1172 1725 debebat

294 1743 380 1778 istud
394 1745 575 1788 viraegenus
587 1753 655 1776 non
672 1742 838 1787 ignorare.
865 1742 1010 1776 Proinde
1021 1752 1077 1784 per
1089 1740 1171 1775 istud

294 1794 369 1828 vitae
391 1805 496 1838 genus
514 1793 671 1836 intelligit
684 1792 888 1836 Augustinus
909 1791 1170 1826 monachismum

295 1845 493 1890 generaliter
515 1844 678 1886 sumptum
699 1868 707 1877 .
736 1840 896 1885 Adeoque
919 1842 998 1876 saede
1020 1852 1101 1876 errat
1128 1842 1172 1875 iu·

295 1894 397 1940 {ignis
424 1894 491 1928 noss
501 1894 523 1928 ri
544 1894 670 1927 ordinis
692 1892 892 1936 Theologus
914 1892 1056 1936 joannes
1084 1892 1170 1925 Mar·

298 1956 382 1987 qucz
407 1945 450 1977 fic
468 1944 596 1976 dicens.
624 1944 704 1975 Ordo
727 1943 897 1982 monasticus
918 1952 976 1974 toto
996 1941 1062 1974 orbe
1082 1939 1169 1982 notis—

293 1993 383 2034 fimus
404 2000 468 2023 erat
489 1993 559 2023 ordo
573 1994 776 2021 Eremitarum
796 1989 1041 2032 Augustinenfium
1063 2012 1074 2027 ,
1101 2000 1172 2020 nam

296 2043 366 2073 ordo
386 2044 599 2071 canonicorum
620 2035 913 2079 Regularlunp'setfi
918 2039 958 2068 ab
971 2037 1110 2079 Apostoli!
1130 2036 1170 2077 es-

289 2088 339 2133 see
355 2088 525 2128 institutus,
555 2095 656 2117 tamen
667 2094 738 2116 tune
755 2089 893 2124 temporis
917 2094 976 2118 non
1001 2081 1169 2127 agnofteba-

288 2148 358 2171 aeur.
388 2134 573 2184 Qomodo
593 2134 684 2167 euim
694 2134 777 2167 ordo
802 2134 861 2167 isle
883 2132 1066 2167 notissimus
1082 2142 1169 2175 pote-

294 2200 343 2223 rat
367 2189 430 2221 effe
449 2186 532 2220 ordo
543 2183 721 2229 Augustini
740 2182 805 2216 five
829 2183 1027 2218 Eremiticus
1038 2183 1100 2217 five
1111 2184 1169 2217 cle-

294 2238 421 2278 ricalis,
450 2236 505 2278 qui
517 2245 596 2269 tunc
609 2244 663 2277 per
673 2242 781 2267 totum
805 2234 917 2268 orbem
933 2233 1071 2267 necdum
1081 2244 1146 2267 erat
1159 2258 1168 2273 ‚

296 2288 351 2323 sed
371 2289 403 2320 in
428 2287 494 2319 sola
509 2285 621 2328 Afric)
642 2283 813 2318 dumtaxat
826 2284 1033 2326 pullulabat?
1055 2283 1169 2327 AEque

297 2338 378 2372 faede
399 2346 481 2369 errat
503 2334 691 2367 pennottus
711 2357 722 2371 ‚
748 2334 787 2366 fic
809 2332 919 2367 dicens
946 2358 953 2365 .
982 2334 1086 2374 Addo,
1111 2346 1168 2367 non

290 2385 411 2429 potuiffe
438 2384 624 2428 Augustinum
650 2384 720 2416 vere
747 2384 841 2417 dicere
864 2382 896 2425 se
922 2383 1068 2416 auc‘lorem
1094 2390 1168 2417 vita

294 2435 460 2474 monasticae
475 2433 562 2476 fuisse
583 2444 614 2465 eo
630 2430 736 2475 sensu,
763 2444 819 2475 quo
836 2433 919 2466 illum
933 2434 1095 2466 Petilianur
1106 2436 1168 2475 ejus

285 2491 405 2533 genem
432 2490 507 2517 vitae
533 2482 679 2516 aur‘lorem
706 2482 842 2524 faciebat
869 2507 881 2523 ‚
907 2489 977 2526 quia
1004 2487 1166 2518 Haereercus

284 2535 418 2582 fingebat
436 2533 622 2578 augustinum
640 2532 730 2574 fuiffe
754 2538 886 2575 primum
901 2543 1097 2567 >intimarem
1121 2542 1164 2568 vl

287 2598 330 2621 tae
354 2584 516 2624 monasticae
533 2581 747 2625 inuniversum
768 2581 919 2627 sumpta,
948 2595 1006 2615 non
1016 2583 1107 2627 hujus
1118 2587 1169 2618 vel

285 2637 367 2671 illius
393 2634 516 2676 instituti
539 2634 734 2675 particulam
759 2658 766 2666 .
808 2634 898 2667 Erras
927 2658 938 2674 ‚
966 2634 1132 2669 Pennotte
1158 2660 1164 2668 .

286 2686 469 2721 petilianus
498 2694 636 2726 namque
674 2682 899 2728 Augustinum
924 2685 1093 2718 dumtaxat
1121 2698 1164 2718 ar·

287 2736 410 2782 guebat
434 2760 445 2777 ‚
472 2733 562 2777 quod
587 2731 767 2773 monachos
787 2745 825 2768 ac
846 2734 1040 2770 monasteria
1067 2735 1165 2774 indu·-

287 2787 382 2821 xiss'et
394 2786 426 2819 in
440 2784 607 2824 Africam,
633 2782 780 2828 adeoque
802 2784 889 2826 quod
903 2784 992 2818 illam
1006 2785 1162 2819 monstro*

287 2847 360 2872 tum
381 2834 560 2870 faecundam
579 2843 715 2867 matrem
745 2834 839 2866 novis
865 2834 1016 2868 monstris
1044 2834 1161 2879 imprae-

286 2886 432 2932 gnaffet.
461 2884 578 2927 Neque
599 2883 673 2917 ideo
691 2883 872 2928 Augustini
892 2884 1071 2919 monachos
1097 2898 1161 2919 cre·

288 2936 397 2970 dimus
418 2935 479 2969 esse
501 2943 558 2968 aut
578 2932 670 2973 fuisse
692 2933 836 2967 monstra
864 2933 1018 2968 Africana
1044 2949 1051 2967 ι
1079 2935 1161 2970 Haec

286 2997 431 3028 namque
451 2984 607 3018 Petiliani
630 2983 861 3027 consequentia
890 3007 901 3023 ,
929 2984 1102 3028 Augustinus
1121 2987 1159 3026 est

284 3037 383 3071 medor
395 3034 621 3076 monachorum
647 3044 712 3077 ergo
722 3045 863 3067 novorum
878 3034 1084 3077 monstrorum,
1113 3037 1156 3069 est

284 3087 396 3121 similis
416 3085 512 3125 huic,
539 3095 637 3128 quam
649 3083 783 3118 Sanetus
796 3083 1022 3127 Hieronymus
1033 3085 1079 3120 ait
1101 3088 1157 3120 suo

283 3147 429 3180 tempore
449 3134 642 3178 quibusdam
655 3133 892 3168 monachorum
912 3134 1060 3169 osoribus
1087 3137 1159 3170 fuis-

280 3189 313 3223 se
339 3184 518 3220 admodum
547 3184 740 3218 familiarem
767 3208 778 3224 ,
804 3183 964 3217 Monachus
989 3185 1028 3225 est
1055 3210 1066 3226 ‚
1093 3199 1159 3230 ergo

275 3248 392 3283 graecus
414 3238 448 3271 (v
470 3233 618 3276 impostor:
648 3234 741 3281 Qas
755 3245 788 3268 tu
803 3258 814 3274 ,
840 3234 1028 3279 pennotte,
1051 3237 1074 3269 si
1105 3237 1161 3271 bo..

280 3299 338 3322 nas
348 3296 457 3330 putes,
485 3283 674 3319 miserabilis
695 3295 728 3319 es
749 3283 921 3329 logicaster
942 3309 950 3317 .
978 3284 1034 3320 Ut
1061 3286 1157 3329 porr&

280 3338 482 3372 calumniam
508 3333 599 3369 istam
620 3335 638 3368 a
661 3335 718 3368 suo
731 3333 958 3368 monachismo
983 3334 1154 3376 defricaret

282 3388 488 3439 Augustinus
500 3410 511 3428 ‚
537 3384 620 3420 dicit
640 3384 712 3420 vitae
737 3383 821 3420 istud
843 3396 954 3437 genus
973 3386 1035 3429 esse
1047 3408 1062 3429 ,1
1085 3398 1153 3424 non

293 1492 412 1531 ltalia,
433 1492 611 1526 Germania
633 1515 643 1532 ‚
669 1491 807 1536 aliisque
831 1490 989 1525 omnibus
1015 1491 1045 1525 C

1208 69 1677 101 UGUSTINI.
2016 70 2068 101 11

1230 150 1353 174 novum
1366 162 1375 178 ‚
1400 138 1454 173 sed
1477 149 1550 172 toto
1562 141 1642 173 orbe
1654 139 1863 187 notissimum·
1878 146 1976 183 atque
1999 138 2108 174 lauda·

1212 165 1216 209 1
1231 189 1384 223 riffimum
1396 211 1406 228 ,
1417 189 1556 233 ideoque
1569 189 1749 224 admodum
1775 187 1927 224 credibile
1937 189 1982 222 est
1995 213 2006 229 ,
2016 187 2106 233 quod

1234 240 1438 284 Augustinus
1469 249 1537 273 non
1562 249 1686 272 novum
1715 241 1900 284 quempiam
1931 238 2108 273 instituerit

1232 289 1515 328 monachismum,
1543 287 1595 322 sed
1609 299 1685 323 curn
1708 289 1832 330 ipsum,
1858 301 1957 331 quem
1976 291 1994 324 a
2018 289 2108 322 Poti-

1232 343 1325 374 tiano
1348 340 1494 374 audierat
1518 349 1615 382 atque
1638 339 1671 372 in
1685 337 1779 371 Italia
1791 338 1935 380 viderat,
1963 338 2110 374 introdu-

1237 391 1317 424 xerit
1339 389 1372 423 in
1390 390 1550 428 Africam,
1581 399 1679 431 quem
1692 398 1817 422 certum
1830 388 1872 421 est
1885 389 1977 423 fuisse
1986 389 2109 424 Eremi-

1234 442 1335 474 ticum
1358 448 1454 482 atque
1477 438 1645 472 laicalem.

1282 490 1373 535 Qin
1397 490 1502 523 immo
1515 489 1626 522 Africa
1639 487 1830 532 Augustino
1843 487 1938 521 debet
1949 510 1959 526 ,
1981 499 2047 522 non
2063 488 2111 521 so-

1234 541 1283 574 los
1303 552 1377 573 curn
1397 538 1600 573 monasteriis
1622 535 1805 572 monachos
1819 560 1830 577 ,
1858 537 1909 570 sed
1923 539 2019 571 etiam
2048 541 2112 571 Xe·

1235 589 1401 625 nodochia
1427 614 1437 630 ,
1464 590 1591 632 aliaque
1618 589 1650 622 id
1678 599 1783 632 genus
1810 587 1939 630 publica
1974 588 2111 622 subsidia

1236 652 1410 684 pauperum
1432 651 1467 673 ac
1479 638 1711 682 languidorum
1724 663 1730 670 .
1760 637 1853 671 Hinc
1865 637 1953 670 enim
1965 637 2046 670 dicit
2058 649 2112 672 vo-

1234 703 1305 724 cem
1328 689 1521 724 Xenodochla
1545 700 1610 722 non
1637 689 1748 722 minus
1759 698 1856 729 quam
1870 698 1985 731 vocem
2012 698 2110 720 mona·
2126 669 2237 704 Τηθ-

1229 742 1321 781 steria
1347 743 1409 775 effe
1422 750 1542 773 novam
1555 764 1564 772 .
1592 739 1685 772 Dicit
1696 737 1736 772 ad
1750 737 1905 781 populum
1928 737 1969 770 de
1981 737 2036 770 suo
2051 736 2110 769 Re·
2128 731 2181 767 97·
2192 721 2257 765 sul’·

1237 792 1355 835 ligioso
1392 791 1586 832 Presbytero
1615 789 1757 831 Leporio
1785 812 1792 820 .
1829 787 1959 828 Vestrum
1989 789 2111 828 plurim}
2129 773 2222 815 J02ss·

1230 840 1325 884 sciunt
1351 863 1362 880 ,
1390 840 1598 879 Presbyterum
1623 842 1782 881 Leporium
1810 862 1819 877 ,
1846 843 1988 879 quamvis
2010 835 2110 879 saecult
2130 823 2232 855 serm·

1234 892 1384 923 natalibus
1397 891 1528 932 clarum,
1557 892 1590 923 Θ
1603 891 1688 931 apud
1707 886 1776 930 suos
1799 887 1983 929 bonestifflmo
1992 887 2049 919 loco
2061 897 2111 919 na·
2132 883 2182 929 39·
2218 871 2259 909 de

1234 950 1318 980 tum,
1343 948 1445 972 tamen
1458 944 1529 981 jam
1543 944 1603 972 Deo
1625 938 1820 982 servientem,
1846 939 1959 972 cunc‘hs
1968 948 2034 979 quae
2062 937 2112 969 ha·
2130 925 2246 958 dwe‘s·

1234 990 1320 1023 bebat
1341 990 1451 1023 reh‘ffls
1479 1014 1489 1028 ,
1516 998 1634 1030 inopem
1649 988 1786 1032 suscepi.-
1813 993 1885 1021 Non
1912 994 2008 1030 quta,
2036 986 2117 1019 nihil

1234 1040 1359 1079 habuit,
1381 1037 1442 1082 sed
1449 1047 1519 1082 quia
1534 1043 1604 1080 jam
1613 1038 1730 1078 fecerat
1739 1039 1819 1080 quod
1829 1039 1913 1071 Ιεὲῗέο
1924 1037 1978 1076 ista
1993 1034 2117 1080 persua-

1234 1092 1302 1123 det.
1329 1093 1437 1122 Hortus
1463 1089 1501 1125 el}
1524 1101 1623 1128 unus,
1643 1088 1696 1120 ubi
1718 1088 1821 1126 nostis,
1844 1089 1886 1120 ibi
1910 1087 2119 1128 monasterium

1229 1139 1293 1183 sun
1305 1139 1451 1180 constituit
1461 1165 1471 1180 ,
1497 1146 1568 1182 quia
1581 1140 1613 1172 (9·
1627 1137 1683 1179 ipsi
1693 1141 1753 1170 Deo
1767 1135 1907 1178 serviunt
1918 1161 1926 1169 .
1957 1140 2118 1170 Pecunlam

1235 1203 1292 1223 non
1313 1190 1402 1227 habet
1415 1215 1426 1231 ‚
1446 1202 1537 1232 quam
1552 1189 1641 1232 suam
1655 1189 1750 1220 dicere
1769 1187 1852 1228 poffit
1865 1211 1875 1226 ,
1897 1185 2026 1220 babebat
2048 1188 2116 1219 Xe·-

1235 1236 1405 1273 nodcchtum
1424 1240 1633 1282 ‘edificandum
1646 1261 1656 1278 ,
1676 1238 1852 1280 quodmodo
1876 1238 1994 1270 videtis
2015 1235 2118 1278 aedt'fi-

1233 1302 1352 1324 cneum.
1380 1295 1441 1334 Ego
1463 1291 1506 1323 illi
1528 1292 1674 1330 injunxt,
1701 1299 1750 1331 ego
1766 1288 1833 1327 juffi
1854 1311 1861 1318 .
1892 1286 2119 1329 obtemperavit

1234 1340 1306 1373 mihi
1325 1340 1526 1381 Iibennffime,
1548 1347 1581 1373 ω·
1596 1337 1670 1380 ficut
1681 1340 1795 1371 videtis
1806 1346 1942 1378 operatus
1954 1336 1991 1376 est
2005 1350 2016 1370 .·
2047 1348 2121 1379 quo-

1234 1393 1316 1423 modo
1329 1396 1420 1424 etiam
1433 1402 1493 1424 meo
1508 1390 1587 1433 jussu
1600 1387 1756 1429 Basilicam
1768 1389 1811 1420 ad
1820 1387 1879 1420 oc‘lo
1890 1398 2034 1426 martyres
2049 1388 2121 1419 aedl·

1229 1439 1356 1482 fica-vit,
1376 1442 1413 1474 de
1435 1440 1483 1473 his
1507 1452 1574 1483 quae
1591 1448 1647 1482 per
1668 1450 1723 1472 vos
1744 1442 1823 1470 Deus
1841 1439 1986 1470 dona-011.
2017 1441 2119 1479 Caepit

1233 1498 1312 1523 enim
1335 1491 1372 1524 de
1391 1497 1517 1532 pecum'a
1530 1515 1540 1530 ‚
1560 1501 1628 1532 quae
1652 1490 1731 1521 data
1747 1498 1813 1521 erat
1835 1486 1970 1528 Ecclefiae
1992 1496 2120 1528 propter

1235 1539 1478 1581 Xenodochium,
1504 1542 1537 1574 (5
1556 1550 1621 1572 cum
1645 1537 1773 1582 caept'ffet
1791 1536 1959 1578 aedificare,
1987 1546 2022 1569 ut
2043 1535 2119 1579 sunt

1236 1587 1357 1635 religiosi
1375 1590 1576 1632 defiderantes
1600 1597 1690 1631 opera
1709 1586 1811 1631 suain
1824 1587 1894 1620 caelo
1909 1585 2002 1629 sir-ibt·
2016 1611 2027 1627 ‚
2053 1587 2115 1620 ad·-

1227 1643 1378 1683 juverunt
1390 1650 1479 1684 prout
1502 1638 1622 1684 quisque
1645 1640 1738 1672 voluit
1754 1662 1765 1678 ,
1788 1640 1821 1671 Θ
1836 1637 2010 1679 fabricavit
2037 1661 2044 1669 .
2078 1639 2122 1672 Et

1236 1691 1323 1725 haud
1345 1691 1443 1726 dubie
1454 1692 1542 1735 plura
1563 1690 1724 1737 ejusmodi
1748 1688 1882 1722 aedificia
1893 1688 1974 1721 fasta
1987 1688 2120 1721 fuerunt

1234 1742 1333 1775 etiam
1346 1753 1400 1784 per
1411 1743 1491 1778 alias
1503 1742 1625 1775 Africae
1648 1739 1797 1774 civitates
1810 1750 1846 1772 ac
1859 1738 2025 1781 regiones.
2054 1737 2121 1771 Au·
2182 1781 2186 1782 ⁷

1234 1791 1382 1836 gustinus
1393 1793 1512 1837 quippe
1525 1788 1608 1824 nihil
1623 1789 1779 1833 spirabat,
1808 1787 1865 1821 nifi
1875 1787 2062 1821 charitatem
2081 1799 2120 1823 ac

1235 1843 1411 1877 unitatem:
1434 1843 1660 1876 Restauratam
1675 1839 1805 1874 volebat
1821 1839 1956 1879 primam
1971 1836 2120 1871 fidelium

1235 1892 1294 1926 sub
1318 1892 1485 1936 Apostolis
1503 1892 1624 1925 vitam:
1649 1889 1752 1933 Quod
1772 1886 1847 1929 quia
1860 1887 1955 1929 plene
1968 1897 2037 1921 nou
2063 1898 2121 1931 po·

1235 1950 1338 1979 terat,
1358 1941 1469 1983 quoad
1492 1940 1603 1982 potuit
1623 1938 1668 1971 est
1693 1945 1866 1971 executus.

1418 2035 1794 2079 CAPUT
1872 2033 1944 2069 v1.

1284 2132 1476 2175 Monasticum
1504 2133 1656 2178 Augustini
1682 2132 1847 2172 institutum
1868 2133 1972 2174 statim
1991 2144 2066 2178 pro.

1381 2192 1531 2229 pagatum
1549 2184 1619 2226 fuir
1645 2193 1700 2226 per
1721 2195 1834 2217 omnem
1854 2190 1973 2218 omnino
2037 2185 2039 2187 ’

1597 2235 1732 2278 Africam
1748 2259 1756 2266 .

1234 2333 1425 2420 HAnc
1460 2335 1674 2378 propaginem
1699 2332 1907 2377 Augustinus
1938 2334 2117 2371 ardentiffi·

1365 2385 1417 2419 me
1437 2384 1587 2428 cupiebat
1611 2396 1647 2418 ac
1661 2383 1895 2428 promovebat.
1919 2384 2011 2419 Hinc
2023 2388 2113 2420 enim

1230 2436 1312 2470 dicit
1333 2437 1367 2469 in
1399 2435 1483 2468 libro
1507 2435 1547 2468 de
1569 2445 1666 2477 opere
1698 2433 1939 2468 monachorum
1963 2459 1971 2467 .
2009 2439 2113 2468 Mona-

1197 1811 1222 3390 )
1363 2483 1540 2528 propositum
1551 2493 1615 2518 tam
1627 2485 1733 2517 bonum
1747 2494 1811 2517 tam
1831 2482 2012 2527 sanc‘lumin
2025 2485 2113 2518 Chri·
2141 2471 2223 2517 Cal’·
2238 2470 2285 2513 28

1223 2536 1261 2575 sti
1285 2543 1399 2569 nomine
1408 2541 1564 2577 cupimus,
1585 2533 1657 2576 ficut
1671 2543 1728 2577 per
1751 2536 1829 2567 alias
1856 2544 1971 2575 terras,
1993 2534 2032 2576 fic
2053 2545 2110 2577 per

1229 2597 1322 2619 totam
1350 2585 1482 2627 Africam
1502 2587 1653 2628 pullulare
1672 2609 1679 2615 .
1712 2585 1754 2618 Et
1777 2585 1809 2618 in
1839 2585 1983 2627 Epistola
1996 2585 2036 2620 ad
2051 2586 2112 2619 Hi·
2130 2598 2180 2642 Ep
2202 2598 2249 2646 89

1230 2638 1344 2670 larium
1366 2637 1626 2679 Syracusanum.
1652 2636 1700 2667 Ad
1722 2634 1772 2667 boc
1789 2634 1966 2676 propofitum
1986 2641 2109 2679 quanm
2181 2627 2187 2634 ⁶
2251 2627 2262 2637 ⁸

1223 2687 1335 2729 possum
1354 2687 1469 2719 viribus
1498 2688 1574 2719 alios
1586 2684 1726 2719 exhortor
1738 2709 1749 2724 ,
1772 2687 1806 2718 ὢ*
1828 2691 1860 2717 In
1885 2692 1999 2720 nomine
2011 2690 2112 2719 Domi-

1228 2738 1262 2770 ni
1285 2736 1379 2769 babeo
1402 2734 1567 2775 consortes,
1593 2736 1702 2778 quibus
1725 2735 1776 2768 hoc
1793 2744 1848 2777 per
1870 2747 1966 2769 meum
1987 2737 2113 2775 ministe-

1224 2793 1303 2820 rium
1320 2785 1494 2830 persuasum
1515 2786 1569 2825 esi.
1599 2787 1712 2833 Qam
1736 2786 1834 2829 porro
1857 2787 1974 2819 acriter
1987 2786 2019 2819 id
2041 2788 2111 2820 sua-

1224 2837 1298 2871 dere
1313 2838 1346 2870 sit
1360 2837 1474 2870 solitus
1489 2861 1498 2875 ‚
1521 2847 1607 2879 patet
1624 2849 1665 2870 ex
1681 2835 1741 2869 hac
1752 2835 1819 2877 ejus
1833 2836 1978 2869 suasione
1992 2836 2107 2879 scripta

1224 2887 1263 2921 ad
1278 2887 1437 2921 Nobilem
1460 2886 1611 2930 juvenem
1629 2887 1830 2920 Romaniani
1844 2886 1968 2919 Filium
1993 2886 2110 2921 Licen-

1223 2938 1307 2971 tium
1323 2961 1330 2969 .
1351 2941 1401 2970 Me
1416 2935 1552 2981 miserum
1567 2936 1597 2978 fi
1613 2948 1663 2979 ego
1676 2947 1733 2968 non
1749 2935 1860 2976 jubeo,
1884 2934 1979 2976 finon
1989 2946 2110 2979 rogoat-

2129 2662 2159 2695 q.
2188 2663 2227 2699 4.

2129 2961 2187 3007 Er>-
2202 2973 2260 3011 39·

1222 3000 1278 3029 que
1291 2993 1403 3032 impero
1415 3012 1425 3027 ,
1439 2986 1533 3028 finon
1546 2999 1612 3030 rogo
1622 2997 1656 3018 ac
1673 2984 1805 3028 supplico
1815 3009 1822 3016 .
1849 2986 1909 3017 Sed
1915 2983 1939 3025 fi
1949 2998 2033 3020 aure1
2046 2997 2106 3020 tuae

1222 3040 1372 3070 adversus
1384 3049 1465 3070 meas
1477 3048 1560 3070 voces
1571 3033 1676 3078 clausae
1693 3034 1777 3077 fine,
1803 3039 1845 3067 ori
1867 3045 1916 3069 tuo
1938 3044 2068 3076 pateant
2091 3061 2103 3077 ,

1218 3096 1347 3129 pateant
1360 3093 1486 3121 carmini
1498 3097 1547 3119 tuo
1559 3112 1570 3127 ‚
1598 3087 1711 3120 exaudi
1723 3083 1850 3129 teipsum
1864 3086 2004 3125 durtfflme
2017 3110 2027 3125 ‚
2053 3091 2111 3118 im-

1221 3138 1378 3177 mam‘fflme
1387 3163 1397 3179 ‚
1407 3136 1569 3180 surdifflme
1581 3160 1589 3167 .
1617 3139 1686 3180 ,Quo
1696 3136 1771 3168 mibi
1782 3137 1914 3178 linguam
1938 3146 2063 3168 auream
2074 3137 2109 3173 6·

1219 3199 1267 3220 cor
1282 3187 1420 3229 ferreum
1435 3212 1445 3226 ‚
1455 3187 1561 3228 quibus
1573 3198 1623 3229 ego
1634 3197 1693 3218 non
1706 3190 1888 3219 carminibus
1901 3208 1912 3224 ,
1934 3183 1988 3226 sed
1995 3185 2109 3219 lamen-

1219 3238 1381 3271 rationibus
1392 3236 1541 3279 sufficiam
1550 3238 1691 3280 plangere
1702 3243 1838 3270 carmina
1850 3246 1903 3267 tua
1917 3234 1934 3266 ,Ρ
1951 3239 1987 3268 ln
1999 3236 2110 3278 quibus

1219 3289 1326 3328 video,
1352 3299 1445 3330 quam
1462 3295 1598 3319 animam
1609 3311 1619 3326 ,
1645 3288 1724 3328 quod
1733 3290 1884 3328 ingenium
1910 3295 1968 3317 non
1979 3285 2051 3317 mibi
2076 3289 2113 3319 Il-

1218 3345 1281 3370 ceat
1303 3336 1525 3380 apprehendere
1551 3337 1746 3371 &immolare
1762 3339 1824 3369 Deo
1850 3334 1971 3375 nostro?
1994 3335 2113 3379 Exspe-

1219 3388 1284 3421 Has
1298 3412 1309 3430 ,
1334 3397 1380 3443 ιλιι
1396 3398 1445 3433 ego
1463 3387 1588 3430 jubeam
1601 3409 1613 3429 ,
1632 3385 1675 3428 fis
1701 3386 1796 3423 bonus
1806 3409 1818 3427 ‚
1840 3383 1881 3428 fis
1909 3389 2030 3429 quietus
2041 3410 2052 3426 ,
2070 3386 2111 3428 fis

1996 3435 2063 3470 bea·
