2384 3770
712 160 838 220 Qutn
874 158 925 202 ΙΝ
964 155 1028 201 ΚΕ
1064 154 1195 200 PROP.
1231 152 1302 197 S1r
1338 152 1428 197 sm.
1473 153 1587 196 Supp.

262 244 351 281 enim
374 243 410 276 fit
432 240 466 275 in
489 237 643 275 omnibus
666 237 872 286 orationibus
898 237 1102 270 contrastum
1122 260 1133 277 ,

262 294 505 337 stipulationem
527 316 537 331 ‚
571 292 708 325 aliamve
735 289 869 322 similem
889 286 1133 329 dispositionem

260 343 526 378 continentibus.
546 341 669 390 Qales
690 340 764 373 sunt
784 336 849 370 hae:
877 348 939 370 creo
958 346 987 370 te
1013 334 1129 378 Episco-

257 403 331 437 pum
355 418 367 434 ,
403 394 499 427 vendo
521 392 575 425 tibi
594 401 701 432 equum
722 411 733 428 ,
770 392 878 427 accipio
910 397 939 420 te
960 393 992 419 in
1016 398 1133 426 meam,

260 446 326 478 volo
346 450 388 477 ire
412 451 444 477 in
467 442 588 477 Italiam
611 462 621 478 ‚
646 440 702 472 &a
731 437 833 470 Hisce
855 460 866 476 ‚
893 437 1051 481 inquam,
1078 447 1131 471 vo-

260 494 351 528 cibus
369 495 402 527 iu
427 503 536 527 mente
557 488 720 532 loquentis
749 487 1006 530 correspondent
1026 511 1037 528 ,
1076 498 1131 520 aut

259 543 345 578 certe
377 540 623 583 correspondere
654 538 785 581 possunt
817 538 850 571 δε
883 536 1004 572 debent
1028 538 1132 581 plures

260 594 438 628 voluntatis
463 592 550 623 astus
577 613 583 621 .
624 587 738 622 Primo
764 590 854 622 enim
874 587 921 622 ibi
944 587 989 622 est
1014 587 1131 621 volitio

259 654 354 678 voces
374 640 557 685 proferendi
574 664 581 671 .
607 638 759 673 Secundo
776 638 821 671 est
844 638 962 672 volitio
979 647 1009 671 te
1030 638 1064 671 in
1091 638 1126 671 E-

258 693 426 736 piscopum
445 687 592 724 creandi.
622 687 742 723 Tertio
764 687 905 732 denique
926 688 971 722 est
988 688 1131 727 volitio,

258 753 322 784 qua
341 741 419 774 volo
444 752 498 783 per
520 750 618 773 voces
637 739 710 773 istas
730 739 748 772 ὸ,
809 750 826 772 e
849 738 987 782 prolatas
1000 737 1060 772 tibi
1076 749 1130 772 no·

259 792 380 825 tificare
403 815 413 831 ,
440 801 477 824 ac
496 790 674 834 significare
696 750 888 837 vfft‘ibnem
913 800 1018 822 meam
1041 798 1074 822 te
1096 787 1129 821 in

259 839 615 884 Episcopumcreandi.
643 839 824 878 Similiter,
849 849 924 871 cum
937 837 1038 877 dico,
1065 838 1132 870 volo

258 896 302 924 ire
323 895 356 924 in
378 894 500 924 ltaliam
515 914 526 930 ,
552 899 631 923 tunc
651 888 686 921 in
714 899 766 921 me
788 887 833 921 est
856 886 972 921 volitio
995 887 1131 921 istasvo·

257 951 309 975 ces
340 939 401 975 tibi
432 937 614 984 proferendi
636 950 644 970 :
682 937 728 971 est
755 936 872 971 volitio
894 936 994 972 eundi
1017 937 1051 970 in
1071 937 1130 970 lta-

256 991 358 1025 liam.-
388 991 431 1025 est
455 989 597 1032 denique
619 986 739 1021 volitio
762 987 821 1021 tibi
842 998 897 1030 per
916 998 1012 1021 voces
1025 986 1131 1020 notifi-

256 1041 352 1075 candi
373 1051 479 1075 meam
491 1039 686 1074 volitionem
700 1037 799 1072 eundi
813 1037 846 1071 in
861 1037 989 1072 Italiam
1002 1062 1009 1069 .
1037 1039 1128 1080 ,ραι-

257 1097 355 1125 titur.-
385 1091 545 1138 Qaenam
565 1086 677 1122 harum
700 1097 846 1123 mearum
870 1087 1069 1122 volitionum
1095 1088 1131 1121 sit

258 1141 389 1175 istarum
417 1151 537 1174 vocum
559 1138 736 1182 suppositio
750 1137 766 1169 ἒ
793 1138 849 1172 Λη
870 1149 986 1172 omnes
1001 1137 1064 1171 istae
1077 1148 1129 1172 vo-

257 1191 389 1224 litiones
412 1190 474 1224 sint
509 1189 740 1233 suppositiones
762 1189 775 1223 ἒ
812 1186 867 1222 An
893 1187 999 1222 solum
1022 1197 1131 1222 earum

257 1252 324 1274 una
337 1241 353 1271 ?
381 1240 502 1283 thuae
516 1239 531 1270 ?

307 1300 362 1326 21.
389 1292 435 1321 Et
457 1287 636 1331 respondeo:
661 1288 744 1322 Non
766 1299 882 1322 omnes
903 1288 978 1322 isias
1002 1287 1132 1321 volitio-

258 1350 316 1374 nes
341 1340 403 1373 effe
435 1337 696 1382 suppositiones3
738 1339 791 1372 sed
813 1339 916 1372 solam
935 1338 1130 1372 volitionem

258 1390 319 1423 tibi
357 1400 412 1433 per
440 1400 536 1423 voces
575 1389 778 1433 significandi
805 1399 911 1423 meam
933 1387 1130 1423 volitionem

258 1439 359 1473 eundi
381 1440 414 1472 in
429 1439 582 1474 Italiam:
612 1438 731 1472 volitio
752 1439 862 1482 itaque
873 1439 988 1472 meain
1000 1438 1130 1473 Italiam

258 1489 360 1522 eundi
381 1501 449 1523 non
474 1490 518 1522 est
541 1487 672 1522 istarum
699 1498 816 1521 vocum
843 1488 1050 1530 suppositio,·
1078 1487 1130 1521 sed

256 1539 468 1573 solummodo
489 1538 723 1583 significatum.
751 1536 909 1577 Ratioest:
933 1537 1024 1586 Qia
1036 1537 1131 1582 signi-

257 1589 390 1623 ficatum
414 1590 551 1623 formale
570 1587 604 1621 &
629 1587 806 1631 principale
835 1599 953 1621 vocum
981 1599 1049 1622 non
1079 1600 1134 1632 po·

257 1639 316 1673 test
342 1641 406 1673 effe
428 1650 548 1674 vocum
570 1637 769 1681 suppositi03
797 1638 850 1672 sed
878 1649 998 1672 vocum
1013 1639 1132 1681 suppo-

256 1689 332 1723 sitio
358 1689 403 1722 est
431 1689 548 1723 volitio
575 1688 759 1731 loquentis,
786 1699 850 1729 qua
874 1688 945 1721 vult
970 1700 1025 1731 per
1037 1699 1132 1722 voces

255 1738 403 1773 audienti
430 1740 602 1774 notificare
621 1739 730 1773 earum
743 1738 879 1772 formale
890 1737 1129 1782 significatum3

256 1788 345 1822 verb.
358 1799 404 1834 gr.
425 1801 502 1824 cum
526 1789 604 1823 dico
625 1813 637 1829 ‚
662 1787 746 1820 bomo
765 1787 805 1828 est
823 1789 942 1821 animal
960 1812 970 1828 ,
1001 1788 1133 1822 istarum

254 1849 377 1873 vocum
397 1839 572 1883 suppositio
595 1849 664 1872 non
688 1838 734 1872 est
754 1837 940 1873 humanitas
959 1839 992 1872 &
1014 1837 1135 1872 anima·

255 1888 352 1931 litas;
380 1889 435 1923 sed
458 1888 576 1924 volitio
597 1900 692 1928 mea,
722 1899 785 1931 qua
807 1889 955 1923 audienti
980 1889 1059 1923 volo
1077 1887 1134 1921 hu-

256 1940 450 1971 manitatem
471 1940 505 1972 &
528 1939 764 1972 animalitatem
787 1939 965 1981 significare
989 1962 996 1968 .
1029 1938 1135 1977 Atqui

258 1997 331 2020 mea
361 1986 394 2019 in
417 1987 546 2020 Italiam
576 1985 675 2020 eundi
708 1986 828 2019 volitio
857 1986 996 2027 respeiiu
1021 1983 1134 2018 harum

258 2047 378 2069 vocum
397 2061 407 2076 ‚
446 2037 511 2069 volo
544 2042 586 2069 ire
606 2043 640 2068 in
659 2036 782 2068 Italiam
807 2058 817 2074 ‚
850 2035 894 2069 est
919 2034 1133 2079 significatum

258 2080 451 2128 principale:
480 2086 528 2117 uti
552 2085 597 2117 est
621 2085 848 2117 manifestum.
879 2085 967 2126 Ergo
990 2083 1045 2116 illa
1065 2094 1133 2115 non

255 2135 301 2168 est
327 2134 457 2167 istarum
484 2144 602 2166 vocum
625 2130 827 2174 suppositio;
854 2131 906 2164 sed
933 2132 1066 2164 isiarum
1081 2141 1135 2163 vo·

255 2194 333 2217 curn
357 2182 532 2226 suppositio
554 2183 599 2214 est
624 2180 764 2220 volitio,
793 2191 855 2223 qua
882 2181 960 2214 volo
989 2180 1048 2214 tibi
1078 2192 1135 2214 no-

255 2234 378 2267 tificare
399 2233 493 2266 istam
520 2232 714 2266 volitionem
733 2230 952 2272 principaliter
976 2241 1028 2272 per
1040 2241 1135 2264 voces

256 2283 331 2316 istas
354 2281 568 2326 significatam
591 2305 598 2313 .
630 2280 680 2313 Ex
703 2290 765 2321 qua
789 2279 936 2311 dostrina
961 2303 971 2318 ‚
1001 2280 1021 2311 si
1046 2281 1135 2312 locus

256 2331 313 2366 hic
334 2340 514 2374 pateretur,
538 2330 639 2372 posset
662 2329 735 2371 quis
753 2327 911 2361 resolvere
934 2322 1079 2370 quaeda'ln
1101 2339 1133 2361 tn

260 2381 334 2424 Jure
353 2382 399 2415 sat
423 2381 648 2414 controversa.

308 2441 376 2467 υ...
392 2430 519 2472 objicies
536 2428 691 2472 secunda:
730 2427 835 2462 Vocis
871 2427 1050 2471 suppositio
1090 2428 1133 2461 est

258 2480 347 2515 vocis
373 2479 413 2513 ad
440 2480 690 2523 significandum
718 2478 895 2521 applicatio
912 2501 922 2516 ,
950 2480 981 2511 ὅ(
1007 2478 1038 2510 in
1065 2489 1134 2510 ora-

257 2531 360 2565 tionis
386 2539 545 2564 contextu
567 2529 701 2572 positio:
729 2532 816 2572 atqui
846 2530 935 2561 vocis
958 2527 1133 2571 applicatio

256 2582 292 2615 ἀ
319 2581 352 2614 in
379 2580 531 2614 oratione
558 2578 675 2622 politio
704 2590 771 2612 non
798 2578 843 2612 est
870 2578 957 2611 vocis
972 2579 1131 2620 prolatio:

257 2641 337 2674 ergo
357 2630 450 2663 vocis
479 2629 655 2671 suppositio
677 2630 776 2661 etiam
808 2640 875 2661 non
902 2627 947 2661 est
962 2628 1051 2661 vocis
1065 2639 1132 2670 pro-

258 2681 341 2713 latio
362 2690 436 2712 curn
466 2678 890 2720 intentionesignificandi.
921 2678 1069 2711 Probatur
1081 2683 1134 2710 mi-

259 2741 329 2763 nor:
360 2729 448 2775 Qia
471 2728 514 2761 ita
538 2729 568 2760 se
591 2725 687 2760 habet
707 2727 886 2767 applicatio
908 2729 942 2761 &
968 2728 1084 2769 positio
1101 2730 1132 2760 in

258 2779 407 2813 oratione
427 2778 467 2811 ad
492 2788 605 2811 vocem
630 2776 907 2820 fignificaturam,
933 2777 1012 2810 ficut
1039 2778 1070 2810 se
1084 2777 1135 2810 ha·

260 2830 316 2864 bet
341 2827 516 2872 applicatio
547 2828 578 2861 &
598 2827 714 2870 positio
739 2827 770 2859 in
798 2829 931 2859 camino
957 2826 997 2860 ad
1022 2826 1133 2871 ignem

259 2880 490 2913 calefaeturum
513 2890 524 2910 .·
551 2880 638 2918 atqui
663 2876 842 2919 applicatio
863 2876 895 2908 &
920 2877 1007 2919 ignis
1030 2877 1063 2909 in
1086 2889 1135 2911 ca-

258 2929 352 2963 mino
374 2929 492 2972 positio
514 2939 581 2961 non
606 2926 651 2961 est
676 2927 762 2971 ignis
781 2926 950 2969 produdiio
975 2938 983 2968 3
1011 2926 1064 2960 sed
1089 2928 1136 2960 so-

258 2978 434 3013 lummodo
457 2978 600 3020 quaedam
621 2977 709 3010 illius
733 2977 844 3011 localis
858 2975 981 3009 motio:
1010 2987 1089 3020 ergo
1101 2977 1135 3010 fi·

259 3030 382 3064 militer
403 3029 493 3062 vocis
517 3029 693 3072 applicatio
719 3027 751 3061 &
778 3028 811 3060 in
842 3027 992 3060 oratione
1018 3026 1136 3068 positio

261 3092 329 3113 non
353 3080 397 3113 est
422 3079 511 3112 vocis
532 3078 701 3123 produeiio
722 3078 774 3111 seu
805 3076 946 3120 prolatio
970 3101 977 3108 .
1004 3078 1049 3109 Et
1069 3088 1135 3110 con-

257 3128 414 3170 firmatur:
441 3130 532 3177 Qia
552 3129 670 3173 positio
691 3128 725 3160 in
748 3128 899 3161 oratione
923 3125 1018 3160 habet
1043 3127 1074 3161 se
1094 3126 1135 3160 ad

262 3189 378 3212 vocem
401 3203 412 3218 ,
436 3180 515 3213 ficut
537 3179 654 3222 positio
677 3178 712 3212 in
735 3175 845 3211 charta
864 3200 874 3216 ,
900 3175 1021 3210 foribus
1045 3201 1057 3218 ‚
1083 3177 1135 3211 vel

260 3229 386 3272 templo
409 3229 471 3263 sese
495 3229 592 3263 habet
605 3230 644 3263 ad
660 3228 845 3271 scripturam
862 3251 872 3266 ‚
899 3224 1049 3260 hederam
1063 3252 1074 3268 ‚
1101 3227 1136 3261 &

259 3279 400 3312 statuam
428 3291 439 3311 .-
473 3280 562 3322 atqui
584 3280 650 3313 istae
676 3278 847 3322 positiones
870 3287 936 3310 non
962 3278 1034 3311 sunt
1062 3276 1135 3311 isto-

263 3339 334 3362 rum
357 3330 521 3373 signorum
543 3328 768 3371 productiones
792 3342 799 3360 ε
838 3328 884 3360 uti
914 3325 959 3359 est
986 3327 1110 3362 clarum
1126 3351 1133 3358 .

265 3378 356 3423 Ergo
384 3390 489 3421 neque
516 3379 605 3412 vocis
632 3380 665 3412 in
691 3378 840 3414 oratione
867 3376 985 3421 positio
1011 3379 1072 3420 esse
1083 3388 1136 3421 po-

264 3429 323 3463 test
351 3429 439 3463 vocis
467 3429 574 3471 positae
600 3429 788 3471 produstio.

318 3487 373 3526 23.
399 3477 486 3522 Resp.
511 3480 643 3521 negando
663 3486 834 3521 minorem,
863 3480 896 3513 (9·
919 3479 1063 3519 majorem
1071 3485 1137 3520 pro-

1942 170 2033 202 211

1200 234 1345 268 battonis:
1372 231 1553 266 Diversitas
1579 232 1695 276 quippe
1717 236 1802 272 inter
1828 237 1904 272 istas
1926 237 2006 273 duas
2020 251 2076 283 po.

1199 284 1332 318 sitiones
1357 282 1402 316 est
1429 292 1547 326 magna
1581 306 1591 321 ,
1618 284 1651 316 ἀ
1674 286 1756 320 clara
1778 312 1785 320 .
1812 289 1901 335 Quia
1923 292 1957 322 in
1980 290 2073 324 rebus

1200 333 1333 373 solidis,
1358 344 1395 367 ac
1420 332 1685 386 permanentibus
1710 337 1798 370 aliud
1822 340 1865 372 est
1878 340 2074 382 produetio,

1197 382 1286 418 aliud
1308 382 1376 425 ejus
1398 383 1576 426 applicatio
1605 384 1650 415 vel
1683 384 1715 415 in
1744 397 1830 418 cetto
1852 389 1926 423 loco
1938 389 2073 433 positio,

1198 442 1233 468 ut
1253 443 1484 477 argumentum
1518 433 1600 467 bene
1626 433 1756 467 affumit
1775 458 1782 466 .
1821 435 1924 471 Unde
1950 439 1998 473 hae
2025 451 2075 474 res

1198 483 1304 527 primo
1326 483 1573 526 producuntur,
1598 495 1635 517 ac
1657 482 1777 517 deinde
1802 483 1856 517 hic
1878 488 1927 520 vel
1951 490 1995 522 ibi
2018 501 2075 532 ap-

1198 534 1379 577 plicantur,
1404 534 1435 567 &
1458 544 1644 576 ponuntur.
1677 531 1724 567 At
1750 532 1874 567 veroin
1887 535 2076 573 rebustran-

1199 582 1386 623 seuntibus,
1413 595 1450 618 ac
1477 584 1677 623 successivis,
1704 584 1754 618 vel
1777 585 1865 627 quasi
1878 585 2073 621 successivis:

1197 634 1306 677 quales
1328 635 1399 668 sunt
1427 634 1498 668 soni
1525 635 1558 669 ἀ
1587 645 1681 668 voces
1702 658 1712 674 ,
1739 645 1807 668 non
1832 633 1985 669 differunt
2005 647 2075 679 pro·

1197 685 1331 724 duffio,
1358 684 1504 727 positio,
1529 685 1564 719 δε
1590 685 1786 727 applicatio:
1814 684 1902 719 unde
1925 686 2016 720 vocis
2040 687 2075 719 in

1197 735 1346 768 oratione
1370 734 1487 777 pofitio
1510 734 1596 768 idern
1620 735 1664 768 est
1687 758 1699 774 ,
1738 735 1828 779 quod
1847 736 1936 769 vocis
1957 735 2076 780 produ-

1197 785 1263 819 eiio
1287 785 1504 826 seuprolatio
1523 798 1534 817 :
1565 786 1597 818 δε
1623 796 1737 819 vocem
1762 785 1794 818 in
1812 787 1963 820 oratione
1977 797 2076 829 pone-

1197 846 1230 868 re
1257 835 1342 868 idem
1364 833 1505 868 omnino
1527 835 1573 868 est
1596 859 1608 876 ,
1644 835 1732 879 quod
1762 846 1875 869 vocem
1898 837 2042 879 proferre
2061 859 2074 876 ,

1198 885 1395 929 producere,
1422 885 1471 918 vel
1496 886 1724 928 pronuntiare.
1754 884 1871 929 Neque
1893 887 1981 920 enim
2006 897 2075 920 vox

1199 933 1303 978 primo
1324 933 1516 978 producitur
1548 960 1559 975 ,
1598 936 1630 969 &
1653 936 1771 970 deinde
1797 937 1829 969 in
1860 935 1921 970 hac
1943 936 1994 970 vel
2017 936 2076 970 ista

1197 985 1347 1018 oratione
1374 986 1506 1028 ponitur
1538 986 1572 1020 δε
1595 986 1796 1029 applicatur3
1825 985 1877 1020 sed
1901 998 2016 1020 vocem
2039 989 2076 1019 in

1197 1034 1345 1068 oratione
1369 1035 1447 1077 poni
1477 1034 1563 1069 idem
1588 1037 1632 1069 est
1650 1060 1660 1075 ‚
1681 1037 1770 1079 quod
1786 1048 1899 1070 vocem
1915 1037 2077 1080 proferri,

1198 1097 1236 1120 ac
1260 1084 1416 1129 produci.
1449 1084 1567 1127 Neque
1592 1086 1691 1119 etiam
1719 1097 1832 1119 vocem
1856 1087 1890 1119 in
1913 1086 2077 1121 orationis

1199 1144 1357 1170 contextu
1382 1145 1504 1178 ponere
1533 1134 1577 1168 est
1602 1147 1716 1169 vocem
1744 1137 1912 1170 transferre
1942 1137 1975 1170 ὅ(
2000 1136 2077 1170 loco

1200 1196 1354 1225 movere;
1383 1185 1434 1218 sed
1459 1184 1504 1218 est
1526 1195 1640 1219 vocem
1664 1186 1748 1218 intra
1773 1187 1933 1219 orationis
1944 1195 2080 1219 contex-

1202 1247 1270 1269 tum
1298 1234 1460 1278 proferre,
1486 1233 1531 1268 est
1559 1246 1673 1269 vocem
1701 1234 1897 1278 proferendo
1918 1235 2078 1269 orationis

1199 1296 1391 1320 contextum
1419 1285 1522 1318 facere
1544 1309 1556 1325 ,
1587 1287 1640 1319 seu
1661 1286 1845 1319 orationem
1867 1295 2043 1319 contexere
2069 1310 2077 1317 .

1202 1336 1252 1370 Ex
1285 1346 1352 1379 quo
1391 1335 1490 1369 etiam
1532 1346 1620 1378 patet
1648 1336 1810 1378 responsio
1838 1336 1878 1370 ad
1905 1335 2078 1369 confirma·

1199 1386 1325 1420 tionem
1349 1410 1357 1417 .
1384 1385 1538 1429 Neganda
1565 1392 1674 1428 quippe
1699 1386 1736 1425 esi
1763 1389 1873 1426 major:
1907 1386 1995 1420 Nam
2024 1385 2078 1420 he-

1199 1437 1294 1476 dera,
1322 1435 1425 1470 statua
1442 1460 1452 1476 ,
1480 1435 1609 1479 aliaque
1629 1437 1746 1470 similia
1775 1438 1847 1470 sunt
1872 1438 1962 1470 entia
1984 1437 2077 1469 firma

1197 1488 1230 1520 ὅ(
1254 1486 1479 1530 permanentia
1505 1497 1512 1516 ε
1557 1488 1588 1519 in
1612 1486 1728 1529 quibus
1763 1486 1900 1529 proinde
1921 1487 2009 1519 aliud
2031 1484 2078 1518 est

1200 1536 1370 1579 produstio
1390 1561 1400 1576 ‚
1427 1535 1517 1569 aliud
1545 1537 1577 1567 in
1607 1536 1682 1569 loco
1711 1537 1827 1578 positio
1857 1538 1910 1569 seu
1936 1535 2077 1578 applica-

1199 1588 1266 1620 tio:
1295 1586 1313 1619 ὲ
1339 1585 1455 1628 quibus
1482 1585 1619 1627 proinde
1646 1596 1714 1617 non
1744 1585 1847 1627 potest
1876 1583 1960 1618 trahi
1986 1595 2080 1629 argu-

1200 1646 1347 1671 mentum
1374 1635 1414 1669 ad
1443 1635 1562 1673 sonos,
1590 1635 1624 1668 &
1652 1645 1768 1668 voces.

1251 1696 1306 1732 24.
1334 1686 1466 1724 objicies
1493 1687 1600 1717 tertia:
1627 1685 1749 1719 Eadem
1778 1695 1842 1718 vox
1871 1683 1973 1727 potest
1986 1682 2082 1719 habe-

1202 1747 1236 1770 re
1256 1735 1349 1769 fimus
1376 1736 1482 1780 plures
1498 1736 1753 1779 suppositione83
1783 1734 1991 1779 atquieudern
2004 1735 2081 1772 voci

1203 1789 1236 1820 in
1264 1796 1373 1819 mente
1400 1786 1563 1828 loquentis
1593 1797 1660 1819 non
1689 1786 1943 1828 correspondent
1972 1785 2080 1827 plures

1204 1835 1379 1870 volitiones
1405 1835 1607 1880 significandi
1626 1850 1638 1870 .·
1664 1848 1698 1869 ut
1727 1835 1903 1877 unicuique
1932 1846 1987 1877 per
2007 1846 2081 1877 pro·

1203 1887 1304 1929 priam
1330 1886 1564 1928 experientiam
1592 1886 1736 1919 constat.
1769 1886 1857 1928 Ergo
1886 1888 1975 1918 vocis
2009 1885 2080 1927 sup-

1203 1935 1318 1975 positio
1345 1936 1457 1975 nequit
1483 1935 1545 1967 esse
1572 1934 1738 1977 loquentis
1760 1935 1878 1969 volitio
1894 1958 1901 1965 .
1931 1935 2082 1968 Probatur

1201 1984 1316 2023 major;
1345 1983 1436 2029 Qia
1464 1984 1497 2017 in
1529 1984 1587 2017 bac
1611 1984 1851 2027 propositione,
1878 1990 1973 2017 omnis
2001 1985 2084 2020 homa

1206 2032 1242 2072 est
1262 2035 1379 2064 animal
1397 2057 1407 2071 ‚
1435 2044 1500 2066 vox
1534 2036 1649 2066 amma!
1674 2034 1769 2068 habet
1797 2035 1886 2067 simul
1915 2035 2083 2078 acceptio-

1205 2092 1278 2113 nem
1306 2082 1475 2114 confusam
1499 2107 1511 2124 ,
1537 2084 1571 2115 δε
1598 2084 1850 2124 appellationem
1879 2082 2050 2120 formalem
2072 2096 2081 2116 ε

1205 2139 1240 2162 ut
1270 2140 1387 2162 notum
1415 2130 1458 2162 est
1489 2131 1879 2174 intelligentiterminos.
1910 2136 2013 2177 Atqui
2026 2147 2082 2168 ac-

1205 2180 1314 2221 ceptio
1342 2181 1477 2213 confusa
1504 2182 1537 2215 ὃ(
1565 2181 1741 2223 appellatio
1770 2183 1922 2216 formalis
1950 2185 2023 2217 sunt
2035 2185 2084 2218 di·

1205 2229 1299 2262 versa:
1326 2230 1560 2271 suppositiones
1585 2245 1596 2263 .·
1622 2232 1668 2263 uti
1700 2232 1823 2273 patebit
1851 2233 1934 2267 infra
1956 2258 1963 2265 .
1992 2234 2083 2279 Ergo

1202 2278 1315 2310 eadem
1345 2289 1409 2310 vox
1439 2279 1540 2319 pottst
1566 2279 1660 2311 simul
1688 2279 1807 2314 habere
1835 2283 1943 2324 plures
1969 2285 2084 2327 suppo-

1202 2327 1354 2360 sitiones.
1385 2326 1470 2369 Resp.
1496 2328 1559 2367 dist.
1578 2330 1720 2369 majorem
1744 2341 1755 2360 .-
1784 2329 1907 2363 Eadem
1935 2339 2000 2365 v'ox
2027 2346 2082 2377 po-

1201 2377 1256 2410 test
1288 2375 1407 2409 habere
1442 2377 1534 2410 simul
1562 2378 1668 2420 plures
1695 2378 1928 2420 suppositiones
1954 2382 2082 2418 realiter

1200 2427 1364 2459 distinctas
1390 2426 1460 2468 :fic
1486 2438 1558 2472 nego
1577 2453 1584 2459 .
1615 2427 1724 2461 Potest
1756 2427 1872 2462 habere
1899 2429 2005 2472 plures
2029 2444 2080 2467 ac-

1200 2477 1366 2517 ceptiones
1404 2477 1471 2511 sola
1510 2478 1638 2511 ratione
1663 2478 1830 2513 distindsas
1851 2491 1858 2511 ι
1880 2479 1919 2520 fic
1941 2483 2079 2515 concedo.

1199 2527 1279 2573 Qo
1319 2526 1421 2569 posito
1460 2536 1530 2561 tota
1557 2528 1680 2562 corruit
1708 2530 1837 2571 conseq.
1868 2530 1923 2563 Ad
1947 2531 2082 2574 majoris

1201 2576 1430 2619 probationem
1453 2578 1530 2611 dico
1543 2602 1554 2617 ‚
1580 2577 1803 2621 acceptionem
1817 2578 2010 2615 difiunstam
2022 2583 2079 2617 seu

1199 2626 1390 2667 confusam,
1422 2627 1454 2661 &
1483 2628 1738 2671 appellationem
1768 2630 1939 2664 formalem
1969 2632 2078 2667 effein

1200 2688 1233 2710 re
1260 2676 1354 2720 plane
1381 2676 1489 2720 idem3
1519 2678 1796 2722 solummodoque
1823 2680 1994 2715 differtein
2009 2693 2078 2716 mo-

1199 2727 1243 2760 do
1269 2726 1502 2770 concipiendi,
1528 2728 1560 2762 &
1587 2728 1795 2772 significandi
1821 2753 1828 2761 .
1855 2730 1910 2763 De
1937 2742 2004 2774 quo
2031 2732 2080 2767 in·

1199 2777 1244 2810 fra
1271 2778 1329 2811 suo
1357 2777 1453 2810 loco.

1251 2837 1306 2873 25.
1362 2827 1488 2868 objicies
1507 2830 1639 2869 quarta:
1667 2828 1700 2862 Si
1725 2831 1814 2863 vocis
1835 2829 2009 2873 suppositio
2028 2832 2076 2866 fo·

1200 2888 1246 2911 ret
1276 2877 1365 2910 vocis
1391 2878 1530 2921 prolatio
1557 2879 1653 2912 simul
1680 2891 1756 2913 cum
1784 2880 1970 2915 intentione
1991 2903 2001 2919 ‚
2038 2893 2077 2916 ac

1201 2927 1361 2961 volitione
1398 2928 1602 2972 significandi
1626 2952 1637 2968 ,
1674 2940 1754 2964 tunc
1782 2941 1877 2964 voces
1903 2931 1921 2964 a
1948 2930 2073 2972 brutis,

1199 2979 1232 3011 ἀ
1257 2978 1357 3011 etiam
1386 2976 1576 3012 hominibus
1603 2978 1843 3014 dormientibus
1867 2981 1994 3024 ptolatae
2005 2991 2075 3015 non

1202 3027 1358 3061 haberent
1384 3027 1641 3070 suppositionem
1670 3041 1677 3061 :
1718 3029 1767 3062 illi
1804 3032 1923 3074 quippe
1948 3056 1959 3073 ‚
1995 3031 2074 3066 dum

1202 3089 1296 3112 voces
1324 3079 1519 3120 proferunv,
1547 3078 1727 3122 fignificare
1754 3091 1820 3113 non
1844 3081 1958 3114 volunt
1975 3105 1986 3121 ,
2014 3093 2075 3115 nec

1202 3127 1376 3161 intendunt
1403 3152 1410 3159 .
1453 3127 1558 3171 Atqui
1586 3128 1650 3162 hoc
1676 3131 1877 3173 consequens
1903 3131 2074 3170 absurdum

1201 3177 1268 3211 est:
1295 3178 1648 3220 ergo&antecedens.
1676 3179 1827 3213 Probatur
1838 3187 1956 3215 minor:
1985 3180 2075 3226 Qia

1204 3238 1297 3261 voces
1324 3226 1491 3260 brutorum
1519 3230 1591 3262 astu
1621 3229 1826 3273 fignificant:
1854 3230 1939 3264 verb.
1963 3242 2011 3276 gr.
2030 3231 2076 3265 hae

1202 3288 1296 3311 voces
1334 3275 1416 3308 homo
1447 3277 1484 3317 est
1524 3279 1639 3311 animal
1660 3304 1669 3319 ,
1711 3279 1839 3323 prolatae
1859 3282 1876 3315 ὶ
1903 3281 2038 3325 psittaco
2065 3306 2075 3322 ‚

1203 3328 1273 3360 actu
1302 3326 1380 3369 saepe
1406 3325 1612 3371 significant.
1643 3330 1733 3374 Ergo
1760 3332 1833 3364 sunt
1848 3331 2011 3375 suppositae
2024 3329 2076 3365 ha-

1204 3377 1346 3419 bentque
1373 3377 1623 3420 suppositionem
1647 3393 1658 3412 .·
1691 3380 1838 3423 adeoque
1865 3382 1980 3415 falsum
2006 3382 2050 3414 est
2067 3404 2077 3420 ‚

1204 3426 1291 3470 quod
1322 3437 1416 3460 voces
1443 3428 1460 3462 a
1490 3426 1589 3462 brutis
1617 3430 1746 3471 prolatae
1768 3441 1835 3464 non
1856 3429 2079 3471 habeantsup-

1204 3476 1399 3522 positionem
1420 3502 1428 3510 .
1473 3480 1654 3514 Antecedens
1688 3479 1777 3524 hujus
1797 3480 2018 3520 enthymematis
2042 3477 2080 3518 est

1966 3529 2025 3561 cla-
