2384 3770
543 118 707 180 Quto
758 117 855 161 Sir
910 116 1037 161 Vox
1086 111 1346 161 TRANSc.
1402 110 1478 156 Er
1522 116 1703 161 PRAED.

222 200 286 235 cile
305 202 445 242 servare3
471 199 517 234 ast
531 200 612 234 illud
637 199 691 234 hic
705 210 773 234 non
788 209 893 240 quaero
906 213 917 232 .-
945 197 997 232 sed
1009 209 1093 242 quar-

224 262 283 291 ro,
309 263 350 284 an
366 250 477 295 salvari
491 275 501 290 ,
517 251 551 284 ἀ
570 250 735 293 justificari
748 248 841 291 poffit
860 247 894 286 in
908 248 1092 291 ‘principiis

225 301 392 335 sententiae
416 300 530 335 decem
558 300 802 343 praedicamenta
826 297 998 331 statuentis
1021 322 1032 337 ‚
1058 298 1092 332 &

225 350 336 384 Deum
355 375 366 390 ,
393 352 581 390 materiam,
607 350 773 386 formam,
801 347 962 381 unionem
984 372 994 387 ‚
1022 358 1093 381 om·

225 410 366 444 nemque
387 400 620 444 incompletam
643 396 855 430 &infinitam
880 397 1092 431 substantiam

225 449 244 481 ὲ
266 451 514 493 praedicamento
536 446 719 482 substantiae
740 447 941 490 relegantis?
971 449 1014 481 Et
1036 448 1093 481 mi-

225 498 263 532 hi
286 501 408 544 semper
428 500 531 533 uisum
563 497 608 530 est
627 520 638 536 ‚
659 496 759 539 &quod
781 497 814 529 in
838 496 899 532 hac
934 499 1093 532 sententia

225 547 379 584 definitio
397 549 585 582 nullatenus
606 546 700 589 poffit
721 546 886 588 justificari
908 573 918 588 ,
957 560 1016 582 nec
1035 548 1093 580 sal·

226 600 292 634 vari
315 612 324 633 :
360 608 473 641 utpote
504 607 575 641 quae
596 608 664 629 non
699 596 734 630 sit
761 607 835 631 cum
869 598 927 631 suo
951 597 1091 631 definito

224 646 447 682 convertibilis
471 671 479 679 .
513 648 601 680 Illam
623 657 689 690 ergo
701 652 746 680 ita
762 649 932 690 aggredior:
963 649 1092 682 Dantur

223 698 332 739 aliqua
355 696 524 740 praedicata
563 697 827 731 transcendentia
851 721 862 737 ,
888 709 960 739 quae
981 709 1091 732 tamen

222 758 294 781 non
317 757 473 791 vagamur
487 758 542 789 per
553 746 645 790 plura
667 746 934 790 praedicamenta:
960 760 1040 791 ergo
1050 747 1090 781 ad

224 797 519 831 transcendentiam
541 808 608 830 non
621 796 792 839 requiritur
815 798 948 841 vagatio
959 808 1014 840 per
1025 797 1090 839 plu·
1105 829 1107 832 ,

223 858 258 881 ra
280 846 546 890 praedicamenta:
569 858 649 890 ergo
673 845 824 879 definitio
846 847 943 879 talem
971 847 1091 890 vagati·

222 907 324 930 onem
344 899 510 940 requirens
533 907 602 930 non
621 895 665 928 est
681 893 767 928 bona
780 919 791 935 ,
804 907 910 938 neque
929 896 1092 930 converti-

224 945 300 980 bilis
313 970 320 978 .
352 947 503 980 Probatur
522 947 722 979 antecedem:
749 945 839 991 Qia
853 945 1030 980 substantia
1053 946 1093 979 la-

219 994 340 1030 tissime
363 997 488 1040 sumpta
510 1018 520 1034 ,
539 1006 634 1038 prout
656 994 811 1029 abstrahit
833 995 851 1029 a
874 996 967 1030 finita
989 997 1023 1030 &
1047 997 1092 1029 iu-

217 1045 316 1079 ‘finita
340 1070 352 1087 ,
373 1046 391 1079 a
408 1046 572 1089 completa
593 1047 627 1079 ἀ
650 1046 849 1088 incompleta
866 1070 877 1086 ,
909 1047 955 1080 est
981 1045 1094 1089 praedi-

223 1106 334 1130 catum
356 1094 584 1131 transcendens
595 1099 612 1127 ι·
625 1096 716 1137 atqui
738 1094 914 1130 substantia
943 1095 999 1130 illa
1025 1108 1093 1129 non

223 1157 359 1190 vagatur
390 1158 444 1189 per
476 1147 567 1189 plura
595 1144 841 1189 praedicamenta
867 1159 878 1179 :
899 1157 978 1190 ergo
1001 1144 1094 1180 datur

223 1194 431 1238 praedicatum
461 1194 690 1230 transcendens
717 1218 728 1235 ,
752 1195 842 1239 quod
866 1207 934 1230 non
961 1206 1095 1241 vagatur

223 1255 280 1289 per
300 1246 389 1288 plura
411 1246 674 1291 praedicamenta.
768 1248 773 1257 ¹

274 1302 329 1331 22.
346 1296 384 1328 ln
397 1293 462 1328 hoc
474 1295 666 1339 syllogismo
680 1295 845 1338 probanda
857 1295 903 1330 est
915 1295 1018 1337 major
1029 1320 1040 1336 ,
1062 1295 1097 1327 fi-

220 1346 347 1379 mulae
369 1345 497 1378 minor.
524 1349 704 1386 Incipiamus
726 1347 747 1377 ἃ
769 1350 890 1379 minori:
914 1347 1027 1394 Qia,
1058 1357 1094 1378 ut

223 1394 290 1438 jam
303 1395 371 1428 dixi
385 1419 395 1436 ‚
422 1396 532 1439 vagari
543 1407 597 1438 per
608 1395 697 1438 plura
710 1394 955 1439 praedicamenta
973 1395 1019 1429 est
1041 1397 1095 1428 ha-

223 1444 302 1478 bere
322 1445 476 1479 inferiora
487 1445 650 1479 collocata
672 1446 707 1478 in
729 1445 862 1479 diversis
873 1446 1097 1488 praedicamen-

225 1494 288 1527 tis.-
315 1495 405 1537 atqui
428 1494 602 1528 substantia
631 1493 778 1528 latiffime
801 1496 927 1537 sumpta
950 1506 1018 1528 non
1040 1494 1095 1528 ha-

225 1542 282 1578 bet
294 1544 446 1578 inferiora
457 1545 619 1579 collocata
640 1544 675 1577 in
688 1543 815 1578 diversis
830 1545 1094 1588 praedicamentis:

224 1592 305 1641 ergo
328 1593 502 1629 substantia
523 1606 590 1629 non
614 1594 659 1628 est
684 1594 892 1636 praedicatum
907 1606 1026 1640 vagans
1043 1607 1096 1638 per

226 1646 352 1681 diversa
372 1645 616 1687 praedicamenta
639 1669 644 1675 .
677 1643 824 1677 Probatur
843 1652 940 1678 minor
961 1659 973 1679 .-

227 1696 384 1731 inferiora
404 1695 584 1729 substantias
608 1695 679 1727 sunt
691 1691 794 1728 hono
809 1719 820 1734 ‚
850 1695 979 1730 brutum
993 1704 1010 1735 ,'
1029 1696 1101 1731 ani-

226 1746 320 1785 mal,
345 1744 475 1784 vivens,
499 1755 636 1788 corpu5‚
665 1744 772 1784 Deus,
793 1748 952 1785 materia,
978 1746 1096 1785 forma,

226 1797 334 1835 unio,
360 1795 421 1828 &c-
450 1795 674 1838 Atquialiqua
698 1792 816 1829 horum
835 1795 1048 1829 continentur
1063 1796 1098 1829 in

225 1845 477 1891 praedicamento
488 1844 683 1885 substantiae,
697 1844 759 1879 alia
775 1846 849 1880 vero
861 1846 982 1880 scilicet
995 1846 1099 1886 Deus,

226 1897 358 1931 materia
369 1921 379 1935 ,
401 1896 506 1930 forma
519 1921 530 1937 ‚
556 1897 660 1936 unio,
680 1896 813 1937 aliaeque
825 1896 944 1931 similes
957 1896 1101 1932 substan-

226 1946 279 1979 tiae
289 1945 508 1987 incompletae,
522 1957 589 1978 non
601 1945 735 1987 quidem
751 1947 965 1978 continentur
979 1947 1014 1978 in
1028 1956 1097 1987 prae-

227 1996 416 2030 dicamento
437 1992 639 2037 substantiae(
655 1994 772 2035 loquor
796 1993 831 2028 in
851 1994 916 2029 fide
935 1994 1100 2028 sententiae

226 2045 414 2080 communis
438 2045 450 2085 )
473 2043 526 2077 sed
549 2054 652 2085 neque
674 2043 930 2078 collocanturin
942 2043 1011 2076 ullo
1032 2045 1099 2078 alio

227 2094 495 2138 praedicamento:
520 2102 596 2124 cum
607 2093 720 2124 omnia
732 2093 929 2125 alia—novem
953 2093 1099 2134 praedica-

226 2154 337 2179 menta
347 2143 408 2176 sint
421 2139 661 2183 praedicamenta
675 2140 894 2174 accidentium
908 2165 918 2180 ‚
933 2142 966 2174 in
983 2140 1100 2185 quibus

226 2205 296 2229 non
311 2194 440 2236 possunt
452 2189 597 2224 habitare
611 2188 807 2224 substantiae.
839 2191 919 2225 Sunt
939 2202 1019 2235 ergo
1043 2193 1100 2225 illa

224 2255 316 2279 extra
327 2252 428 2275 omne
437 2241 743 2283 praedicamentum.-
766 2249 856 2273 extra
881 2252 1014 2274 omnem
1039 2242 1098 2274 Lo.

229 2295 308 2339 gicae
321 2291 437 2331 Remp.
448 2290 482 2323 δε
495 2290 788 2332 congregationem
800 2312 810 2327 ,
830 2289 898 2322 fine
909 2299 995 2322 certa
1018 2290 1099 2328 sede,

230 2346 264 2378 ὅ(
278 2340 461 2380 domicilio,
473 2339 623 2383 vagantia
639 2362 646 2369 .
676 2336 765 2381 Ergo
777 2335 953 2371 substantia
966 2339 1000 2371 in
1013 2350 1100 2372 com·

230 2392 324 2428 muni
337 2388 483 2425 latissime
490 2389 614 2431 sumpta
627 2398 694 2421 non
706 2386 801 2421 habet
815 2388 970 2422 inferiora
998 2388 1096 2422 collo·

229 2453 302 2477 cata
316 2441 348 2474 in
362 2439 457 2473 variis
470 2437 741 2481 praedicarnentis;
757 2437 808 2470 sed
822 2436 918 2471 habet
930 2438 1038 2481 aliqua
1056 2440 1103 2472 in·

228 2491 346 2527 seriora
359 2490 640 2534 praedicamentum
653 2485 834 2522 substantiae
848 2487 1068 2522 inhabitantia
1084 2501 1097 2530 ;

228 2543 338 2585 aliqua
351 2538 428 2574 vero
437 2547 525 2573 extra
534 2547 634 2571 omne
645 2536 932 2580 praedicamentum
949 2538 1013 2572 sine
1037 2550 1100 2571 cer-

229 2604 261 2628 ta
272 2592 345 2626 sede
357 2589 507 2634 vagantia
517 2613 525 2621 .

282 2649 335 2686 23.
348 2640 498 2674 Probatur
512 2641 583 2678 jam
592 2640 686 2670 etiam
704 2639 817 2678 major:
838 2638 1093 2685 ,Qodscilicet

227 2691 409 2731 *substantia
423 2687 569 2722 latiffime
590 2688 714 2729 sumpta
736 2688 775 2721 sit
795 2691 1000 2730 praedicatum
1028 2689 1097 2722 vere

231 2739 478 2776 transcendens.
506 2737 595 2783 Qia
617 2737 679 2770 esse
699 2737 905 2779 praedicatum
929 2740 1097 2772 transcen—-

231 2791 312 2826 dens
322 2791 366 2824 est
379 2788 601 2823 transcendere
608 2786 740 2830 aliquod
756 2797 862 2819 totum
876 2788 1096 2829 praedicamen-

232 2852 303 2877 tum
315 2853 322 2873 ε
335 2839 413 2884 quid
425 2840 513 2873 enim
525 2838 632 2879 quaeso
643 2837 688 2870 est
703 2836 814 2870 aliud?
842 2835 945 2879 Atqui
958 2838 1095 2872 substan-

232 2894 277 2927 tia
299 2889 445 2924 latissime
468 2887 808 2932 sumptasranscendit
833 2887 1016 2921 universum
1040 2889 1096 2921 ali·

231 2941 321 2985 quod
334 2940 615 2984 praedicamentum
628 2951 639 2970 :
652 2935 729 2981 ergo
744 2937 814 2970 vere
825 2938 868 2969 est
888 2937 1095 2979 ptaedicatum

231 2990 482 3027 transcendens.
509 2986 655 3022 Probatur
678 2988 792 3020 mirsor:
815 2986 903 3033 Qia
925 2986 959 3020 id
973 3011 984 3027 ,
1005 2988 1095 3031 quod

231 3040 429 3076 transcendit
446 3037 581 3080 aliquus
604 3037 841 3082 praedicamenti
869 3047 973 3080 genus
1011 3039 1094 3071 sum-

231 3102 323 3125 mum
335 3091 454 3131 ‚etiam
467 3087 663 3127 transcendit
675 3088 858 3121 universum
873 3086 1082 3129 praedicamen

231 3151 322 3175 tum:
349 3141 426 3174 sicut
437 3138 529 3183 isqui
541 3137 739 3172 transcendit
752 3136 931 3176 Caesarem,
959 3137 1007 3170 vel
1028 3136 1091 3171 Pa·-

221 3202 304 3236 ·pam
318 3214 330 3230 ,
351 3191 451 3223 etiam
472 3188 666 3224 transcendit
689 3188 872 3221 universum
896 3186 1068 3229 Imperium
1082 3212 1092 3227 ‚

231 3251 288 3276 aut
301 3238 475 3274 Ecclesiam
490 3261 498 3270 .
524 3238 630 3282 Atqui
644 3237 818 3272 substantia
841 3236 988 3271 latissime
1011 3239 1092 3283 sum-

232 3302 287 3336 pta
299 3289 495 3324 transcendit
506 3288 715 3323 substantiam
726 3286 922 3330 completam
945 3287 1070 3322 finitam
1080 3311 1089 3326 ‚

222 3352 303 3384 quae
313 3340 399 3383 apud
409 3348 619 3372 communem
629 3338 815 3372 sententiam
828 3337 872 3370 est
891 3341 992 3379 genus
1013 3339 1090 3371 sum-

221 3402 325 3424 rmum
339 3391 371 3423 in
396 3386 644 3431 praedicamento
663 3386 843 3422 substantiae
856 3399 866 3419 .·
894 3398 973 3430 ergo
993 3389 1090 3422 etiam

227 3440 430 3475 <transcendit
450 3438 636 3472 universum
663 3437 843 3472 substantiae
872 3436 1090 3480 praedicamen-

342 3488 446 3529 Cbrist.
458 3491 538 3529 Lupi
547 3492 644 3529 Opera
667 3490 745 3520 Tem.
759 3489 830 3519 ΧΠ.

1008 1646 1111 1692 Qu

1891 129 1984 174 205

1156 207 1241 234 tum.
1267 198 1364 228 Minor
1376 196 1416 233 est
1425 197 1550 228 evidens
1566 210 1573 229 :
1596 200 1684 246 Qiia
1699 200 1923 243 transcendere
1932 202 1978 235 est
1990 204 2036 236 es-

1156 250 1188 282 se
1198 245 1353 288 superius,
1371 246 1416 278 est
1429 245 1546 279 habete
1560 248 1648 289 plura
1664 252 1815 286 inferiora
1830 265 1837 284 :
1863 253 1954 296 atqui
1964 251 2036 286 sub-

1138 296 1273 351 3stantia
1289 295 1439 330 latiffime
1449 297 1574 338 sumpta
1600 297 1645 328 est
1657 298 1772 335 directe
1795 304 1937 346 superior
1962 302 2035 336 sub·

1139 353 1142 399 g
1156 344 1272 381 stantia
1285 345 1570 388 completa-finita,
1585 345 1743 389 habetque
1758 352 1847 392 plura
1861 353 2027 392 inferiora,

1139 400 1253 439 lquarn
1269 396 1344 428 illa:
1372 407 1452 440 ergo
1464 396 1663 430 transcendit
1674 397 1782 431 illam.

1204 456 1261 486 24.
1277 449 1331 478 Ex
1345 445 1394 478 bn
1408 452 1509 488 itaque
1522 446 1675 479 concludo:
1690 446 2030 486 Hancvdefinitionem

1150 493 1237 540 -praed
1245 496 1323 529 icati
1334 497 1594 530 transcendentis
1604 520 1613 535 ‚
1628 495 1682 534 Est
1690 500 1891 537 praedicatum
1898 510 1954 542 per
1964 505 2032 543 plu-

1155 559 1191 580 ra
1204 557 1324 589 vagans
1336 547 1575 587 praedicamenta
1588 570 1600 586 ,
1625 557 1694 580 non
1710 548 1833 588 valere,
1860 561 1928 583 non
1954 564 2033 584 con-

1157 597 1267 630 venire
1281 597 1372 629 omni
1388 598 1445 629 suo
1457 597 1597 630 definito
1610 620 1620 634 ,
1633 608 1691 629 nec
1703 598 1764 630 esse
1777 598 2032 633 convertibilem

1133 657 1228 701 'cum
1243 645 1316 679 illo.
1347 646 1453 679 Debet
1466 648 1542 690 ergo
1554 646 1707 680 definitio
1719 648 1853 682 formari
1879 648 1944 682 hoc
1967 661 2034 682 rno-

1153 697 1197 730 do
1210 709 1220 730 .·
1235 696 1446 729 Praedicatum
1460 697 1690 730 transcendens
1701 697 1746 730 est
1761 697 1968 741 praedicatum
1984 700 2036 732 in-

1154 757 1200 780 tra
1213 748 1310 779 unius
1321 746 1557 788 praedicamenti
1572 747 1693 780 limites
1707 759 1773 781 non
1787 750 2036 783 contentumzld

1136 796 1204 836 qest:
1222 795 1275 829 Est
1297 797 1503 838 praedicatum
1517 821 1527 836 ,
1552 797 1644 838 cujus
1653 798 1767 831 omnia
1783 798 1937 832 inferiora
1964 810 2034 833 non

1153 845 1359 880 collocantur
1370 848 1403 879 in
1417 847 1531 881 eedem
1546 846 1796 889 praedicamento
1810 874 1817 880 .
1845 850 1926 882 Haec
1942 849 2034 891 quip-

1155 909 1195 938 pe
1206 896 1356 929 definitio
1368 898 1610 940 quadrat'omni
1624 897 1657 930 ὅ(
1669 898 1730 931 soli
1744 909 1802 942 :ut
1815 898 2034 933 consideranti

1155 945 1251 980 facile
1265 946 1382 989 poterit
1402 958 1523 989 patere.

1205 1004 1260 1040 25.
1275 996 1404 1028 Alterum
1412 996 1508 1029 adhuc
1517 996 1606 1036 restat
1622 998 1751 1032 dublum.
1770 999 1825 1033 An
1839 999 1951 1034 omnis
1964 1011 2030 1034 vox

1156 1043 1191 1077 fit
1206 1045 1257 1078 vel
1268 1045 1556 1088 praedicamentalis
1570 1047 1620 1080 vel
1633 1050 1923 1084 transcendentalis
1935 1075 1946 1091 ,
1961 1050 2035 1083 nul-

1157 1094 1383 1138 lumqueinter
1396 1097 1466 1129 illas
1480 1097 1572 1130 detur
1583 1098 1729 1133 medium
1744 1101 1761 1131 ‚2
1772 1097 1846 1141 resp.
1875 1101 1958 1134 Dari
1969 1110 2035 1133 mee

1157 1143 1250 1178 diurn
1262 1170 1269 1176 .
1285 1145 1385 1179 'Sicut
1397 1146 1485 1179 enim
1496 1146 1615 1180 dantur
1626 1149 1736 1191 aliqua
1747 1151 1833 1183 entia
1849 1174 1860 1188 ,
1882 1162 1954 1192 quat
1981 1160 2036 1183 ne-

1158 1206 1221 1237 que
1252 1196 1326 1228 sunt
1355 1195 1615 1231 transcendentia
1633 1220 1643 1236 ‚
1683 1211 1787 1242 neque
1812 1199 2036 1241 praedicamen-

1160 1245 1238 1277 talia
1262 1245 1355 1279 sunt:
1375 1245 1420 1279 ita
1443 1246 1541 1280 etiam
1564 1247 1638 1280 sunt
1666 1248 1782 1293 aliquae
1807 1260 1903 1282 voces
1927 1273 1937 1287 ,
1966 1259 2036 1290 quae

1160 1306 1263 1336 neque
1275 1296 1348 1328 sunt
1360 1296 1663 1339 praedicamentales,
1676 1310 1781 1342 neque
1796 1300 2035 1333 transcendem-

1160 1345 1203 1377 les
1215 1370 1222 1377 .
1251 1345 1353 1379 Tales
1365 1347 1440 1379 sunt
1454 1358 1549 1381 voces
1566 1350 1663 1389 Deus,
1680 1356 1805 1383 materia
1819 1374 1830 1389 ‚
1849 1348 1949 1388 forma
1961 1373 1971 1388 ‚
2001 1360 2040 1381 u-

1158 1399 1205 1426 nio
1218 1419 1229 1434 ,
1252 1397 1433 1439 omnesque
1443 1398 1512 1430 aliae
1525 1398 1641 1432 similes
1668 1399 1805 1441 aliquod
1830 1410 1886 1432 ens
1910 1398 2041 1432 incom-

1161 1446 1283 1487 pletum
1297 1446 1524 1490 significantes.
1537 1448 1618 1481 Item
1632 1459 1726 1483 voces
1737 1451 1841 1482 domus
1859 1476 1869 1493 ,
1883 1449 2040 1490 templum,

1155 1496 1281 1536 pallium
1294 1520 1305 1535 ,
1326 1498 1435 1537 peluis,
1450 1497 1551 1535 statua
1564 1523 1574 1536 ,
1590 1504 1646 1531 nix
1661 1523 1672 1538 ‚
1693 1501 1813 1542 grando
1825 1523 1835 1538 ,
1858 1499 1992 1542 aliaeque
2004 1500 2042 1531 fi-

1159 1546 1252 1578 miles
1260 1557 1317 1578 eus
1326 1546 1461 1587 aliquod
1475 1558 1529 1587 per
1541 1547 1692 1579 accidens
1703 1548 1923 1590 significantes
1940 1572 1947 1579 .
1980 1548 2042 1580 Hae

1161 1595 1293 1637 inquam
1306 1618 1316 1634 ,
1327 1605 1421 1628 voces
1434 1606 1539 1637 neque
1553 1595 1844 1638 praedicamentales
1859 1597 1931 1629 sunt
1949 1618 1960 1633 ,
1986 1606 2044 1629 ne-

1159 1656 1222 1686 que
1244 1644 1539 1679 transcendentales
1562 1659 1573 1677 :
1604 1656 1681 1679 cum
1704 1657 1814 1680 earum
1847 1645 1985 1679 formale
2010 1645 2043 1678 δε

1161 1694 1339 1738 principale
1351 1695 1570 1739 significatum
1586 1706 1690 1739 neque
1703 1708 1762 1731 ens
1789 1696 2016 1730 transcendens
2034 1720 2045 1735 ,

1162 1755 1267 1789 neque
1280 1744 1557 1787 praedicamentale
1567 1746 1606 1779 sit
1620 1759 1631 1779 :-
1656 1756 1692 1781 ut
1722 1755 1841 1782 notum
1852 1746 1896 1781 est
1917 1745 2046 1781 iutellie

1161 1806 1255 1840 genti
1280 1803 1441 1829 terminos
1452 1820 1459 1829 .

1139 545 1141 552 r

1138 562 1140 572 1

1365 1895 1703 1931 DUBIUM
1765 1898 1839 1934 IV.

1164 1996 1209 2026 De
1231 2004 1299 2027 voce
1320 1995 1523 2036 convertibili,
1549 1998 1710 2032 excedente
1726 2001 1760 2033 (5
1780 2001 1914 2044 exceffa,
1941 2004 2041 2043 magn

1433 2046 1466 2076 (tt
1487 2051 1586 2078 minus
1607 2055 1768 2081 communi.

1163 2091 1217 2127 26.
1384 2091 1637 2136 AEqualitates‚
1660 2099 1814 2133 nimirum
1839 2100 2042 2135 convertibi-

1398 2141 1487 2180 litas,
1500 2147 1714 2188 repugnantia
1726 2172 1737 2187 ,
1763 2150 1902 2183 excessio
1914 2176 1924 2191 ,
1938 2152 2042 2192 major

1162 2191 1313 2224 &minor
1324 2192 1544 2226 communitas
1556 2205 1623 2227 non
1637 2197 1766 2239 possunt
1788 2201 1917 2242 reperiri
1946 2203 1980 2234 in
2007 2213 2041 2234 u-

1163 2241 1235 2272 nica
1254 2249 1350 2279 voce3
1385 2240 1436 2273 [ed
1457 2253 1514 2282 pro
1538 2244 1596 2276 suo
1620 2244 1761 2287 subjecto
1787 2251 1956 2290 requirunt
1980 2263 2042 2284 ne-

1144 2260 1294 2351 'cessario
1317 2299 1411 2321 voces
1434 2289 1537 2331 plures
1556 2315 1564 2322 .
1595 2292 1703 2328 Voces
1728 2297 1838 2339 itaque
1873 2301 2038 2334 converti-

1144 2354 1148 2383 i
1162 2337 1241 2371 biles
1256 2339 1332 2371 sunt
1345 2335 1416 2370 duae
1426 2350 1521 2372 voces
1533 2365 1542 2379 ‚
1564 2342 1684 2384 quaede
1698 2344 1760 2377 sese
1773 2347 1893 2379 mutuo
1903 2350 2036 2390 possunt

1144 2384 1388 2421 ‘universaliter
1406 2389 1575 2423 affirmari.
1606 2392 1680 2426 Sive
1707 2393 1781 2428 sunt
1807 2407 1901 2430 voces
1925 2399 2037 2440 quoad

1160 2438 1425 2480 praedicationem
1446 2439 1534 2483 aeque
1556 2440 1621 2474 late
1655 2453 1798 2486 patentes
1822 2458 1829 2477 ε
1864 2447 1909 2480 ita
1935 2458 1970 2480 ut
1995 2448 2039 2482 de

1160 2489 1251 2521 omni
1281 2486 1423 2530 subjecto
1444 2514 1454 2529 ,
1491 2491 1532 2523 de
1559 2502 1626 2534 quo
1653 2494 1831 2528 affirmatur
1858 2497 1910 2530 vel
1936 2509 2037 2542 nega-

1160 2548 1211 2571 tur
1220 2549 1296 2575 una,
1313 2539 1410 2571 etiam
1422 2539 1599 2574 affirmetur
1612 2542 1661 2574 vel
1675 2555 1810 2588 negetur
1824 2546 1885 2581 alia
1895 2571 1902 2578 .
1931 2547 2037 2582 Tales

1159 2599 1255 2622 voces
1276 2589 1349 2622 sunt
1373 2588 1475 2629 rifibile
1499 2590 1532 2623 ὃς
1552 2594 1711 2626 rationale.
1745 2595 1845 2630 Reste
1856 2598 1945 2630 enim
1957 2598 2033 2632 dici·

1160 2649 1251 2678 mus,
1279 2649 1380 2672 omne
1402 2639 1559 2673 rationale
1571 2643 1634 2675 esse
1646 2643 1761 2679 risibile
1777 2668 1798 2685 ,,
1816 2647 1850 2680 δε
1864 2658 1964 2681 omne
1975 2649 2038 2682 rifi-

1160 2687 1224 2721 bile
1244 2689 1305 2721 esse
1325 2688 1500 2723 rationale.
1529 2690 1611 2724 Item
1622 2690 1661 2725 de
1673 2697 1880 2737 quocu'mque
1894 2696 2034 2739 subjecto

1158 2738 1333 2772 affirmatur
1355 2738 1407 2772 vel
1431 2750 1566 2783 negatur
1577 2743 1758 2782 rationale,
1783 2744 1882 2778 etiam
1894 2747 2031 2782 affirma-

1158 2800 1209 2821 tur
1221 2789 1270 2822 vel
1282 2799 1415 2832 negatur
1436 2790 1553 2824 risibile
1567 2805 1579 2824 :
1604 2792 1750 2836 adeoque
1762 2794 1830 2828 istae
1843 2805 1938 2830 voces
1950 2798 2032 2832 reste

1157 2838 1310 2873 dicuntur
1335 2839 1397 2872 esse
1406 2841 1638 2876 convertibiles
1652 2868 1659 2875 .

1207 2899 1262 2931 27.
1288 2888 1354 2922 Pro
1376 2890 1529 2932 exemplo
1551 2894 1819 2929 convertibilium
1842 2897 1952 2938 paffim
1962 2897 2031 2933 affi-

1154 2950 1295 2983 gnantur
1315 2939 1332 2972 a
1356 2939 1491 2984 Logicis
1515 2943 1679 2977 modernis
1703 2944 2001 2981 h0m0&ranoaalis
2020 2972 2032 2988 ,

1136 3018 1141 3024 ,
1154 2991 1271 3021 animal
1280 2990 1313 3023 &
1320 2987 1507 3031 sensitivam,
1519 2991 1635 3024 brutum
1646 2994 1678 3027 ὅς
1688 2998 1872 3036 irrationale,
1885 2998 1945 3031 &c-
1963 2998 2027 3042 Sed

1154 3038 1202 3072 hae
1216 3051 1309 3073 voces
1322 3040 1415 3073 nullo
1427 3041 1529 3074 modo
1541 3044 1769 3079 convertibiles
1785 3048 1876 3085 sunt:
1898 3047 1948 3081 sed
1962 3055 2033 3082 ma'·

1152 3090 1202 3134 gis
1224 3091 1257 3123 dc
1283 3090 1392 3123 minus
1422 3102 1633 3126 communes.
1662 3095 1749 3128 Nam
1764 3106 1860 3130 voces
1871 3098 2029 3132 converti-

1154 3140 1232 3173 biles
1252 3139 1371 3173 debent
1392 3139 1433 3173 de
1455 3141 1517 3173 sese
1528 3152 1643 3177 mutuo
1656 3147 1741 3186 posse
1754 3146 1973 3181 universaliter
1984 3149 2031 3182 af-

1151 3189 1271 3223 firmari
1285 3203 1296 3222 .·
1323 3190 1412 3231 atqui
1437 3201 1554 3224 omnes
1581 3193 1643 3226 istae
1656 3206 1747 3228 voces
1762 3209 1827 3229 non
1842 3198 1916 3229 sunt
1928 3198 2027 3232 tales:

1151 3239 1227 3272 licet
1251 3239 1337 3271 enim
1361 3239 1518 3273 rationale
1546 3244 1764 3279 universaliter
1791 3246 1964 3282 affirmetur
1989 3247 2029 3282 de

1152 3288 1288 3321 homine
1305 3311 1316 3327 ,
1342 3288 1488 3332 resteque
1508 3292 1633 3325 dicatur
1645 3318 1654 3332 ‚
1682 3301 1775 3327 omnls
1789 3295 1871 3329 homo
1883 3298 1921 3338 est
1934 3304 2027 3331 ratio-

1152 3339 1252 3379 nalis;
1282 3349 1350 3371 non
1364 3349 1471 3372 tamen
1481 3339 1499 3373 ὲ
1510 3344 1622 3375 contra
1638 3343 1739 3377 homo
1753 3347 1971 3381 universaliter
1983 3349 2029 3381 af-

1151 3388 1268 3420 firmari
1283 3387 1384 3430 potest
1394 3389 1432 3421 de
1445 3391 1609 3431 rationali,
1625 3404 1683 3426 nec
1695 3394 1766 3428 vere
1776 3395 1894 3430 dicitur
1908 3411 1919 3430 .·
1933 3402 2026 3431 Omne

1150 3438 1294 3471 rationale
1315 3437 1353 3479 est
1376 3437 1474 3472 homo.
1503 3441 1594 3486 Ergo
1613 3443 1678 3476 istae
1699 3454 1792 3479 voces
1802 3445 2027 3482 homoeousio-

1609 3492 1631 3525 S
1682 3505 1700 3542 3
1924 3497 1992 3529 nale
