2384 3770
377 138 533 200 Qum
566 133 658 181 Su·
692 135 862 183 Paos-u
899 134 1054 180 Smc.
1093 133 1265 182 Pam.
1299 130 1490 186 Untv.
1525 135 1599 183 Er
1632 138 1754 186 Iun.

238 223 383 265 adeoque
395 231 500 264 neque
509 220 567 255 has
581 221 811 266 propositiones
822 244 835 262 ,
858 224 963 255 omnis
973 218 1056 252 bomo
1065 217 1102 257 est
1115 225 1117 228 ⁴

236 273 370 312 animal,
390 272 422 305 &
433 270 514 304 bomo
531 271 569 312 est
581 273 698 306 animal
706 295 718 313 ,
735 272 798 306 esse
809 269 1041 314 propositiones
1053 269 1101 310 sy-

235 322 387 355 nonimas
406 346 413 354 .
442 321 565 355 Verum
584 332 693 356 tamen
714 319 826 354 harum
845 319 1100 363 propositionum

235 372 455 414 synonimiam
467 382 546 415 puto
558 372 619 405 effe
628 381 694 405 tam
705 378 822 404 certam
832 394 843 410 ,
870 379 905 403 ut
913 367 953 403 de
965 368 1020 402 illa
1033 379 1100 402 non

235 420 330 464 poffit
352 419 490 456 dubitari
512 446 520 454 .
546 424 635 457 Ram
652 418 691 459 est
715 432 725 455 ,·
751 418 841 464 Qia
868 418 1100 462 propositiones

234 470 421 505 constantes
442 470 557 506 eodem
585 468 743 511 subjfflo,
766 467 942 510 eodemque
954 469 1100 512 praedica-

235 530 273 554 to
285 544 297 561 ,
321 519 435 555 eodem
446 520 545 554 modo
554 519 691 562 acceptis
703 542 714 559 ,
724 520 797 554 sunt
809 519 1038 563 propositiones
1050 518 1098 561 sy-

235 570 398 604 nonimae:
418 570 506 612 atqui
529 569 594 602 istae
621 566 691 602 duae
702 569 905 613 praeallegatae
916 568 1099 612 propositio-

236 631 313 659 nes,
334 620 368 654 ἀ
377 619 569 663 generaliter
579 629 695 653 omnes
707 620 939 663 propositiones
950 618 1099 661 aequipol·

235 669 338 703 lentes
358 691 371 709 ,
402 667 554 703 constant
583 668 698 702 eodem
721 668 858 712 subjecto
876 691 887 708 ,
920 669 1099 711 eodemque

233 715 403 762 praedicato
428 741 440 757 ,
460 719 574 752 eodem
601 718 701 753 modo
726 720 864 762 acceptis
886 731 896 751 .-
920 729 999 763 ergo
1026 719 1099 752 sunt

233 766 464 811 propositiones
483 768 661 811 synonimae
674 793 682 800 .
708 770 805 807 Major
826 768 866 808 est
890 770 992 801 clara:
1012 767 1099 813 Qia

233 817 466 861 propositiones
491 819 668 861 synonimae
689 818 762 851 sunt
771 818 1002 861 propositiones
1013 818 1098 851 idem

232 867 348 901 eodem
384 867 485 901 modo
519 867 733 912 significantes
764 878 772 898 :
807 866 886 910 quid
923 867 1011 899 enim
1047 867 1101 899 fo·

233 925 304 949 rent
329 916 446 951 aliud?
472 918 575 960 Atqui
596 916 830 960 propositiones
854 915 970 951 eodem
997 915 1099 957 subje-

232 965 303 1006 Cto,
317 966 494 1011 eodemque
506 963 675 1009 praedicato
685 991 694 1006 ‚
718 966 835 1000 eodem
851 966 953 999 ruodo
963 965 1100 1008 acceptis

232 1015 440 1057 constantes,
465 1016 538 1050 sunt
563 1017 796 1060 propositiones
808 1015 894 1050 idem
905 1014 1099 1051 eodemmo-

231 1065 278 1099 do
296 1065 532 1110 significantes,
559 1075 600 1110 ut¹
614 1065 735 1100 clarum
758 1065 803 1099 est
817 1090 824 1097 .
852 1065 984 1099 Diversa
1009 1065 1099 1099 enim

232 1114 490 1158 propositionum
507 1115 703 1160 significatio
722 1115 772 1149 vel
783 1126 823 1150 ex
836 1115 1013 1150 diversitate
1031 1113 1097 1157 sub·

231 1164 305 1208 jeffl
320 1189 331 1205 ,
356 1165 458 1200 velex
469 1165 653 1201 diversitate
659 1165 816 1210 praedicati
833 1191 844 1207 ,
859 1166 908 1198 vel
919 1176 959 1198 ex
973 1165 1098 1199 diverso

231 1215 334 1249 modo
343 1214 521 1260 accipiendi
533 1216 756 1260 praedicatum‚
773 1216 824 1248 vel
837 1214 1007 1257 subjeetum
1023 1238 1034 1254 ,
1046 1213 1098 1248 de-

230 1265 315 1298 sumi
327 1265 437 1299 debet,
465 1265 555 1309 Ergo
568 1266 802 1308 propositiones
810 1265 925 1299 eodem
939 1263 1075 1306 subjeeso
1086 1287 1097 1303 ,

230 1312 412 1357 eodemque
424 1313 594 1358 praedicato
604 1338 616 1355 ,
641 1312 756 1349 eodem
765 1314 866 1350 modo
876 1315 1012 1356 acceptis
1021 1324 1098 1347 con-

229 1363 350 1398 stantes
368 1387 381 1404 ‚
406 1365 479 1398 sunt
501 1364 736 1408 propositiones
756 1364 936 1406 synonimae
957 1386 965 1394 .
994 1363 1095 1409 Qiod

230 1412 307 1447 vero
325 1413 389 1447 istae
402 1414 607 1459 praeallegatae
627 1413 862 1458 propositiones
871 1413 986 1449 eodem
1000 1411 1096 1455 subje-

229 1464 283 1498 ἃο
301 1487 313 1503 ,
346 1463 525 1507 eodemque
551 1463 722 1507 praedicato
742 1463 888 1496 constent
908 1485 920 1501 ,
948 1471 1033 1504 patet
1055 1462 1095 1495 ad

227 1511 362 1547 oculum
382 1536 390 1544 .
419 1512 522 1558 Quod
542 1523 651 1547 earum
677 1510 883 1553 praedicatum
906 1533 918 1549 ‚
943 1510 977 1545 ἀ
999 1510 1094 1554 subje-

227 1562 312 1597 ctum
334 1560 452 1599 eodem
482 1559 582 1595 modo
604 1559 803 1603 accipiantur
826 1584 838 1601 ,
874 1565 963 1594 etiam
977 1567 1066 1601 patet
1086 1574 1093 1593 :

226 1609 318 1647 Nam
339 1611 420 1645 bomo
432 1634 443 1651 ,
467 1611 522 1653 qui
549 1610 594 1645 est
608 1609 779 1652 subjeetum
791 1633 802 1650 ,
818 1608 1002 1650 ⁴utrobique
1013 1610 1095 1653 capi-

227 1670 281 1695 tur
293 1660 532 1700 universaliter,
559 1661 613 1694 seu
635 1657 839 1702 copulative:
866 1659 991 1693 Animal
999 1660 1095 1699 vero,

227 1710 317 1753 quod
336 1709 538 1755 praedicatum
559 1709 625 1750 est,
651 1707 822 1750 utrobique
843 1708 969 1751 capitur
980 1706 1093 1751 disiun-

228 1760 328 1800 stim,
353 1759 405 1794 vel
424 1757 576 1794 confuse:
603 1767 641 1792 ut
663 1758 784 1792 clarum
806 1756 851 1791 est
861 1768 903 1791 ex
916 1758 1001 1796 illis,
1026 1770 1096 1802 quae

227 1808 296 1844 dixi
307 1810 398 1853 supra
405 1808 446 1842 de
456 1807 724 1851 suppositionibus
735 1818 834 1851 agens
845 1832 852 1839 .

280 1869 332 1895 10.
358 1856 621 1901 Recapitulando
634 1868 711 1901 ergo
719 1857 783 1900 jam
796 1857 900 1897 dista,
919 1855 1091 1898 ficponoar-

224 1916 419 1952 gammam,-
445 1908 533 1942 Inter
555 1907 633 1942 duas
655 1906 886 1950 propositiones
905 1907 1094 1948 synonimas

226 1957 420 2001 impossibile
439 1956 484 1990 est
504 1966 602 1989 unam
620 1956 681 1989 esse
693 1979 704 1996 ,
729 1957 860 1989 alteram
875 1966 941 1987 non
954 1955 1015 1987 effe
1027 1956 1092 1987 uni·

226 2006 377 2042 versalem
390 2018 404 2048 ;
415 2005 466 2039 sed
479 2004 651 2040 necessario
662 2005 712 2039 vel
724 2004 917 2048 utraque,vel
931 2014 1039 2037 neutra
1050 2003 1094 2038 est

226 2056 413 2091 universalis
424 2069 436 2089 .·
462 2057 552 2098 atqui
565 2053 613 2089 hae
627 2055 859 2099 propositiones
874 2077 884 2093 ,
897 2058 1001 2088 Omnis
1012 2052 1094 2088 bomo

225 2105 264 2144 est
274 2106 389 2143 amma!
397 2128 409 2144 ,
433 2104 465 2138 δι
476 2103 557 2138 bomo
568 2104 606 2142 est
618 2104 734 2142 animal
745 2127 756 2142 ,
769 2105 843 2136 sunt
860 2103 1092 2144 propositiones

225 2155 418 2198 synonimae:
448 2163 525 2197 ergo
536 2153 585 2185 vel
600 2161 733 2195 utraque
745 2174 756 2189 ,
782 2151 831 2183 vel
845 2161 955 2183 neutra
966 2151 1009 2182 est
1024 2150 1092 2183 uni-

225 2205 376 2238 versalis:
402 2202 604 2245 atquiprima
614 2202 658 2235 est
671 2199 874 2235 universalis:
900 2209 980 2243 ergo
1005 2200 1096 2233 &al—

226 2262 293 2287 tera
318 2252 362 2284 est
389 2251 599 2292 universalisg
626 2250 718 2293 atqui
738 2257 845 2281 tamen
868 2247 925 2280 illa
951 2248 1091 2288 subiefio

226 2304 285 2336 suo
305 2299 473 2334 communi
493 2308 560 2331 non
584 2296 721 2339 apponit
743 2296 868 2338 signum
892 2294 1091 2331 universale,-

226 2361 305 2394 ergo
325 2350 441 2383 dantur
461 2346 691 2390 propositiones
701 2344 892 2377 universales
905 2367 915 2382 ,
942 2354 1011 2386 quae
1023 2344 1089 2378 sub·

224 2401 307 2443 jesto
318 2401 375 2433 suo
393 2396 561 2432 communi
574 2407 641 2430 non
652 2403 819 2439 apponunt
831 2394 955 2439 signum
969 2394 1090 2427 univer-

224 2449 289 2483 sale
310 2462 317 2481 :
343 2459 420 2491 ergo
440 2447 496 2480 illa
515 2446 667 2483 definitio
692 2455 761 2477 non
782 2442 827 2477 est
849 2443 1030 2486 adaequata,
1057 2443 1089 2476 ὅ(

224 2496 445 2533 convertibilis
473 2506 548 2529 cum
580 2495 639 2528 suo
659 2493 798 2529 definito
820 2505 828 2525 ε
863 2503 941 2537 ergo
964 2502 1090 2535 oportet

223 2558 362 2592 quaerere
378 2546 475 2585 aliam
486 2568 498 2585 ,
524 2555 592 2590 quie
610 2544 649 2578 sit
660 2540 880 2583 convertibilis
891 2566 903 2585 ,
928 2553 966 2576 ac
976 2542 1090 2577 defini·

223 2606 260 2632 to
271 2600 329 2631 suo
339 2595 501 2638 adaequata
513 2619 521 2627 .

277 2657 331 2684 11·
357 2648 423 2688 Ego
446 2643 483 2674 do
504 2642 558 2675 tibi·
580 2642 671 2675 hanc:
702 2639 883 2685 propositio
905 2641 1088 2678 universalis

224 2696 270 2730 est
291 2694 366 2735 illa,
394 2703 462 2737 quae
481 2691 607 2727 constat
628 2689 767 2732 subjecto
779 2691 948 2725 communi
962 2691 1087 2726 univer-

224 2744 331 2780 saliter
341 2752 491 2785 accepto.
518 2739 641 2785 Qales
661 2740 735 2774 sunt
748 2737 815 2779 hae,
841 2743 945 2772 omnis
959 2739 1039 2775 bomo
1050 2740 1086 2781 est

223 2793 358 2834 animab,
378 2797 469 2825 omnis
480 2789 561 2824 homo
570 2793 678 2830 currit,
698 2788 780 2825 bomo,
790 2787 828 2829 est
840 2790 955 2822 animal
970 2813 980 2828 ,
993 2800 1084 2832 equus

223 2844 261 2885 es}
275 2844 394 2876 brutum
405 2864 415 2880 ‚
439 2841 472 2875 &
485 2839 600 2874 similes
610 2838 699 2875 aliae.
726 2840 837 2882 ltaque
847 2838 886 2872 ad
898 2839 1085 2881 propositio-

224 2904 298 2927 nem
317 2891 527 2927 universalem
539 2888 610 2924 duae
632 2888 756 2932 praecise
766 2888 1085 2931 requirunturcondi-

223 2944 347 2978 tiones.
375 2944 478 2976 Prima
500 2939 557 2982 est:
589 2937 781 2975 Utconstet
795 2937 1082 2981 subjestocommu-

222 2993 257 3027 ni
269 3016 277 3025 .
305 2992 347 3025 Et
361 2990 428 3025 haec
445 2989 594 3025 conditio
613 2988 796 3027 communis
807 2987 903 3023 etiarn
913 2987 957 3020 est
972 2997 1086 3031 propo·

222 3041 329 3076 sitioni
339 3039 519 3085 particulari
532 3064 543 3081 ,
559 3050 596 3073 ac
609 3037 803 3075 indefinitae:
831 3035 878 3074 hae
888 3037 976 3074 enim
986 3038 1083 3077 etiam

222 3090 362 3133 subjecto
384 3088 572 3130 communi,
599 3089 652 3122 seu
673 3086 840 3122 universali
867 3085 1013 3121 constare
1032 3087 1082 3122 de·

223 3141 323 3176 bent:
349 3149 384 3174 ut
405 3141 512 3175 dicam
538 3138 664 3173 statim.
693 3137 791 3170 Altera
811 3135 999 3176 condirioess:
1028 3137 1082 3173 Ut

223 3188 347 3224 constet
365 3189 505 3232 subieao
521 3188 690 3226 communi
701 3185 918 3221 universaliter
928 3196 1061 3229 accepto
1073 3211 1080 3220 .

222 3239 285 3274 Per
296 3249 392 3282 quam
403 3237 614 3281 distinguitur
624 3237 641 3273 ὲ
653 3235 867 3282 propositione
877 3235 1081 3281 particulari,

223 3300 292 3334 quae
301 3286 425 3322 constat
435 3287 572 3330 subicito
578 3287 745 3323 communi
757 3285 986 3329 particulariter
996 3297 1080 3324 acce·

224 3348 303 3383 pto·‚
331 3347 367 3372 ut
385 3337 493 3371 dicam
505 3335 611 3372 statim
622 3362 630 3370 .
654 3337 767 3380 ltaque
779 3335 818 3370 ad
831 3334 1080 3379 propositionem

225 3387 436 3423 universalem
454 3386 660 3429 impertinens
678 3388 722 3421 est
736 3385 912 3430 quantitas,
938 3396 976 3418 ac
997 3396 1081 3419 acce·

228 3436 296 3482 ptio
313 3437 496 3481 praedicati,
521 3436 709 3487 attendique
720 3436 814 3475 debet
825 3435 889 3474 sola
899 3435 1080 3478 quantitas,

319 3485 424 3528 Christ.
445 3486 522 3529 Lupi
533 3489 630 3528 Opera
640 3489 718 3522 Tam.
730 3489 800 3519 ΧΠ.

1898 142 1992 199 285

1161 221 1194 256 δε
1216 221 1362 264 acceptio
1386 221 1531 264 subjecti.
1559 222 1768 260 Praedicatum
1790 226 1879 261 enim
1899 227 1961 261 esse
1972 239 2028 271 po-

1162 271 1219 305 test
1237 271 1285 304 vel
1310 271 1487 305 universale
1506 295 1517 310 ,
1543 272 1594 305 vel
1611 273 1785 319 singulare3
1810 276 1859 310 uti
1881 287 1967 319 patet
1986 278 2022 312 in

1161 319 1211 355 his
1228 343 1238 360 ,
1259 321 1371 354 Nullus
1390 319 1470 353 bomo
1489 320 1525 361 est
1545 332 1635 363 equus
1652 345 1662 360 ,
1683 327 1776 358 nullus
1787 325 1868 361 bomo
1879 326 1917 366 est
1926 329 2020 362 Buce-

1157 370 1265 413 phalas
1277 394 1287 410 ,
1309 371 1405 404 nullu:
1416 382 1506 414 equus
1519 370 1556 411 est
1570 373 1677 404 Petrus
1687 396 1698 412 ,
1709 375 1763 406 ἐκ.
1776 375 1856 409 Satis
1867 387 1945 420 ergo
1955 378 1999 411 est
2009 400 2022 418 ,

1161 432 1197 455 ut
1222 418 1393 463 subjestum
1415 422 1452 454 sit
1470 432 1666 461 commune,
1693 421 1743 454 vel
1758 425 1947 460 universale.
1976 427 2023 460 Si-

1161 470 1280 507 militer
1302 470 1505 513 praedicatum
1520 471 1622 514 potest
1637 472 1739 513 accipi
1750 480 1816 505 tam
1827 475 2017 515 particulari-

1161 531 1207 555 ter
1223 545 1234 560 ,
1261 518 1447 554 disiunstive
1468 545 1478 560 ,
1504 521 1557 554 vel
1578 520 1780 561 disiunstim,
1805 532 1900 562 quam
1924 525 2020 560 etiam

1160 570 1400 612 universaliter;
1427 571 1570 611 adeoque
1580 568 1619 607 ad
1634 570 1885 614 propositionem
1898 576 2021 608 univer-

1160 621 1255 654 salem
1281 632 1348 655 non
1370 621 1560 664 requiritur,
1588 630 1624 653 ut
1635 620 1759 656 constet
1771 619 1940 664 praedicato
1951 623 2019 656 uni-

1161 670 1271 704 versali
1282 670 1501 707 universaliter
1514 679 1643 713 accepto
1655 683 1663 713 3
1678 670 1730 704 sed
1741 669 1947 705 solummodo
1964 696 1975 712 ,
1986 682 2022 706 ut

1161 720 1283 755 constet
1307 720 1443 763 subjeao
1464 719 1634 753 universali
1646 719 1863 753 universaliter
1871 732 2003 764 accepto
2014 746 2021 754 .

1213 781 1263 808 12.
1291 767 1395 803 Dices:
1423 769 1602 812 Propositio
1626 769 1814 803 universalis
1826 769 1870 802 est
1883 770 1961 811 illa,
1986 771 2023 805 in

1159 829 1221 861 qua
1242 819 1444 863 praedicatum
1467 819 1506 852 de
1523 818 1662 859 subjesto
1675 819 2023 863 praedicaturuniversa-

1161 868 1233 903 liter
1252 881 1262 911 ;
1290 879 1325 903 ut
1347 870 1460 902 dicunt
1483 868 1593 911 paffim
1617 868 1849 904 Summulistae:
1875 868 2022 910 adeoque

1161 918 1194 950 in
1217 919 1433 961 propofitione
1443 917 1611 953 universali
1632 918 1727 952 debet
1741 918 1943 962 praedicatum
1953 920 2024 953 uni·

1162 968 1320 1002 versaliter
1340 968 1500 1011 praedicari
1522 968 1562 1001 de
1586 967 1744 1012 subjecto:
1771 969 1860 1011 atqui
1878 968 2022 1012 praediea-

1160 1016 1185 1050 ri
1205 1017 1425 1052 universaliter
1445 1017 1531 1052 idem
1544 1016 1609 1058 est,
1635 1016 1722 1061 quod
1733 1018 1834 1061 accipi
1849 1042 1859 1058 ,
1886 1019 1939 1052 seu
1953 1020 2024 1062 sup-

1161 1068 1239 1110 poni
1261 1068 1502 1102 universaliter:
1527 1077 1604 1111 ergo
1625 1068 1659 1101 in
1674 1067 1889 1111 propositione
1899 1068 2023 1103 univer·

1162 1117 1216 1150 sali
1240 1116 1334 1151 debet
1353 1128 1420 1151 non
1445 1115 1548 1150 solum
1572 1116 1771 1160 subjestum,
1798 1117 1850 1151 sed
1873 1118 2023 1161 &praedi-

1159 1177 1265 1202 catum
1279 1167 1360 1206 sumi
1378 1165 1608 1202 universaliter.
1637 1166 1783 1200 Probatur
1794 1172 1907 1201 minor:
1932 1166 2022 1214 Qiia

1160 1216 1363 1259 praedicatum
1397 1215 1555 1260 praedicari
1578 1215 1661 1251 idem
1683 1215 1750 1255 est,
1775 1216 1863 1258 quod
1877 1217 2022 1259 praedica·

1160 1275 1229 1298 tum
1250 1266 1408 1310 supponi:
1435 1276 1473 1301 ut
1493 1265 1561 1301 dixi
1583 1266 1672 1308 supra
1693 1263 1827 1307 disp.20.
1846 1265 1948 1302 dub.2.
1972 1276 2022 1299 nu·

1158 1327 1234 1349 mero
1258 1327 1308 1361 15.
1333 1315 1422 1360 Ergo
1444 1315 1646 1358 praedicatum
1668 1313 2022 1358 praedicariuniversali-

1159 1376 1206 1398 ter
1225 1365 1268 1398 est
1293 1365 1373 1399 illud
1396 1365 1532 1409 supponi
1554 1365 1790 1400 universaliter.
1820 1362 2022 1407 Respondm·

1153 1416 1254 1458 gando
1272 1417 1414 1455 maiorem
1442 1429 1453 1449 .·
1492 1414 1535 1448 Et
1561 1415 1638 1449 dico
1659 1437 1671 1454 ,
1705 1413 1793 1457 quod
1817 1413 2021 1457 przdicatum

1161 1466 1317 1507 praedicari
1338 1464 1557 1499 universaliter
1581 1476 1649 1499 non
1672 1464 1711 1497 sit
1735 1461 1940 1507 praedicatum
1951 1464 2022 1497 uni·

1160 1515 1318 1548 versaliter
1340 1515 1422 1549 sumi
1447 1539 1457 1554 ,
1492 1513 1547 1548 sed
1571 1514 1616 1547 est
1636 1511 1799 1556 praedicari
1820 1512 1860 1547 de
1880 1513 2022 1556 subje6io

1159 1564 1377 1597 universaliter
1398 1565 1526 1605 sumpto
1548 1586 1555 1593 .
1583 1563 1636 1595 Sic
1655 1563 1745 1595 enim
1762 1564 1855 1596 suum
1878 1562 2022 1597 Axiotna.

1158 1612 1346 1657 intelligunt
1365 1622 1480 1646 omnes
1504 1609 1718 1645 Summulistae
1739 1622 1749 1651 3
1777 1610 1861 1643 verb.
1883 1621 1963 1654 grat.
1987 1612 2021 1644 in

1160 1661 1208 1696 his
1232 1660 1515 1704 praedicationibus
1532 1684 1543 1699 ,
1570 1658 1698 1698 Homoest
1710 1660 1842 1699 animal,
1868 1665 2021 1693 omneaent·

1157 1711 1218 1745 mal
1235 1709 1271 1750 est
1294 1716 1407 1744 vivens
1420 1734 1431 1750 ,
1459 1709 1515 1743 ista
1528 1709 1692 1752 praedicata
1714 1709 1836 1746 Animal
1853 1709 1885 1741 ὅ(
1904 1713 2018 1742 Vivens

1158 1760 1196 1793 de
1219 1758 1361 1801 subjeffls
1374 1760 1435 1793 suis
1452 1759 1663 1802 praedicantur
1681 1757 1900 1792 universaliter
1912 1772 1922 1791 :
1949 1769 2019 1793 non

1158 1810 1231 1852 quia
1255 1811 1319 1851 ipsa
1341 1809 1559 1843 universaliter
1578 1809 1797 1851 accipiantur;
1826 1807 1876 1844 sed
1894 1809 1967 1852 quia
1980 1807 2021 1842 de

1158 1858 1302 1902 subjeffls
1326 1859 1545 1893 universaliter
1565 1859 1698 1901 sumptis
1709 1858 1937 1900 praedicantur:
1963 1857 2022 1893 At·

1157 1909 1212 1949 qui
1237 1908 1340 1950 potest
1362 1909 1566 1950 praedicatum
1588 1907 1628 1940 de
1638 1906 1778 1948 subiefso
1801 1907 2021 1942 universaliter

1158 1957 1286 1998 sumpto
1312 1956 1493 1999 praedicari,
1521 1957 1668 2000 quamvis
1687 1957 1787 1999 ipsum
1802 1957 2022 1992 universaliter

1160 2018 1226 2038 non
1250 2006 1412 2048 sumatur3
1440 2008 1489 2040 uti
1510 2007 1632 2040 clarum
1643 2006 1706 2039 est:
1736 2008 1769 2039 in
1783 2007 1917 2049 praefatis
1929 2007 2019 2042 enim

1159 2055 1439 2097 praedicationibus
1463 2080 1473 2095 ,
1500 2055 1557 2089 ubi
1575 2055 1616 2088 de
1637 2055 1775 2098 subjecto
1801 2057 2020 2091 universaliter

1156 2105 1283 2144 sumpto
1305 2105 1487 2144 praedicatur
1501 2128 1511 2142 ,
1539 2116 1606 2136 non
1629 2104 1763 2138 sumitur
1781 2106 2018 2146 universaliter,

1155 2152 1207 2184 seu
1224 2152 1406 2194 copulative
1435 2164 1449 2193 ;
1486 2151 1537 2184 sed
1560 2153 1694 2186 sumitur
1719 2154 1899 2188 difiunstim
1919 2181 1930 2196 ,
1966 2158 2019 2193 seu

1155 2201 1308 2233 confuse.
1337 2200 1426 2243 Ergo
1451 2200 1553 2245 longe
1574 2199 1661 2236 aliud
1676 2201 1720 2234 est
1735 2203 1935 2243 praedicatum
1949 2206 2021 2239 uni-

1155 2249 1312 2282 versaliter
1335 2250 1415 2281 sumi
1437 2271 1448 2287 ,
1481 2249 1568 2281 aliud
1594 2250 1810 2284 universaliter
1833 2254 2016 2297 praedicari;

1153 2297 1298 2339 adeoque
1321 2298 1394 2329 licet
1415 2307 1495 2339 opus
1515 2297 1570 2335 sit,
1599 2307 1635 2329 ut
1657 2297 1692 2329 in
1720 2301 1934 2340 propositione
1947 2304 2019 2339 uni.

1153 2346 1260 2380 versali
1273 2346 1477 2389 praedicatum
1491 2345 1709 2381 universaliter
1720 2345 1901 2389 praedicetur
1911 2374 1921 2389 ,
1947 2362 2014 2386 non

1150 2404 1259 2431 tamen
1286 2406 1365 2438 opus
1387 2395 1430 2429 est
1445 2419 1456 2435 ,
1481 2406 1516 2428 ut
1531 2394 1746 2433 universaliter
1757 2396 1921 2440 sumatur,
1946 2402 2014 2445 sup-

1151 2454 1311 2487 ponatur,
1336 2446 1389 2479 seu
1416 2445 1608 2488 accipiatur.

1201 2504 1252 2541 13.
1283 2495 1331 2527 Ad
1346 2499 1466 2528 minoris
1479 2494 1680 2536 probationem
1693 2492 1708 2539 (
1719 2492 1784 2529 haic
1797 2495 1930 2531 enimin
1944 2499 2010 2542 spe·

1147 2543 1231 2577 ciem
1252 2543 1332 2578 bene
1352 2543 1518 2579 concludit
1532 2546 1544 2586 )
1556 2541 1711 2585 respondeo
1731 2544 1928 2589 distinguendo
1943 2560 2010 2582 ron.

1143 2592 1267 2636 sequens
1291 2606 1299 2626 :
1337 2594 1428 2638 Ergo
1459 2594 1661 2637 praedicatum
1687 2594 1908 2630 universaliter
1926 2599 2007 2635 sum-

1148 2652 1237 2686 ptum
1259 2643 1419 2686 praedicari
1439 2643 1483 2677 est
1495 2643 1699 2686 praedicatum
1712 2644 1930 2680 universaliter
1940 2648 2009 2692 sup-

1147 2693 1243 2735 poni:
1266 2691 1305 2734 fic
1313 2694 1429 2727 concedo
1442 2715 1450 2724 .
1477 2691 1564 2737 Ergo
1578 2691 1781 2735 praedicatum
1794 2693 1952 2737 praedicari
1967 2696 2008 2732 de

1148 2742 1287 2785 subicito
1299 2742 1515 2779 universaliter
1532 2744 1658 2785 sumpto
1668 2742 1711 2775 est
1728 2740 1809 2781 illud
1820 2744 2008 2780 universali-

1146 2802 1192 2826 tet
1214 2790 1349 2835 supponi
1360 2805 1371 2825 .-
1389 2790 1522 2833 ficplane
1533 2803 1603 2835 nego
1616 2816 1623 2824 .
1654 2790 1702 2824 Ac
1714 2790 1808 2834 hujus
1821 2803 1896 2832 tneae
1910 2805 2004 2838 nega·

1145 2841 1245 2876 tionis
1256 2841 1338 2875 ratio
1346 2841 1418 2875 satis
1428 2851 1511 2884 patet
1522 2842 1634 2883 exiam
1647 2840 1737 2874 dichs
1747 2865 1754 2872 .
1766 2842 1912 2889 Qando
1922 2854 2003 2889 ergo

1144 2892 1283 2927 dicimus
1294 2915 1304 2931 ,
1330 2892 1532 2924 Praedtcatum
1551 2892 1734 2932 praedicatur
1746 2890 1951 2933 universaliter
1966 2895 2003 2926 de

1140 2940 1270 2984 subjer‘lo
1281 2965 1292 2982 ‚
1305 2941 1362 2974 ista
1374 2951 1439 2975 vox
1451 2939 1657 2982 universaliter
1668 2940 1747 2974 sumi
1761 2941 1861 2983 potest
1873 2941 1999 2977 duobus

1144 2991 1249 3027 modis
1262 3015 1270 3023 .
1289 2989 1399 3023 Primo
1412 2990 1490 3024 sumi
1506 2989 1607 3033 potest
1617 3013 1627 3028 ,
1642 2999 1677 3022 ut
1690 2990 1823 3032 appellet
1833 2991 1921 3033 supra
1933 3003 2003 3035 pra:-

1142 3040 1284 3075 dicatum
1298 3064 1309 3080 ,
1337 3039 1493 3083 faciatque
1516 3037 1601 3072 hunc
1623 3039 1767 3072 sensum:
1789 3039 2001 3075 praedicatum

1141 3089 1360 3127 universaliter
1371 3090 1530 3131 sumptum
1544 3088 1727 3132 praedicatur
1738 3088 1778 3122 de
1788 3090 1923 3132 subjecto
1934 3114 1941 3122 -
1957 3092 2001 3126 Et

1139 3138 1204 3173 hoc
1216 3139 1309 3175 nullo
1333 3139 1434 3172 modo
1445 3137 1612 3182 requiritur
1622 3137 1660 3170 ad
1671 3138 1920 3180 predicationem
1932 3140 2005 3176 uni-

1139 3188 1290 3223 versalem
1306 3199 1319 3222 .·
1347 3186 1479 3231 quidem
1500 3186 1717 3230 praedicationi
1738 3189 1908 3223 universali
1931 3201 1998 3224 non

1138 3247 1315 3282 repugnat;
1343 3248 1409 3271 non
1422 3247 1527 3270 tamen
1540 3237 1580 3270 ad
1592 3236 1680 3270 illam
1692 3238 1863 3281 requiritur
1877 3250 1884 3270 ε
1897 3239 1944 3278 uti
1955 3241 1999 3274 sa·

1138 3288 1178 3325 tis
1199 3296 1284 3330 patet
1309 3297 1350 3319 ex
1372 3287 1482 3320 diffis.
1511 3286 1659 3320 Secundo
1677 3297 1739 3320 vox
1759 3287 1817 3321 ista
1841 3289 1920 3322 sumi
1944 3299 1999 3333 po·

1136 3336 1193 3373 test
1207 3361 1218 3376 ,
1231 3345 1266 3369 ut
1277 3335 1412 3379 appellet
1426 3337 1514 3379 supra
1527 3335 1697 3379 subjectum
1709 3358 1719 3374 ,
1740 3337 1900 3380 faciatque
1910 3338 1998 3380 hunc

1136 3388 1259 3421 sensum
1289 3398 1297 3418 ι
1335 3384 1545 3419 Praedicatum
1572 3384 1754 3428 praedicatur
1781 3386 1823 3426 de
1857 3386 1996 3431 subjeisto

1136 3435 1351 3474 universaliter
1370 3436 1516 3480 sumptov
1545 3435 1588 3473 Et
1602 3434 1844 3518 hoeregugritur
1854 3437 1893 3472 ad
1909 3438 1994 3475 hoc,

1910 3495 1944 3520 ut
