2384 3770
69 809 169 855 Epist.

245 414 470 447 Enumerantur
489 410 601 450 aliquot
614 404 715 449 sandi
747 401 896 446 Augustini
912 409 969 445 per
995 402 1125 443 Africam

495 455 669 497 monasteria
694 457 878 487 Eremitica.

316 561 452 597 Rimum
471 556 624 592 omnium
655 554 719 590 fuit
741 552 971 588 monasterium
990 551 1124 596 Hippo·-

339 609 480 645 nensein
504 609 635 647 Horto,
656 615 753 649 quem
764 603 853 638 dedit
867 602 1048 646 Episcopus
1060 602 1124 636 Va-

241 661 337 695 lerius
355 685 364 692 .
402 659 481 693 Huc
502 669 542 692 ex
573 655 765 701 Tagastensi
793 652 948 688 omnibus
982 651 1124 686 necdum

241 710 342 745 mutis
359 708 529 743 constante
558 706 678 741 Eremo
698 728 708 744 ,
731 702 881 738 evocavit
914 701 1124 737 Austustinus

239 760 419 803 Alipium:
447 759 496 792 Ita
518 758 639 801 quippe
659 763 745 799 patet
764 765 806 788 ex
834 751 901 796 ejus
922 752 1068 796 Epistola
1082 751 1123 786 ad

240 810 387 845 sanetum
408 808 601 843 Aurelium.
628 806 723 850 Quod
733 803 868 845 fratrem
881 804 1010 844 alipium
1034 807 1067 834 in
1078 812 1123 835 no·

235 858 302 901 stra
319 858 520 901 oonJum‘iione
539 854 685 898 manfiffe,
713 863 747 888 ut
770 853 902 894 exemplo
910 850 948 892 fit
965 850 1122 893 fratribus

240 920 331 943 curas
348 910 454 943 mundi
466 908 557 950 buius
568 907 668 941 vitare
679 899 859 947 cupientibus
871 927 883 943 ,
912 899 1119 943 benevolentis:

236 957 308 1002 fitne
327 958 456 1001 accepisti
469 983 480 999 ,
504 968 558 1001 ago
574 960 718 1001 gratias,
744 965 819 996 quas
841 953 933 987 nullis
956 951 1059 985 verbis
1075 962 1123 983 ex-

235 1008 353 1052 plicare
363 1009 485 1052 poffum.
511 1006 731 1049 Nequaquam
750 1013 859 1038 tamen
883 1002 993 1046 potuit
1019 1001 1122 1045 longo

238 1057 289 1093 ibi
319 1057 477 1094 habitasse
503 1066 648 1100 ternpore
668 1081 675 1088 .
701 1053 794 1088 Hinc
816 1054 905 1087 enim
926 1051 1123 1103 Hierosoly-

237 1118 328 1143 mam
352 1110 514 1153 profestus
534 1106 578 1141 est
592 1131 603 1147 ,
630 1116 667 1140 ac
687 1104 891 1139 familiariter
913 1102 957 1135 ibi
972 1103 1043 1136 usus
1055 1102 1123 1135 san·

188 1176 190 1179 ·
237 1159 293 1193 ἑὶο
314 1158 547 1199 Hieronymo,
572 1167 633 1190 nec
655 1165 722 1189 non
738 1154 862 1196 Joanne
876 1152 1124 1194 Hierosolymo-

40 1813 206 1865 mse

54 3219 210 3265 Cap-28.

237 1218 312 1242 rum
325 1207 489 1251 Episcopo
501 1231 512 1248 ‚
538 1216 681 1248 moxque
699 1205 739 1238 ad
761 1205 861 1238 Afros
880 1201 980 1237 redux
999 1213 1123 1235 creatus

235 1256 305 1296 est,
333 1266 411 1291 ante
432 1254 674 1299 Augustinum,
701 1253 881 1296 Episcopus
902 1252 1123 1296 Tagastensis.

236 1305 343 1354 Qod
363 1305 452 1339 enim
474 1313 549 1338 ante
569 1301 791 1347 Augustinum
821 1302 862 1336 ad
897 1302 1122 1345 Episcopalem

234 1355 396 1389 sarcinam
418 1354 547 1388 evectus
560 1353 614 1394 sit,
644 1351 749 1396 palam
774 1351 812 1385 fit
833 1362 874 1385 ex
897 1350 991 1385 variis
1002 1351 1120 1385 Conci-

233 1404 358 1439 liorum
368 1416 405 1439 ac
417 1403 634 1447 Epistolatum
647 1400 934 1444 subscriptionibus
943 1426 953 1441 ,
974 1399 1029 1434 ubi
1043 1402 1121 1435 sem-

235 1465 295 1499 per
314 1453 491 1496 subscripsit
503 1454 633 1496 Alipius
641 1460 716 1487 ante
726 1451 952 1496 Augustinum
967 1474 974 1482 .
1002 1450 1045 1484 Et
1059 1452 1120 1498 uti-

235 1515 316 1540 nam
336 1504 469 1549 quidem
491 1503 612 1546 Joanni
633 1502 798 1545 Episcopo
819 1512 885 1535 non
908 1500 1015 1535 fuisset
1029 1501 1118 1535 farni-

235 1552 340 1588 liaris:
372 1554 434 1587 Eas
454 1553 540 1587 inter
554 1551 786 1597 Auguffinum
809 1560 847 1585 ac
869 1550 1117 1593 Hieronymum

233 1613 307 1638 non
333 1603 510 1648 legeremus
536 1604 705 1637 mordaces
731 1601 914 1645 Epistolas,
939 1611 1018 1644 quas
1031 1600 1116 1635 haud

233 1652 335 1688 dubie
360 1652 513 1688 debemus
534 1652 623 1687 istius
651 1653 786 1696 Joannis
807 1651 893 1693 apud
906 1649 1056 1694 Alipium
1071 1652 1119 1685 su·

233 1704 332 1738 furris
357 1704 391 1737 in
418 1703 521 1738 causta
542 1703 718 1748 origenis,
747 1701 926 1745 Epiphanii
952 1713 989 1734 ac
1016 1700 1118 1735 Ruffi-

233 1764 271 1788 m
293 1779 300 1786 .

284 1804 433 1839 Secunda
452 1804 587 1838 Eremus
607 1803 669 1838 fuit
692 1801 789 1846 prope
822 1800 1059 1845 Carthaginem
1084 1800 1117 1834 in

232 1865 333 1899 agro,
359 1866 456 1898 quern
469 1853 619 1888 fratribus
636 1853 728 1888 dedit
751 1852 922 1891 Aurelius,
949 1851 1117 1893 idque-,sta-

232 1907 297 1939 tim
317 1905 486 1949 postquam
509 1904 649 1938 inaudiit
670 1901 710 1937 de
734 1913 823 1938 novo
841 1900 980 1936 aedificio
998 1902 1030 1934 in
1045 1899 1115 1934 hor-

233 1954 506 1997 toHipponensi.
534 1952 699 1991 Atdices‚
728 1952 859 1996 Qibus
880 1950 1117 1984 fratribus?Li·

234 2010 291 2036 cet
310 2003 430 2045 quippe
451 2013 493 2034 ex
514 2000 606 2033 Italia
628 2000 730 2033 redux
744 1999 950 2042 Augustinus
961 1999 1117 2040 aliquam-

236 2051 296 2086 diu
313 2049 515 2093 Carthagine
536 2049 659 2083 haeserit
680 2048 714 2080 in
736 2047 839 2081 domo
850 2046 982 2080 Illustris
996 2047 1055 2079 viri
1067 2048 1117 2080 ln-

233 2099 382 2135 nocentii
409 2098 631 2136 Exadvocati,
659 2094 768 2127 nullos
792 2104 901 2127 tamen
925 2094 970 2126 ibi
984 2093 1115 2135 reliquit

232 2149 370 2188 fratres,
395 2158 477 2191 quos
502 2146 608 2190 potuit
629 2142 778 2178 Aurelius
800 2144 834 2177 in
859 2154 962 2177 unum
983 2141 1117 2186 collige-

231 2209 269 2234 re
288 2210 347 2244 pro
372 2195 561 2232 inchoando
587 2204 685 2238 atque
706 2191 874 2235 implendo
895 2201 968 2226 toto
978 2202 1114 2226 conven-

232 2257 292 2283 tu.
317 2247 516 2291 Respondeo
537 2255 650 2291 agrum
670 2243 828 2278 donatum
841 2241 990 2276 fratribus
999 2242 1116 2284 partim

233 2298 279 2332 de
308 2308 396 2331 novo
425 2295 564 2330 admissis
583 2320 594 2335 ,
630 2294 745 2338 partim
771 2292 914 2336 Tagasta
936 2292 1079 2325 evocatis
1105 2317 1114 2332 ,

235 2346 410 2389 quomodo
426 2345 594 2379 consuevit
616 2344 652 2378 in
675 2343 753 2376 novi
779 2342 965 2375 monasterii
987 2342 1114 2375 crestio·

235 2406 298 2430 ne.
325 2395 370 2429 Et
390 2394 536 2429 notanda
559 2395 632 2427 sunt
652 2391 710 2425 ista
734 2393 860 2434 praefata
873 2389 1052 2436 Augustini
1074 2390 1115 2425 ad

233 2444 409 2480 Aurelium
430 2444 541 2478 verba:
571 2443 663 2486 ,Quod
674 2441 809 2482 fratrem
819 2442 952 2482 alipium
978 2440 1115 2480 innostra

235 2494 435 2537 eonjunfflone
470 2491 594 2536 manfiffe
616 2516 626 2531 ‚
663 2491 922 2530 benevolentiffimb
948 2489 1078 2532 accepisti
1103 2515 1114 2531 ,

232 2550 352 2588 gratias
374 2557 428 2589 ago
452 2558 459 2577 :
486 2544 633 2577 innuunt
656 2566 666 2582 ‚
692 2541 780 2584 quod
805 2540 958 2575 Aurelius
989 2549 1114 2583 putarat

234 2595 387 2639 Aiipium
408 2594 448 2628 ad
471 2594 550 2627 novi
573 2590 755 2626 monasterii
778 2590 823 2623 sui
851 2591 1062 2634 praefesturam
1074 2602 1114 2624 ex

233 2655 317 2690 agro
343 2644 530 2689 Tagastensi
550 2639 753 2676 evocandum
768 2665 778 2681 ,
804 2639 855 2674 sed
879 2639 1012 2675 audiens
1038 2652 1112 2674 eum

234 2694 322 2739 apud
349 2693 573 2737 Augustinum
594 2691 752 2733 Hippone
769 2690 893 2729 adesse,
918 2690 1019 2724 alium
1041 2701 1113 2723 evo·

231 2745 336 2785 caris,
363 2745 479 2778 nolens
501 2744 561 2775 esse
585 2740 782 2774 divisoriam
793 2739 874 2773 arde
884 2739 1113 2774 cohaerentium

233 2794 434 2829 amicorum.
461 2794 538 2826 Hoc
564 2789 702 2824 estillud
726 2789 976 2830 monasterium,
1002 2789 1036 2824 in
1046 2802 1112 2834 quo

233 2843 374 2878 excitata
400 2844 462 2877 fuit
480 2841 665 2876 turbulenta
686 2838 744 2872 ista
765 2840 982 2873 controversia
999 2839 1041 2873 de
1071 2842 1111 2874 la-

234 2893 311 2926 bore
337 2904 492 2926 manuum
520 2917 530 2933 ‚
562 2903 598 2924 ac
625 2890 755 2924 tonsura
776 2888 878 2922 barbae
895 2900 932 2922 ac
951 2888 1109 2932 pilorum.

232 2942 384 2977 Excitata
407 2944 469 2977 fuit
491 2967 500 2981 ‚
529 2952 596 2976 non
621 2950 675 2982 per
696 2939 823 2972 Aurelii
856 2948 911 2972 aut
934 2939 1108 2984 Augustini

231 2993 343 3034 filios,
370 2992 422 3027 sed
445 3004 499 3035 per
519 2991 627 3026 nescio
645 3000 729 3033 quos
741 2987 968 3033 vagabundos,
994 2988 1109 3024 domo·

230 3053 305 3078 rum
326 3053 541 3087 penetratores
564 3053 601 3076 ac
622 3038 823 3083 alienigenas
833 3039 983 3073 coricaeos
999 3041 1108 3082 potius

231 3103 288 3128 aut
309 3093 559 3133 nundinatores,
586 3101 681 3132 quam
709 3087 910 3128 monachos,
939 3088 1106 3133 dequibus

229 3142 279 3178 ita
298 3142 505 3188 Augustinus
531 3143 564 3175 in
592 3140 676 3175 libro
696 3138 737 3172 de
748 3138 1088 3183 operemonachorum

229 3192 373 3227 Diabolus
398 3192 501 3225 bonum
521 3191 629 3230 Christi
654 3190 768 3222 odorem
789 3193 867 3221 omni
888 3190 970 3222 modo
984 3196 1103 3231 cupiens

228 3241 381 3286 obscurare
401 3242 558 3284 putoribus
580 3240 644 3285 suis
670 3264 680 3280 ‚
705 3247 768 3276 tam
802 3239 906 3271 multos
928 3245 1101 3280 Hypocritas

228 3292 432 3338 usquequaque
444 3292 502 3337 sub
527 3291 632 3326 babitu
657 3287 861 3323 monachorum
871 3286 1021 3330 dispersit,
1036 3292 1101 3323 'cir-

228 3351 394 3378 cumeuntes
411 3346 585 3387 provincias
607 3364 618 3381 ,
641 3338 786 3383 nusquam
807 3339 899 3381 mtffos
920 3362 932 3378 ,
956 3339 1100 3384 nusquam

228 3393 329 3437 fixos,
356 3392 503 3437 nusquam
518 3392 631 3432 stantes
652 3414 663 3431 ,
689 3388 831 3434 nusquam
849 3387 981 3430 sedentes
1004 3415 1011 3422 .
1041 3391 1098 3423 Alii

231 3443 364 3477 membro
383 3453 543 3483 martyrum
562 3466 572 3482 ,
593 3441 621 3482 fi
642 3448 742 3473 tamen
762 3448 921 3476 martyrum
939 3461 951 3479 ,
990 3441 1093 3473 vendi-

233 3501 323 3537 wm3
348 3493 404 3526 alii
421 3493 555 3535 fimbriat
575 3493 609 3527 6·
623 3489 799 3534 philac‘leria
815 3486 872 3530 sua
896 3488 1095 3537 magnificarem

341 3541 648 3585 chrisi.Lupiopna
673 3542 835 3573 Tomxn.

1041 170 1634 214 Annus-riter.⁴

1974 181 2039 220 29

1191 247 1244 281 alii
1266 254 1411 288 parentes
1437 247 1488 278 vel
1510 242 1731 288 consanguineos
1746 245 1815 288 suos
1841 250 1874 281 in
1892 247 1946 281 iila
1954 248 2067 282 voiana

1192 302 1305 341 regione
1321 294 1356 339 fi·
1381 295 1490 337 audiffe
1515 300 1643 335 vivere,
1670 295 1704 327 <5
1728 296 1772 327 ad
1791 305 1835 329 eos
1851 306 1977 343 pergere
1987 308 2067 331 men-

1191 352 1328 381 tiuntur.
1357 348 1403 377 Et
1427 356 1528 379 omnes
1551 352 1657 386 petum
1681 367 1693 383 ,
1718 354 1815 377 omnes
1839 355 1963 390 exigunt
1980 371 1993 389 ,
2016 354 2070 380 aue

1190 395 1324 440 sumptus
1349 394 1467 438 lucrosae
1501 394 1631 439 egestatis
1651 418 1663 435 ‚
1699 402 1753 426 aut
1773 391 1918 435 stmuiaeae
1935 403 2069 439 pretium

1185 446 1361 490 sandlitatis
1383 470 1394 486 ‚
1430 457 1495 479 cum
1511 451 1627 479 interea
1645 442 1813 486 ubicumque
1833 448 1866 476 in
1887 447 1985 486 sams
2004 443 2069 490 suis

1189 497 1281 530 malis
1303 494 1600 537 deprebenfifuerint
1622 518 1634 534 ,
1659 494 1710 527 vel
1734 504 1848 535 quoquo
1873 498 1956 528 modo
1972 501 2067 531 inno-

1190 551 1324 587 tuerint,
1344 544 1400 588 sub
1421 547 1558 589 generali
1582 548 1696 581 noniine
1721 542 1928 578 monachorum
1938 545 2067 586 vestrum

1184 594 1359 639 propositum
1383 593 1628 638 blasphematur.
1655 594 1699 628 Et
1717 592 1758 627 de
1778 592 1895 637 quibus
1908 593 2016 629 scribit
2026 595 2070 632 ad
2137 622 2149 636 ,

1192 647 1378 680 Ecdiciarn.
1404 650 1482 679 Cum
1507 644 1677 690 cognovisset
1688 649 1740 677 vir
1750 651 1842 683 mus,
1868 644 2067 688 quodomnia,
2085 624 2184 669 EP¹st·

1188 698 1238 729 vel
1253 698 1342 739 paene*
1364 700 1475 736 omnia,
1512 707 1581 738 quae
1600 693 1755 734 habebas,
1780 693 1894 727 duobus
1906 692 1994 736 nescio
2005 700 2066 736 qui·
2088 685 2164 723 ¹99·

1189 746 1242 779 bus
1265 745 1492 790 transeuntibus
1526 745 1678 779 monacbis
1699 753 1854 786 tamquam
1882 744 2068 786 pauperibus

1188 799 1337 841 eroganda
1358 798 1520 830 donaveris
1532 816 1544 836 ,
1568 805 1638 830 runc
1659 795 1710 829 ille
1733 793 1881 834 detestans
1891 805 1940 841 eos
1949 803 2067 836 tecum,
2166 810 2226 836 ,ak

1189 849 1222 879 ὦ·
1244 858 1302 880 non
1326 850 1383 880 Dei
1400 846 1525 890 servos,
1545 844 1604 888 sed
1621 847 1724 878 domus
1734 846 1840 879 aliene
1848 844 2065 887 penetratores,

1189 898 1222 930 (5
1241 907 1307 930 tuos
1331 903 1534 938 captivatores
1550 898 1585 931 &²
1608 896 1829 938 depraedatores
1834 902 1950 936 putans
1964 919 1975 935 ‚
2002 904 2066 927 tam

1184 944 1323 988 sandlam
1341 945 1513 988 sarcinam,
1540 958 1631 989 quam
1647 956 1742 980 tecum
1748 944 1905 988 subierat,
1929 946 2068 988 indigna-

1188 1005 1238 1028 tus
1257 995 1364 1032 abiecit
1378 1017 1386 1026 ·
1415 996 1459 1031 Et
1479 995 1588 1031 statim
1609 997 1695 1030 infra
1711 1019 1720 1028 .
1759 995 1794 1029 si
1818 1005 1918 1029 tamen
1939 994 2068 1037 fuorunt

1183 1043 1265 1088 servi
1289 1049 1368 1084 Dei,
1395 1051 1447 1088 qui
1473 1051 1584 1078 marito
1607 1044 1726 1088 absente
1746 1055 1836 1088 atque
1849 1043 2068 1088 nesciente,ab

1187 1102 1289 1139 ignora
1310 1096 1430 1129 muliero
1459 1097 1494 1130 Θ
1518 1097 1616 1128 aliena
1638 1106 1727 1128 uxore
1748 1104 1837 1128 tanta
1857 1094 2066 1138 sumpserunt.

1189 1145 1372 1181 Adversum
1384 1156 1468 1189 quos
1483 1145 1758 1180 circumforaneos
1768 1145 1900 1178 tandem
1913 1145 2069 1180 statutum

1188 1196 1234 1229 est
1255 1196 1288 1229 in
1311 1196 1458 1230 concilio
1484 1194 1730 1240 Andegavenfi.
1759 1193 1918 1232 Monacbi,
1942 1200 1994 1237 qui
2014 1206 2069 1228 cae-
2089 1192 2170 1239 Cap.
2182 1205 2213 1241 7.

1185 1253 1273 1286 ptam
1291 1245 1504 1289 observationis
1529 1251 1615 1279 viam
1625 1246 1788 1288 reliquere,
1816 1245 1851 1278 Θ
1873 1242 1982 1287 absque
1992 1248 2068 1286 Epi·

1183 1296 1263 1336 stolis
1274 1320 1285 1336 ,
1309 1298 1343 1330 θ
1363 1295 1477 1340 absque
1495 1301 1584 1330 certis
1606 1299 1729 1340 negotiis
1739 1295 2001 1334 velneceffitatibus
2010 1303 2068 1337 per

1191 1352 1319 1389 regiones
1342 1356 1497 1390 vagantur
1507 1348 1625 1379 alienas
1641 1368 1652 1385 ,
1677 1357 1802 1389 congrua
1822 1345 2001 1384 distrifflone
2013 1369 2024 1385 ,
2044 1343 2071 1385 fi

1183 1394 1216 1438 se
1236 1408 1293 1429 non
1317 1399 1546 1431 emendaverint
1558 1421 1568 1437 ,
1595 1396 1636 1429 ab
1659 1394 1823 1429 abbatibus
1838 1393 1903 1437 suis
1924 1396 1975 1429 vel
1985 1396 2071 1428 &Sa-

1186 1445 1350 1480 cerdotibus
1370 1458 1428 1481 non
1450 1453 1631 1489 recipiantur
1653 1451 1686 1479 sn
1706 1450 1933 1479 communionem
1958 1469 1965 1476 .
1994 1445 2068 1478 Hu-

1185 1495 1326 1538 jusmodi
1338 1508 1416 1542 ergo
1427 1498 1632 1532 circulatores
1641 1497 1739 1531 etiam
1750 1495 1812 1530 hoc
1824 1505 1972 1538 tempore
1982 1495 2070 1528 Afri-

1186 1558 1257 1580 cam
1278 1545 1553 1589 obambulabant,
1579 1548 1690 1590 estque
1708 1558 1764 1590 per
1773 1557 1829 1580 eos
1839 1554 1977 1578 conatus
1989 1544 2070 1579 Dia-

1188 1595 1281 1631 bolus
1303 1608 1426 1631 novum
1450 1610 1487 1632 ac
1513 1597 1575 1631 toti
1589 1598 1710 1631 Africae
1722 1594 2071 1630 utiliffimuminstitu-

1187 1657 1256 1681 tum
1280 1658 1419 1681 evertere
1441 1658 1496 1682 aut
1522 1648 1636 1682 saltem
1656 1646 1807 1681 turbate.

1236 1697 1390 1731 Tertium
1409 1697 1642 1732 monasterium
1673 1698 1718 1731 est
1743 1694 1975 1731 monasterium
1998 1693 2067 1728 Ta-

1186 1746 1351 1790 gastense,
1379 1746 1575 1783 aedificatum
1595 1747 1637 1781 ab
1666 1747 1782 1790 Alipio
1808 1746 1849 1780 ad
1868 1746 1958 1780 istius
1981 1745 2068 1780 urbis

1189 1796 1419 1841 Episcopatum
1438 1800 1549 1833 eveCio
1575 1823 1582 1830 .
1613 1797 1835 1831 AEdificatum
1857 1795 1901 1830 est
1925 1794 1971 1828 in*
1987 1807 2068 1839 agro

1185 1847 1269 1887 isso,
1298 1848 1332 1882 in
1355 1859 1421 1891 quo
1445 1859 1486 1882 ex
1500 1848 1719 1882 transmarinis
1743 1845 1949 1890 Augustinus
1969 1844 2069 1878 redux

1184 1898 1284 1940 usque
1307 1897 1346 1931 ad
1369 1897 1626 1941 presbyteratum
1640 1898 1703 1930 una
1714 1906 1788 1929 curn
1800 1894 1893 1928 sociis
1903 1905 2068 1937 tamquam

1187 1944 1329 1978 Eremita
1349 1946 1409 1978 soli
1430 1946 1505 1978 Deo
1526 1948 1633 1989 vixit.
1661 1945 1778 1987 Neque
1798 1945 1887 1978 enim
1899 1955 2015 1978 omnes
2026 1944 2068 1978 ad

1185 1993 1213 2026 se
1235 1994 1427 2037 Hipponem
1448 2004 1607 2028 evocarat.
1635 1994 1785 2028 Residuis
1797 2006 1876 2039 ergo
1890 1995 2069 2038 Episcopus

1186 2043 1316 2084 Alipius
1327 2054 1404 2076 mox
1425 2045 1596 2077 aedificavit
1617 2043 1869 2078 monasterium:
1897 2045 1984 2078 Istud
1997 2056 2066 2079 mo-

1184 2089 1356 2123 nasterium
1379 2114 1389 2130 ,
1424 2102 1467 2124 ex
1487 2103 1554 2134 quo
1576 2091 1617 2125 ad
1643 2091 1816 2126 Ecclesiam
1837 2093 2067 2129 Thianensem
2102 2121 2104 2123 .

1182 2139 1359 2182 assumptus
1381 2138 1425 2172 est
1451 2141 1576 2174 sancius
1599 2140 1813 2182 Honoratus,
1839 2143 1881 2176 de
1903 2155 1971 2187 quo
1994 2145 2066 2187 post

1183 2188 1293 2222 multis
1320 2189 1488 2223 discussam
1514 2190 1582 2233 ejus
1609 2193 1748 2225 caussam
1776 2192 1816 2225 sic
1843 2192 1885 2226 ad
1912 2193 2065 2236 Alipium

1182 2238 1291 2272 scribit
1314 2238 1534 2283 Augustinus.
1565 2239 1709 2280 Postrema
1722 2265 1733 2281 ,
1759 2247 1830 2284 quia
1848 2247 1949 2276 omnia
1967 2245 2064 2286 timeo,
2086 2236 2188 2281 Epist·

1180 2288 1213 2321 (9
1231 2294 1350 2322 memini
1369 2295 1401 2322 in
1428 2291 1551 2334 digreffu
1577 2302 1637 2324 meo
1660 2292 1734 2333 quid
1749 2291 1936 2335 proposueris
1950 2319 1961 2335 ,
1986 2297 2067 2337 quod
2085 2297 2168 2335 239¹

1181 2349 1225 2370 me
1244 2338 1366 2379 fratres
1386 2338 1580 2383 Tagastenses
1597 2347 1720 2373 teneant
1738 2342 1901 2376 debitorem
1922 2348 1954 2377 in
1976 2347 2064 2378 dimi-

1181 2390 1228 2420 dio
1252 2389 1331 2421 illius
1354 2396 1469 2430 pretii,
1488 2387 1518 2431 fi
1533 2389 1584 2423 boc
1605 2388 1716 2431 iustum
1742 2391 1792 2433 effe
1814 2392 1927 2434 liquido
1949 2394 2064 2437 perspi-

1178 2443 1244 2478 cis,
1268 2450 1303 2471 ea
1321 2439 1484 2473 dumtaxat
1509 2441 1674 2474 miiitione
1699 2451 1756 2473 non
1774 2441 1874 2475 abnuo
1891 2467 1902 2483 ,
1937 2452 1971 2476 ut
1996 2455 2062 2478 cum

1180 2487 1305 2521 habuero
1325 2490 1453 2523 reddam
1468 2504 1478 2523 .·
1506 2491 1545 2522 Id
1558 2489 1622 2530 est,
1648 2501 1711 2523 cum
1732 2491 1851 2534 aliquid
1872 2501 1991 2526 tantum
2015 2495 2064 2527 ob-

1180 2544 1295 2571 venerit
1316 2538 1483 2581 monasterio
1508 2540 1704 2582 Hipponensi,
1729 2549 1762 2574 ut
1783 2541 1833 2576 boc
1842 2541 1906 2583 fine
1928 2544 2062 2588 angustia

1175 2587 1343 2630 fieripofflt‚
1370 2590 1432 2624 &c-
1454 2591 1586 2624 Horum
1599 2590 1699 2624 trium
1711 2592 1982 2628 monasteriorum
1996 2606 2064 2629 rne-

1179 2638 1276 2672 rninit
1295 2640 1393 2674 etiam
1407 2641 1529 2673 sanstus
1550 2639 1706 2674 Paulinus
1731 2664 1742 2680 ,
1779 2642 1823 2675 fic
1851 2642 1992 2678 scribens
2017 2645 2058 2679 ad

1180 2688 1327 2731 Alipium
1347 2712 1356 2721 .
1382 2690 1562 2723 Benedio‘los
1594 2691 1773 2724 Sanffltatis
1793 2701 1854 2725 tuae
1875 2699 1992 2728 comites
2025 2697 2059 2730 (tt
2079 2692 2138 2737 Ep.
2169 2704 2225 2742 33.

1178 2739 1380 2781 aemulatores,
1407 2746 1439 2772 in
1467 2743 1592 2773 Domino
1609 2739 1744 2783 fratres,
1763 2740 1794 2783 fi
1809 2743 1976 2786 dignantur
1988 2756 2059 2784 ,no-

1173 2787 1245 2827 stros
1258 2811 1267 2827 ,
1292 2798 1358 2822 tam
1379 2794 1412 2822 in
1437 2785 1570 2832 Ecclefiis
1588 2802 1678 2833 quam
1700 2796 1733 2824 in
1756 2791 1936 2834 monasteriis
1949 2818 1960 2834 ‚
1983 2797 2057 2827 Car-

1175 2837 1321 2882 tbagine,
1345 2839 1502 2883 Tagastae,
1530 2845 1665 2883 Hippone
1689 2845 1794 2884 Regio,
1821 2844 1855 2876 Za·
1879 2849 1950 2876 totis
1962 2845 2058 2877 Paro-

1174 2887 1249 2920 cbiis
1269 2894 1332 2921 tuis
1344 2913 1356 2929 ,
1381 2898 1470 2932 atque
1487 2891 1622 2924 omnibus
1638 2897 1761 2935 cognitis
1784 2891 1840 2925 tibi
1851 2900 1906 2932 per
1918 2892 2054 2934 africam

1172 2939 1239 2970 locis
1254 2962 1265 2978 ‚
1292 2941 1416 2972 Domino
1438 2939 1577 2974 catholice*
1591 2939 1754 2983 servientes
1766 2964 1776 2981 ,
1802 2943 1893 2974 multo
1903 2942 2053 2983 affee‘iu&

1171 2986 1303 3030 obsequio
1315 2987 1443 3031 salutari
1470 3002 1606 3034 rogamus
1627 3015 1634 3022 .
1661 2990 1848 3035 Distinguit
1869 2991 1974 3036 Alipii
2000 3005 2055 3028 co-

1172 3038 1266 3072 mites
1284 3038 1319 3071 in
1341 3038 1490 3074 Ecclesiis
1511 3064 1523 3080 ,
1549 3053 1586 3075 ac
1607 3041 1806 3075 aemulatores
1829 3040 1864 3075 in
1890 3044 2053 3077 monaste-

1170 3087 1241 3128 riis,
1268 3088 1342 3130 quia
1364 3100 1480 3132 nempe
1506 3090 1637 3134 Alipius
1656 3090 1720 3124 hoc
1731 3090 1835 3134 ipsum
1852 3092 1969 3126 fecerat
1981 3092 2053 3126 Ta-

1168 3138 1280 3182 gastae,
1307 3139 1395 3182 quod
1422 3140 1628 3184 Augustinus
1653 3140 1831 3184 Hippone.
1861 3142 1941 3175 Duo
1955 3141 2051 3176 insti-

1167 3197 1269 3222 tuerat
1291 3188 1482 3223 monasteria
1502 3213 1513 3229 ,
1539 3200 1642 3224 unum
1667 3189 1701 3224 in
1725 3189 1900 3226 solitudine
1922 3216 1933 3232 ,
1960 3191 2050 3226 aliud

1166 3238 1200 3271 in
1227 3238 1350 3281 palatio
1369 3238 1572 3282 Episcopali.
1597 3241 1651 3275 Sic
1672 3242 1792 3275 fastum
1815 3240 1876 3274 fuit
1896 3240 1930 3274 in
1951 3241 2050 3284 pluri·

1164 3287 1236 3321 mis*
1251 3299 1305 3331 per
1326 3285 1473 3322 Africam
1493 3289 1592 3324 locis.
1619 3291 1675 3325 An
1698 3291 1740 3324 fic
1763 3291 1795 3323 in
1807 3290 1949 3325 Dioecefi
1971 3291 2049 3327 Car-

1162 3336 1355 3381 thaginiensi
1378 3337 1492 3373 fecerit
1514 3339 1689 3379 Aurelius,
1714 3340 1843 3382 nescio;
1869 3340 1914 3375 fic
1936 3350 2048 3377 tamen

1160 3389 1261 3422 fecere
1269 3385 1380 3421 decem
1392 3387 1443 3421 issi
1454 3399 1494 3422 ex
1506 3388 1554 3422 Hi
1558 3389 1710 3432 pponensi
1721 3389 1916 3424 monasterio
1927 3392 2047 3427 assum·

1160 3438 1205 3481 pti
1221 3436 1371 3481 Episcopi
1384 3461 1395 3478 ,
1406 3436 1446 3471 de
1457 3437 1575 3481 quibus
1586 3440 1631 3473 ita
1642 3440 1688 3474 ait
1699 3439 1860 3475 Poffidius
1871 3465 1878 3472 .
1904 3442 2043 3475 Similiter

1157 3488 1191 3522 ὁ·
1214 3486 1271 3530 iplt‘
1286 3486 1779 3533 exillorumsanllorumpropofito
1801 3497 1960 3527 venientes
1982 3502 2041 3525 mo·

1599 3539 1631 3574 C
1679 3549 1701 3586 3
1901 3538 1992 3580 naste-
