2384 3770
577 136 663 181 DE
714 130 1122 180 DetERL.-Loo.
1159 124 1360 186 Esus'Q
1409 131 1676 189 stacten}

271 221 362 264 atqui
388 220 607 266 significatum
644 222 765 255 testum
793 217 1019 252 immediatum
1046 214 1136 247 vocis

266 268 397 313 spirator
421 272 466 306 est
494 272 691 315 suppositum
708 268 836 312 equod
865 268 898 300 in
928 265 1005 298 Deo
1031 264 1139 297 multi-

268 320 405 363 plicatur
421 335 434 356 .-
469 333 548 366 ergo
573 323 673 355 etiam
702 315 910 359 multiplicari
939 313 1043 358 potest
1070 314 1135 357 Spi-

267 380 357 404 rator
373 395 384 412 ‚
420 383 458 406 ac
484 373 550 406 dici
576 369 644 404 duo
669 368 845 411 spiratores
868 389 874 396 .
901 363 1004 409 Quod
1031 364 1137 407 ipsum

267 420 368 455 etiam
390 422 496 456 asserit
523 420 718 457 notandus,
745 427 783 449 ac
802 409 979 458 etiam¹ipse
1006 416 1158 449 sanetus»

267 469 422 506 Thomas
448 473 482 505 in
513 480 543 506 1.
567 469 630 509 dist.
656 478 708 515 {1-
736 466 779 500 Et
807 476 863 512 29.
884 473 942 498 art.
966 466 1018 498 ult.

315 531 372 568 45.
398 521 517 564 Neque
542 520 641 553 etiam
668 516 761 551 obest
786 516 940 551 definitio
967 515 1046 558 Cap.
1066 513 1137 556 fide·

267 571 323 605 Its.
353 563 443 617 Qia
462 567 651 612 Capitulum
679 565 1001 601 istudsolummodo
1026 563 1137 598 defini-

266 632 300 655 re
325 621 357 654 δε
382 621 500 654 docere
525 618 668 652 intendit
689 640 702 657 ,
735 617 825 660 quod
853 615 948 650 Pater
974 616 1008 649 δε
1033 614 1138 653 Filius

265 680 336 704 non
362 669 480 712 spirent
506 668 662 711 Spiritum
688 667 862 701 Sanctum·
879 665 1005 699 duabus
1043 665 1135 707 spir*
1174 657 1177 697 s
1208 684 1210 686 -

264 717 433 759 tionibus,
460 729 564 763 neque
581 717 707 752 duabus
734 715 908 752 virtutibus
936 717 990 749 seu
1017 714 1135 757 princi·

266 768 327 813 piis
354 769 539 812 spirativis;
570 769 623 803 sed
661 766 757 811 plane
782 766 895 801 eadem
917 791 925 798 .
970 764 1141 799 Definitio

265 830 345 864 ergo
370 818 515 866 Capituli
545 818 684 861 intelligi
701 817 796 851 debet
822 816 863 849 de
889 815 1135 858 principiisque,

266 879 337 904 non
358 867 406 903 ’δε
431 868 600 912 principiis
625 869 707 910 quod
725 892 732 899 .
761 865 951 908 Capitulum
973 865 1061 897 enim
1084 863 1138 899 da,-

264 928 359 953 mnat
382 918 582 958 Haeretieos,
609 916 713 950 Patris
740 916 773 950 ὃ(
795 914 870 948 Filii
900 913 1110 948 substantiam
1125 937 1136 952 ‚

264 978 306 1002 ac
330 968 483 1013 virtutem
504 967 696 1011 -spirativam
723 967 903 1009 separantes
927 976 939 1007 3
966 975 1035 998 non
1060 962 1136 998 vero

264 1016 363 1053 docet
401 1018 540 1053 modum
572 1015 732 1061 loquendi
763 1015 1054 1055 Grammaticun„
1085 1014 1136 1046 vel

265 1067 562 1103 Summulisticum.
583 1067 637 1100 De
657 1078 724 1110 quo
737 1066 827 1110 plura
849 1064 1062 1109 Theologus.
1085 1064 1134 1098 ln·

265 1118 362 1153 terim
375 1128 484 1152 tamen
494 1118 541 1152 ob
555 1118 735 1161 periculum
751 1114 931 1155 malevoli,
955 1115 1006 1148 vel
1029 1115 1137 1147 incau-

266 1167 293 1201 ti
315 1168 517 1209 intenditis,
539 1167 671 1202 Divinae
681 1166 830 1200 Personae
852 1163 1015 1200 ordinarie
1026 1164 1137 1197 dicun-

266 1228 318 1252 tur
339 1230 422 1252 unus
434 1218 572 1252 Creator
586 1242 597 1257 ‚
613 1229 698 1251 unus
710 1218 874 1260 Spirator;
895 1225 963 1249 non
987 1224 1053 1249 tres
1061 1215 1137 1249 Cre·

264 1276 388 1309 atores,
410 1277 466 1302 aut
485 1267 553 1301 duo
574 1268 768 1310 Spiratores.

439 1343 441 1345 ’
464 1367 500 1401 D
522 1366 563 1401 U
588 1366 615 1399 B
640 1366 656 1399 1
679 1366 720 1401 U
746 1367 786 1400 M
845 1366 920 1400 111.

289 1471 337 1502 De
357 1466 614 1502 ”eremit-attone
633 1470 745 1510 Loglca
757 1490 768 1507 ,
791 1467 912 1508 ejusque
940 1454 1112 1506 speciebus.

514 1564 815 1603 SECTIO
864 1564 888 1597 1.

384 1667 569 1708 Explicatur
594 1673 708 1699 natura
745 1666 1006 1699 determinationis

588 1720 622 1750 in
642 1721 784 1749 commum
796 1740 803 1748 .

262 1815 321 1863 '46-
434 1817 506 1851 Icut
528 1815 618 1860 supra
629 1814 767 1851 distinxi
778 1826 896 1852 vocem
907 1815 1139 1859 appellantem,

446 1868 479 1901 δε
500 1877 614 1901 vocem
649 1865 842 1910 appellatam
867 1889 879 1907 ‚
901 1866 980 1900 item
1002 1865 1144 1909 appella*-⁴

263 1915 390 1950 tionem
411 1919 547 1950 activam
569 1917 602 1950 ἀ
622 1917 774 1959 paffivatn
799 1929 808 1959 ;
844 1916 884 1948 fic
906 1913 959 1948 hic
981 1914 1139 1956 distingui

264 1965 360 1999 debet
381 1976 444 1998 vox
461 1965 681 1999 determinans
701 1978 711 1997 .·
744 1966 779 1998 δε
801 1975 866 1997 vox
884 1963 1116 1997 >determinata
1130 1985 1140 2000 ,

264 2015 343 2048 item
365 2014 596 2049 determinatio
618 2014 720 2047 activa
741 2014 773 2047 δε
805 2012 922 2056 paffiva
945 2036 954 2045 .
976 2010 1137 2046 Determi·

263 2066 357 2099 natio
379 2064 514 2107 quippe,
538 2063 572 2096 &
592 2063 768 2107 appellatio
790 2066 863 2097 tunt
884 2062 1070 2096 affectiones
1085 2072 1136 2094 vo-

262 2114 330 2153 cis,
358 2125 428 2156 quae
448 2123 514 2146 non
536 2114 668 2153 poffunt
698 2112 815 2144 habere
835 2112 948 2144 locum
979 2111 1014 2142 in
1039 2111 1137 2143 unica

263 2173 342 2197 voce
361 2175 371 2205 3
397 2162 449 2195 sed
468 2171 528 2204 pro
549 2160 607 2192 suo
626 2159 768 2202 subjesto
784 2158 997 2193 essentialiter
1031 2158 1135 2203 requi-

259 2221 336 2248 rnnt
358 2212 397 2246 ad
421 2210 530 2245 minus
551 2209 631 2243 duas
653 2220 765 2243 voces.
787 2209 841 2242 De
854 2208 1077 2252 appellatione
1089 2207 1135 2242 est

260 2263 384 2296 clarum
397 2274 407 2293 .·
426 2261 515 2305 Qia
537 2259 714 2300 appellatio
736 2258 782 2290 est
802 2258 984 2299 applicatio
1010 2258 1135 2300 signifi,

255 2313 323 2345 cati
347 2311 493 2343 formalis
515 2307 611 2341 unius
633 2307 723 2340 vocis
744 2305 835 2347 supra
848 2306 1071 2348 significatum
1091 2306 1135 2342 al-

1909 106 2029 189 '251

1205 212 1289 246 Non*
1301 212 1427 254 possum
1441 212 1600 255 speculari
1611 216 1771 251 breviores
1783 242 1792 258 ,
1814 223 1869 251 aut
1883 215 2066 251 commodi-

1194 272 1275 299 ,σγα
1289 262 1342 295 :id
1354 272 1389 295 tu
1403 285 1413 301 ,
1425 263 1446 294 ii
1461 262 1556 304 poffis
1567 264 1617 295 fac
1631 289 1641 303 ‚
1660 267 1693 299 &
1705 278 1839 311 magnas
1854 266 1981 301 habebo
1991 278 2062 312 gra·

1204 313 1263 345 tias
1274 335 1281 342 .
1298 311 1371 355 V.g.
1387 322 1462 345 cum
1473 312 1564 354 dico,
1577 313 1685 346 Petrus
1696 316 1732 353 est
1744 316 1823 348 homo
1836 318 1932 354 albus,
1945 318 1992 351 vel
2009 322 2068 351 Ca·

1196 363 1301 399 <daim
1312 362 1350 401 est
1362 361 1584 396 homoemrtuus
1594 385 1605 401 ‚
1614 374 1677 395 vox
1691 363 1770 396 homo
1783 369 1826 398 est
1841 379 1906 399 vox
1918 368 2069 402 determi-

1204 421 1279 445 nata
1292 423 1301 454 ;
1315 423 1414 445 voces
1425 414 1499 445 vero
1511 412 1598 445 albus
1610 438 1620 452 ‚
1631 414 1663 446 ὅ(
1676 422 1806 445 mortuus
1821 417 1892 449 sunt
1909 427 2004 451 voces
2014 416 2068 451 de-

1203 462 1411 495 terminantes
1421 464 1535 496 vocem
1548 461 1647 495 bomo.
1666 462 1754 510 Qa
1766 464 1916 498 videlicet
1930 467 2018 500 illius
2032 468 2068 500 si.

1202 510 1449 555 gnificationem
1464 512 1660 546 modificant
1673 538 1683 552 ,
1695 525 1731 546 ac
1741 522 1830 546 certo
1843 516 1947 549 modo
1966 518 2067 551 affici-

1203 571 1281 594 unt:
1305 573 1369 595 vox
1386 563 1475 595 enirn
1494 572 1628 596 mortuus
1643 586 1653 603 ,
1680 562 1951 607 significationem
1974 568 2067 600 vocis

1194 611 1283 644 >bomo
1295 613 1412 646 alienat
1432 628 1444 652 ,-
1463 624 1525 645 vox
1539 615 1617 646 vero
1628 612 1811 646 albusiltam
1826 614 1987 658 restringit
1998 641 2005 648 .

1252 660 1306 707 48.
1334 663 1413 696 Dixi
1429 663 1462 694 in
1478 662 1736 696 definitionibus:
1753 667 1837 698 Vocis
1848 669 1881 695 in
1891 667 1990 697 eodem
2002 673 2067 706 pro-

1195 710 1340 755 positionis
1353 714 1483 746 extremo
1490 711 1543 752 fibi
1551 713 1704 752 adjunc‘lae
1716 736 1726 752 ,
1745 715 1802 746 (vc.
1830 713 1910 747 Haec
1922 716 2010 748 enim
2021 715 2067 748 est

1199 764 1308 805 aliqua
1328 762 1510 796 differentia
1523 764 1613 795 vocis
1623 763 1841 797 determinatae
1850 787 1860 804 ,
1873 765 1905 797 δε
1917 765 2067 798 determi—

1175 839 1177 842 .
1201 812 1306 846 nantis
1322 813 1343 847 ὸ,
1375 823 1456 846 voce
1469 812 1881 857 appellata&appellante.
1907 813 2025 856 Neque
2036 827 2065 848 e.

1200 864 1268 895 nim
1285 863 1493 905 praedicatum
1511 861 1613 904 potest
1634 863 1846 897 determiuare
1868 862 2041 906 subjeetum
2057 890 2067 905 ‚

1199 913 1393 956 sicutvpotest
1407 912 1566 955 appellare
1580 914 1670 955 supra
1684 913 1785 952 illud;
1811 915 1864 947 sed
1878 923 1942 948 vox
1965 914 2068 948 deter-

1200 962 1372 1009 minans&
1397 962 1611 996 determinata
1635 964 1698 997 effe
1720 964 1839 997 debent
1861 974 1964 1006 partes
1990 964 2070 1007 ejus-

1199 1013 1274 1046 dem
1285 1011 1435 1046 extremi:
1465 1012 1669 1054 ponidebent
1682 1014 1715 1046 in
1730 1014 1845 1047 eodem
1871 1015 2070 1057 propositio-

1201 1063 1252 1096 nis
1262 1071 1410 1096 extremo
1420 1086 1427 1093 .
1454 1065 1552 1103 cujus
1564 1067 1641 1095 ratio
1645 1063 1736 1110 potest
1749 1064 1800 1106 effe
1807 1063 1869 1097 haec
1882 1076 1888 1095 :
1912 1064 2002 1112 Qia
2016 1075 2069 1098 vo·

1200 1123 1273 1147 cem
1286 1112 1503 1146 determinare
1515 1113 1557 1145 est
1580 1114 1647 1155 ejus
1669 1113 1942 1158 fignificationem
1955 1114 2073 1158 aliquo

1202 1162 1306 1198 modo
1323 1163 1496 1196 immutare
1519 1163 1551 1195 &
1573 1163 1726 1197 alterare:
1746 1163 1790 1197 est
1803 1164 1892 1197 enim
1906 1164 1996 1197 illam
2010 1166 2071 1199 res-

1201 1214 1342 1258 tringere
1353 1237 1364 1253 ‚
1379 1213 1551 1246 extendere
1568 1236 1578 1252 ‚
1590 1213 1750 1253 alienare,
1773 1213 1954 1247 diminuere
1968 1237 1979 1252 ,
2005 1215 2070 1248 &cz

1203 1264 1286 1309 Qae
1298 1264 1462 1296 suntverae
1474 1263 1722 1296 immutationes
1734 1275 1771 1296 ac
1785 1260 2007 1297 alterationes:
2021 1264 2070 1296 uti

1202 1316 1325 1347 clarum
1337 1313 1381 1346 est
1397 1336 1404 1344 .
1421 1313 1519 1354 Atqui
1533 1313 1738 1356 praedicatum
1753 1314 1866 1356 nequit
1880 1314 2014 1347 alterare
2027 1314 2071 1346 fi-

1203 1363 1461 1408 gnificationem
1475 1365 1520 1395 {ui
1535 1362 1690 1405 subjeffi3
1705 1363 1922 1404 nequitillam
1945 1363 2072 1397 restrin-

1203 1424 1298 1458 gere,
1317 1411 1490 1448 extendere
1503 1413 1687 1453 ‚alienare‚
1711 1414 1763 1446 vel
1775 1413 1956 1447 diminuere
1968 1438 1978 1453 ‚
2005 1415 2070 1448 δίε.

1206 1465 1295 1508 Ergo
1307 1464 1419 1507 nequit
1431 1463 1522 1496 illam
1534 1463 1765 1497 determinare:
1772 1464 1925 1507 adeoque
1937 1475 2002 1497 vox
2016 1465 2071 1497 de-

1205 1514 1404 1553 terminans,
1430 1514 1463 1547 &
1475 1513 1691 1547 determinata
1706 1524 1870 1556 nequeunt
1885 1515 1963 1557 poni
1978 1515 2010 1546 in
2024 1513 2072 1546 di'-

1205 1563 1300 1597 versls
1310 1562 1474 1603 extremi53
1487 1563 1540 1595 sed
1554 1563 1632 1602 poni
1642 1563 1761 1595 debent
1776 1566 1809 1594 in
1820 1563 1935 1596 eodem
1957 1574 2071 1605 propo-

1204 1613 1335 1647 sitionis
1355 1621 1521 1645 extremo.
1547 1611 1698 1644 Probatur
1715 1618 1808 1643 minor
1823 1625 1834 1644 .·
1855 1612 1945 1658 Qia
1961 1611 2067 1655 praedi=

1204 1674 1312 1698 catum
1326 1663 1360 1696 in
1373 1663 1466 1695 suum
1479 1661 1653 1703 subjeetum
1666 1660 1749 1694 nihil
1764 1662 1868 1701 valet,
1888 1662 1942 1694 nisi
1957 1662 2004 1695 illi
2020 1674 2075 1705 ap·

1186 1709 1190 1727 ¹
1205 1714 1325 1757 plicare
1338 1714 1430 1746 suum
1439 1710 1654 1756 significatum
1667 1712 1824 1745 formale:
1838 1712 1926 1755 atqui
1940 1723 1995 1754 per
2007 1711 2073 1746 hu-

1204 1762 1346 1807 jusmodi
1359 1762 1615 1806 applicationem
1630 1772 1698 1795 non
1710 1761 1862 1796 alteratur
1874 1787 1883 1802 ‚
1896 1773 2004 1804 neque
2015 1761 2072 1795 im·

1205 1823 1350 1847 mutatur
1361 1812 1491 1854 subi-edii
1505 1812 1703 1856 fignificatio
1715 1824 1722 1843 ;
1734 1823 1836 1855 neque
1848 1813 1921 1845 talis
1932 1812 2075 1855 applica-

1205 1865 1253 1898 tio
1264 1863 1308 1897 est
1319 1862 1568 1907 significationis
1578 1863 1794 1896 commutatio
1815 1870 1871 1895 aut
1897 1862 2048 1896 alteratio
2062 1885 2077 1895 .

1206 1915 1297 1956 Ergo
1312 1912 1513 1954 praedicatum
1527 1913 1638 1953 nequit
1650 1911 1780 1954 subjecti
1799 1913 1845 1945 sui
1860 1906 2067 1956 significatio·

1187 1973 1279 2017 lnem
1293 1961 1468 1994 immutare
1479 1985 1489 2000 ,
1518 1970 1573 1995 aut
1585 1962 1728 2002 alterare,
1742 1962 1929 2006 restringere
1941 1986 1951 2003 ,
1966 1962 2016 1996 vel
2027 1961 2073 1996 di-

1205 2011 1350 2045 minuere
1362 2035 1373 2051 ,
1385 2011 1447 2044 &c.
1464 2011 1633 2044 Prob.m1n.
1646 2013 1735 2060 Qia
1747 2011 1968 2056 philosophari
1979 2023 2074 2056 opor-

1204 2071 1248 2095 tet
1259 2061 1299 2094 de
1311 2060 1531 2102 applicatione
1545 2062 1714 2104 fignificati
1734 2062 1886 2095 formalis
1910 2063 2076 2105 praedicati»

1203 2109 1295 2151 supra
1308 2108 1480 2149 subjectum
1495 2109 1735 2149 praedicationis
1746 2135 1756 2150 ,
1777 2112 1856 2145 ficut
1867 2110 2074 2154 philosopha-

1185 2137 1188 2185 Ι
1202 2169 1275 2191 mur
1285 2157 1325 2191 de
1337 2157 1556 2200 applicatione
1586 2159 1703 2192 caloris
1713 2160 1763 2192 vel
1783 2160 1914 2204 frigoris
1926 2163 2016 2206 supra
2029 2163 2077 2195 su-

1183 2234 1187 2261 i
1202 2207 1340 2249 bjest'um
1354 2206 1583 2247 calefactionis,
1592 2208 1640 2241 vel
1653 2208 1902 2253 frigefacstionis:
1913 2213 2005 2254 atqui
2020 2223 2074 2254 per

1182 2264 1186 2292 ξ
1201 2257 1316 2290 harum
1328 2257 1505 2288 formarum
1518 2257 1773 2298 applicationem
1788 2270 1901 2293 natura
1914 2262 1948 2294 &
1971 2262 2073 2294 effen-

1183 2295 1186 2367 ἰ
1201 2306 1246 2338 tia
1268 2304 1398 2346 subjecti
1410 2315 1475 2337 non
1490 2306 1684 2339 immutatur
1695 2330 1705 2345 ‚
1719 2317 1825 2349 neque
1837 2309 1993 2343 alteratur
2005 2324 2018 2343 a
2029 2316 2076 2352 ef>

261 2359 382 2394 terius:
402 2370 471 2402 quae
493 2356 669 2400 applicatio
696 2355 765 2388 fieri
787 2354 902 2398 nequit
924 2378 935 2394 ‚
969 2354 1028 2387 nifi
1053 2355 1138 2389 infer
1182 2366 1244 2399 :go
1267 2354 1411 2387 similiter
1432 2365 1484 2396 per
1504 2354 1596 2387 istam
1626 2355 1881 2398 applicationem
1895 2359 2070 2401 significati

256 2410 342 2443 ⁴duas
364 2407 403 2443 ad
423 2406 533 2442 minus
555 2416 675 2448 voces;
703 2405 750 2438 uti
771 2415 813 2439 ex
837 2404 986 2438 terminis
1011 2404 1057 2437 est
1071 2415 1135 2439 ma-

257 2458 434 2493 ·nifestum.
456 2459 509 2491 De
529 2455 814 2495 determinatione*
828 2455 906 2488 vero
928 2452 1023 2488 facile
1049 2464 1134 2497 pate·

262 2509 310 2544 bit
331 2520 372 2542 ex
394 2508 457 2547 iis,
479 2517 549 2548 quae
570 2504 636 2539 hoc
659 2504 762 2539 dubio
784 2505 858 2538 sunt
876 2505 894 2537 a
909 2515 960 2537 me
980 2503 1128 2537 dicenda.

259 2558 300 2592 ln
318 2569 389 2600 quo
407 2556 564 2591 differunt
587 2555 636 2589 hae
658 2554 730 2588 duae
751 2554 936 2588 affectiones
957 2553 1000 2587 ab
1022 2565 1130 2596 accep-

256 2608 352 2643 ‘tione
372 2606 551 2651 personali,
570 2604 734 2648 simplici,
759 2604 918 2638 materiali
941 2627 953 2643 ‚
984 2603 1047 2637 &c-
1070 2605 1131 2636 Hae

261 2659 379 2701 quippe
410 2657 444 2689 in
465 2655 565 2690 unios
581 2663 663 2687 voce
687 2653 856 2694 subjectari
881 2655 1011 2697 poffuut
1038 2677 1049 2693 ,
1079 2664 1131 2686 ne·

260 2719 324 2751 que
335 2705 499 2749 requirunt
511 2704 616 2747 plures
626 2726 636 2742 ,
646 2711 683 2735 ut
696 2703 830 2746 planum
841 2703 887 2737 est
899 2704 1128 2738 confideranti.

310 2767 366 2804 47.
396 2755 537 2795 Vocem,
554 2753 827 2789 determinantem
840 2775 850 2791 ,
877 2763 915 2785 ac
934 2753 1130 2787 determina-

260 2817 327 2841 tam
339 2832 349 2848 ,
370 2814 544 2848 earumque
567 2802 856 2837 determinationes
869 2800 1006 2835 definire
1032 2803 1065 2836 in
1077 2814 1131 2847 ge·

260 2868 359 2897 nere,
385 2853 479 2889 valde
501 2852 636 2888 difficile
656 2852 702 2886 est
728 2864 736 2885 :
766 2852 798 2885 δε
820 2851 919 2885 credo
938 2851 1022 2894 aegre
1045 2854 1132 2894 poffe

259 2907 353 2941 fieriz
382 2904 450 2938 Hic
473 2905 593 2948 quippe
614 2903 726 2936 locum
750 2900 849 2935 habet
875 2901 1004 2945 Regula
1029 2901 1130 2944 Juris:

259 2961 367 2990 omnis
390 2955 522 2998 definitio
539 2950 702 2996 periculosa
713 2952 766 2993 est:
788 2961 900 2993 parum
923 2950 961 2991 est
978 2955 1078 2992 enim,
1102 2961 1134 2985 ut

261 3018 317 3039 non
326 3004 550 3049 subverttpoffit
569 3017 580 3037 .-
606 3003 749 3046 Optimae
758 3012 839 3046 ergo
852 3001 1063 3035 definitiones
1089 3002 1135 3035 vi-

261 3055 379 3090 dentur
403 3055 486 3089 mihi
509 3056 571 3088 ess'e
598 3052 664 3086 hae:
694 3056 759 3085 Vox
770 3052 980 3085 determinans
1002 3051 1039 3091 est
1049 3057 1137 3092 ἰωὴ·

262 3117 329 3148 quae
337 3104 604 3150 suafignificattone
611 3102 854 3146 fignificationem
883 3102 1008 3134 alterius
1028 3106 1109 3135 vocis
1124 3126 1134 3142 ,

263 3155 314 3194 fibi
326 3160 359 3186 in
368 3156 466 3188 eodem
474 3156 698 3198 praedicationis
707 3151 1017 3192 extremotadjunc‘lae
1026 3174 1038 3191 ,
1060 3159 1134 3184 terto

263 3207 347 3238 modo
358 3205 447 3245 afficit
459 3204 649 3246 &modificat
663 3217 673 3236 :
700 3209 799 3245 utpote
815 3202 899 3234 illam
914 3200 1110 3244 restringendo
1122 3226 1132 3241 ,

263 3255 421 3288 alienando
434 3278 444 3294 ,
455 3256 637 3296 ampliando,
654 3255 710 3287 &a
721 3257 786 3286 Vox
800 3254 870 3286 vero
885 3252 1083 3285 determinata
1094 3252 1130 3292 est

263 3316 325 3339 voa
339 3328 349 3344 ,
359 3305 440 3344 cujus
448 3303 621 3347 significatio
631 3306 650 3336 ἃ
665 3301 875 3346 fignificatione
887 3301 1011 3334 alterius
1028 3306 1106 3335 vocis
1120 3326 1130 3342 ,

1200 2416 1267 2438 non
1282 2406 1434 2437 alteratur
1442 2404 1639 2447 significatio
1651 2405 1782 2448 subjesti
1797 2431 1804 2438 .

1248 2464 1305 2498 49.
1317 2457 1372 2486 Ex
1384 2462 1553 2495 quopatet.
1581 2455 1619 2488 In
1633 2467 1699 2498 quo
1710 2456 1767 2490 fita
1790 2456 1828 2489 fit
1842 2457 1968 2500 praecifa
1981 2483 1992 2499 ,
2019 2461 2070 2493 es-

1198 2504 1410 2546 sentialisque
1424 2504 1605 2538 differentia
1617 2505 1900 2541 determinationis
1909 2508 1949 2542 ab
1965 2510 2072 2552 appel-

1195 2553 1418 2588 lationezitem
1438 2553 1621 2588 differentia
1642 2558 1732 2590 vocis
1754 2557 2006 2593 determinantis
2031 2571 2068 2594 ac

1195 2604 1416 2638 determinatae
1427 2603 1445 2636 a
1457 2615 1536 2637 voce
1547 2604 1727 2647 appellante
1741 2607 1774 2640 δε
1787 2608 1944 2650 appellata
1959 2634 1964 2640 .
1985 2610 2067 2644 Meo

1195 2654 1335 2695 judicio,
1358 2655 1413 2687 sita
1424 2653 1468 2686 est
1484 2654 1518 2687 in
1532 2653 1615 2688 hoc:
1642 2655 1745 2702 Quod
1770 2657 2002 2692 determinatio
2028 2660 2067 2694 fit

1195 2703 1444 2748 significationis
1456 2704 1624 2747 alteratio,
1639 2706 1817 2748 appellatio
1835 2707 1910 2739 vero
1938 2721 2005 2742 non
2020 2709 2067 2743 est

1196 2755 1364 2793 alteratio,
1386 2752 1436 2786 sed
1459 2753 1526 2787 sola
1545 2755 1714 2799 significati
1726 2757 1815 2799 supra
1845 2757 2064 2800 significatum

1195 2804 1385 2846 applicatio:
1407 2803 1486 2837 item
1499 2815 1566 2836 vox
1579 2803 1802 2840 determinans
1816 2805 1861 2839 est
1877 2818 1940 2839 vox
1956 2807 2067 2841 alteri-

1196 2854 1231 2887 us
1255 2855 1342 2887 vocis
1354 2853 1626 2898 significationem
1639 2856 1799 2897 alterans,
1824 2857 1858 2890 &
1874 2867 1938 2890 vox
1963 2856 2066 2892 deter-

1196 2904 1318 2938 minata
1340 2903 1385 2936 est
1411 2914 1475 2937 vox
1490 2928 1500 2943 ‚
1525 2903 1616 2946 cujus
1635 2905 1831 2949 significatio
1841 2906 1883 2939 est
1895 2917 1950 2950 per
1964 2908 2066 2941 aliam·

1196 2965 1305 2987 vocem
1327 2954 1461 2987 alterata
1486 2966 1495 2994 3
1522 2965 1554 2987 at
1578 2955 1652 2988 vero
1678 2967 1742 2990 vox
1765 2957 1920 3000 appellata
1940 2957 1975 2990 δε
2010 2969 2066 3001 ap-

1195 3005 1319 3047 pellans
1343 3004 1416 3037 sunt
1437 3014 1502 3036 vox
1532 3004 1749 3048 significatum
1781 3001 1870 3049 supra
1904 3007 2066 3051 fignifica-

1193 3065 1266 3087 tum
1288 3053 1444 3097 recipiens
1463 3054 1497 3087 &
1519 3056 1703 3096 applicans:
1728 3068 1798 3100 quae
1823 3058 1896 3090 sunt
1911 3056 2004 3091 valde
2016 3056 2067 3091 di-

1194 3105 1278 3138 versa
1290 3128 1297 3136 .
1310 3103 1393 3138 Sunt
1405 3127 1415 3143 ‚
1428 3103 1576 3144 inquam,
1588 3104 1713 3140 diversa
1726 3130 1736 3146 ‚
1755 3118 1822 3140 non
1837 3105 1967 3149 quidem
1979 3108 2065 3142 sem·-

1195 3164 1245 3196 per
1258 3154 1291 3187 in
1305 3163 1338 3186 re
1351 3165 1361 3195 ;
1374 3152 1426 3186 sed
1440 3153 1473 3186 in
1488 3154 1614 3187 ratione
1625 3179 1635 3193 ‚
1664 3156 1696 3189 in
1717 3158 1817 3191 modo
1829 3156 2064 3200 concipiendi,

1193 3203 1226 3238 ἃ
1238 3201 1444 3246 significandi
1455 3226 1462 3233 .
1490 3202 1527 3237 In
1542 3214 1573 3236 re
1584 3205 1672 3237 enim
1685 3205 1915 3240 determinatio
1928 3206 2004 3251 [πρὸ
2015 3207 2062 3242 est

1195 3253 1372 3296 appellatio
1392 3252 1425 3286 &
1448 3262 1511 3286 vox
1522 3251 1737 3290 determinata
1754 3281 1764 3296 ,
1792 3257 1823 3289 δε
1844 3256 2065 3292 determinans

1214 3301 1280 3345 epe
1293 3304 1365 3334 sunt
1381 3303 1616 3346 voxappellata
1628 3305 1660 3338 δε
1671 3306 1854 3348 appellans.
1882 3307 1923 3340 V.
1938 3318 1972 3352 g.
1985 3318 2062 3342 cum

258 3354 319 3397 fibi
338 3359 371 3386 in
390 3355 490 3395 eodem
509 3352 706 3396 propofitlonis
719 3362 848 3386 extremo
858 3351 1006 3391 aa'junt‘la
1016 3375 1029 3393 ,
1054 3359 1130 3385 certo
1191 3352 1395 3391 dico,Petrus
1406 3349 1444 3391 est
1455 3350 1539 3384 bomo
1549 3353 1698 3389 demmin
1713 3355 1846 3390 vocibus
1859 3355 1941 3389 bomo
1952 3357 2067 3397 αόδῖιη,

267 3405 349 3437 modo
367 3403 492 3446 afficitur
521 3404 555 3436 ὁ*
575 3402 763 3444 modificatur
774 3428 781 3436 .
795 3403 914 3436 Fateor
927 3425 939 3441 ,
956 3400 1002 3434 hae
1018 3399 1128 3435 defini-

268 3454 377 3490 tiones
398 3464 508 3496 parum
521 3451 668 3497 ablongae
679 3455 780 3494 sunt,·
808 3451 860 3486 sed
882 3449 961 3496 quid
987 3449 1122 3487 faciam?

366 3502 469 3545 Christ.
497 3507 575 3545 Lupi
589 3508 686 3547 Opera
698 3505 860 3538 Tom-Xll.

1190 3403 1234 3436 est
1250 3401 1345 3435 simul
1356 3401 1576 3445 appellatio&
1587 3403 1826 3440 determinatio:
1849 3417 1913 3440 vox
1927 3406 2009 3438 homo
2022 3406 2067 3440 est

1191 3451 1456 3497 appellata,fimu1
1470 3452 1503 3486 ἀ
1515 3452 1810 3498 determinat23vox
1819 3455 1894 3490 vero
1906 3457 2007 3489 dot¹7us
2021 3454 2067 3488 est

1604 3502 1636 3535 Y
1686 3515 1710 3538 2
1931 3503 2022 3538 simul
