2384 3770
399 105 499 155 334
992 88 1228 138 CA*

361 176 510 212 totaliter
520 171 711 220 implicare,
740 173 1107 220 pemtrcere‚anuare,
1132 174 1167 210 δι
1186 174 1246 212 fer·

361 234 508 261 mentare
522 248 533 265 ,
560 224 644 260 acin
658 224 754 270 hujus
765 227 916 262 fermenti
930 225 1117 262 meditullio
1128 225 1246 263 &cen-

360 284 412 309 tro
423 275 686 320 organizationis
694 280 777 320 opus
788 276 964 312 inchoare.-
991 275 1060 313 Uti
1069 285 1187 311 notum
1197 274 1242 309 est

359 326 561 369 cuicumque
582 326 689 370 polito
709 327 847 362 Medico
860 352 868 362 .
896 327 1002 375 Atqui
1024 326 1094 362 haec
1112 334 1182 362 tota
1194 335 1244 361 to·

359 375 426 409 tius
445 376 501 410 ovi
516 375 686 420 alteratio,
712 377 945 416 conturbatio,
982 387 1021 411 ac
1036 375 1243 412 fermentatio

358 426 430 459 fieri
454 427 598 471 nequita
614 428 721 463 caussa
742 428 852 472 aliqua
882 426 1088 468 extrinseca,
1112 427 1242 464 &intra

357 477 414 509 ovi
426 477 599 519 corticem,
610 486 678 513 non
689 489 807 513 conta:
821 477 892 512 Nili
904 477 978 519 quis
990 500 1002 518 ,
1020 477 1133 513 neseio
1144 486 1243 522 quam

357 528 425 560 vim
437 528 657 574 magneticam
669 529 774 573 fingat
785 552 796 569 ,
823 537 892 571 quat
904 526 1018 562 absens
1028 526 1126 563 faciat
1134 528 1243 562 aestua·

355 587 392 610 re
411 587 519 612 totum
533 577 744 614 domicilium
767 577 847 618 ovi,
884 577 934 611 uti
955 587 1091 623 magnes
1111 578 1243 613 aessuare

355 627 436 661 facit
449 639 595 663 ramenta
605 628 675 661 aeris
695 636 751 662 aut
761 627 834 662 ferri
846 651 856 660 .
883 626 1010 672 Ergofi
1023 627 1098 672 quis
1115 627 1243 671 spiritus

353 676 439 712 soret
451 681 505 714 ovi
519 679 746 713 conformator
757 701 770 719 ,
797 676 1032 713 deberetetiam
1043 679 1108 713 else
1117 678 1175 712 ovi
1194 677 1241 714 in·

354 726 542 763 habitator:
572 727 738 773 Alioquin
763 729 856 763 enim
878 729 937 771 qui
958 728 1036 762 esset
1054 738 1165 764 tantus
1185 727 1242 763 ovi

352 776 500 812 turbator
510 789 548 813 ac
570 779 806 814 fermentator?
831 777 927 812 clara
937 783 1029 813 eriam
1038 778 1077 821 est
1086 783 1182 812 minor
1192 789 1242 813 σν-

345 835 485 873 gumenn
503 828 710 871 principalis:
746 828 839 880 Qia
861 828 991 873 spiritus
1011 829 1088 865 sunt
1106 839 1241 873 vapores

350 879 489 922 quidam
502 878 600 912 calidi
615 902 627 919 ,
654 877 833 923 pellucidi,
859 878 970 920 leves,
996 889 1035 914 ac
1057 879 1117 914 rari
1131 903 1144 920 ,
1169 890 1238 915 non

348 928 493 963 multum
510 928 674 963 absimiles
693 928 758 964 aeri
778 929 860 964 bene
881 927 1037 973 deputato
1048 941 1086 965 ac
1107 930 1238 964 detheca-

348 990 410 1012 to:
437 979 542 1024 Atqui
558 979 670 1014 nullus
681 990 736 1015 aer
747 978 830 1015 adeo
841 978 966 1015 subtilis
987 980 1058 1022 est,
1085 982 1120 1016 ut
1143 980 1236 1024 poffit

345 1038 404 1072 per
420 1031 580 1064 corticem
592 1030 651 1065 ovi
671 1030 855 1074 transpirari
867 1044 879 1064 .-
908 1029 1001 1075 Ergo
1023 1041 1130 1075 neque
1150 1030 1236 1065 ullus

345 1078 476 1122 spiritus
486 1080 530 1114 est
543 1105 554 1121 ,
578 1080 638 1123 qui
658 1080 754 1125 poffit
765 1081 924 1116 corticem
937 1080 1034 1117 illum
1055 1081 1256 1133 subintrare¹

343 1138 402 1163 aut
424 1134 611 1174 penetrare:
653 1130 817 1174 Adeoque
839 1130 969 1174 spiritus
986 1130 1119 1176 gallinae
1139 1131 1231 1165 incu-
1247 1140 1255 1150 ·

344 1179 456 1217 bantis
482 1191 690 1226 nequaquam
699 1181 805 1230 potest
817 1181 875 1215 fibi
889 1182 975 1224 spem
987 1182 1028 1215 de
1045 1180 1109 1215 hoc
1120 1181 1233 1215 introi·

344 1238 383 1264 tu
393 1241 560 1276 arrogare.
590 1231 634 1266 Et
647 1231 724 1266 sane
736 1232 757 1266 si
773 1241 834 1267 nos
847 1242 945 1275 quam
965 1230 1134 1269 fortiffime
1157 1231 1234 1265 flan-

343 1281 391 1315 do
416 1293 618 1326 nequeamus
639 1281 794 1317 eductum
818 1292 876 1315 ore
897 1281 1047 1325 spiritum
1067 1281 1236 1318 traducere

343 1341 402 1374 pet
411 1331 531 1367 folium
544 1332 683 1372 chartae,
711 1343 768 1376 per
790 1334 966 1377 expensam
984 1332 1118 1367 veficam
1131 1357 1142 1374 ,
1179 1342 1235 1367 aut

343 1380 444 1417 aliam
467 1383 615 1426 quamvis
639 1382 859 1417 tenuiffimam
877 1381 1127 1424 membranam,
1152 1393 1233 1428 quo-

342 1430 448 1467 mod&
458 1434 580 1476 poterit
591 1431 716 1478 gallina
728 1429 878 1468 modeste
888 1432 1079 1468 incubando
1090 1432 1236 1468 traduce·

344 1494 377 1517 re
389 1490 446 1518 aut
470 1481 618 1520 derivare
637 1484 731 1517 sstum
753 1483 904 1527 spiritum
927 1493 983 1527 per
1005 1483 1234 1518 solidiffimum

343 1534 400 1568 ovi
412 1534 571 1569 corticem
582 1558 595 1575 ‚
622 1544 676 1578 per
686 1533 801 1570 cortici
813 1544 853 1568 an
859 1534 979 1578 nexam
990 1532 1228 1574 membranam,

343 1593 400 1626 per
411 1592 520 1619 totum
528 1583 671 1626 denique
681 1584 738 1617 ovi
750 1582 958 1618 domicilium
971 1584 983 1616 ?
1002 1582 1154 1617 Profectd
1166 1594 1234 1618 non

342 1633 451 1678 potest
464 1633 497 1667 id
511 1633 581 1669 ullo
595 1631 698 1665 modo
708 1655 717 1663 .

401 1693 413 1719 1
427 1693 454 1721 1·
487 1680 531 1717 Et
544 1681 631 1716 certe
642 1682 663 1714 fi
674 1680 886 1726 organizatio
901 1681 957 1715 ovi
977 1682 1063 1719 foret
1073 1691 1156 1725 opus
1177 1680 1237 1724 spi-

343 1730 426 1767 ritus
447 1739 487 1766 ex
510 1731 643 1777 gallinas
672 1731 862 1766 incubantis
880 1742 1020 1775 corpore
1043 1731 1236 1775 transpiran·

343 1783 371 1817 ti
382 1808 392 1825 ‚
420 1782 628 1827 organizatio
641 1780 708 1815 haec
720 1792 789 1816 non
801 1782 887 1816 foret
900 1791 983 1824 opus
1002 1783 1199 1816 continuum
1226 1806 1238 1823 ,
1249 1790 1258 1808 ¹

322 1854 333 1874 ι
345 1843 414 1869 uno
427 1833 529 1869 trastu
541 1857 552 1872 ‚
581 1843 716 1875 unoque
728 1831 893 1868 continuo
905 1831 1106 1875 operationis
1117 1832 1175 1866 filo
1188 1832 1238 1865 in.

345 1882 504 1918 choatum
525 1883 559 1919 δι
581 1882 870 1923 consummatum5
896 1880 950 1914 sed
970 1881 1056 1915 foret
1076 1892 1160 1926 opus
1183 1893 1239 1925 per

346 1933 518 1969 intervalla
529 1934 648 1972 faetus,
677 1930 1162 1976 plurimisqueintermediiotii
1183 1932 1237 1964 in·-

347 1979 810 2029 terpolationibusdiscretum
834 1982 868 2016 ἀ
895 1980 1108 2018 intercisum:
1135 1981 1239 2024 Atqui

349 2035 553 2079 consequens
564 2033 630 2068 hoc
643 2033 902 2068 absurdiffimutn
913 2029 959 2065 est
971 2042 979 2064 :
1009 2030 1100 2066 Nam
1112 2032 1242 2076 organi-

350 2086 440 2121 zatio
452 2096 517 2119 non
532 2080 662 2119 tantum
674 2083 720 2118 est
739 2084 833 2117 faetus
856 2082 1082 2116 conformatio
1097 2082 1134 2115 δε
1157 2083 1239 2126 figu-

351 2136 460 2177 ratio,·
487 2134 541 2170 sed
554 2135 685 2176 insuper
695 2132 741 2167 est
765 2132 834 2173 ejus
853 2130 1082 2173 augmentatio
1095 2151 1106 2168 ,
1128 2131 1238 2162 nutri-

353 2187 423 2226 tio,
448 2195 487 2218 ac
510 2182 691 2227 vegetatio:
731 2181 816 2227 Qae
837 2180 981 2213 actiones
997 2201 1010 2218 ‚
1031 2178 1109 2221 quia
1132 2177 1174 2212 ad
1190 2179 1234 2214 sa-

353 2234 509 2270 cultatem
521 2232 703 2266 naturalem
716 2229 856 2271 spectant
866 2251 878 2268 ‚
903 2236 1073 2270 nunquam
1083 2227 1241 2270 “interpo-

355 2286 484 2323 lantur,
517 2277 894 2323 nequeintcrciduntur.
919 2275 1010 2320 Ergo
1022 2276 1122 2310 etiam
1138 2276 1241 2311 absur-

354 2335 433 2369 dum
445 2331 489 2366 est
503 2330 594 2364 istius
605 2328 735 2363 absurdi
756 2326 988 2371 consequentis
1012 2326 1207 2361 antecedens
1231 2352 1239 2360 .

355 2384 505 2418 Probatur
515 2379 639 2423 sequela
649 2381 774 2416 maioris
790 2390 798 2411 :
824 2376 915 2425 Qia
928 2376 950 2410 fi
966 2376 1022 2410 ovi
1033 2376 1242 2422 organizatio

355 2436 439 2470 foret
449 2443 532 2476 opus
541 2429 667 2473 spiritus
677 2428 697 2462 a
708 2427 833 2473 gallina
845 2426 1023 2461 incubante
1047 2427 1237 2470 provenien-

355 2486 417 2525 tis,
444 2493 512 2517 non
524 2481 628 2524 poffet
640 2478 695 2513 illa
716 2478 785 2512 fieri
799 2478 832 2511 &
845 2476 994 2524 progredi
1009 2477 1067 2511 nisi
1079 2478 1192 2520 spiritu
1204 2477 1240 2511 il·

356 2535 390 2571 10
399 2533 566 2578 praesente:
595 2527 685 2563 Nam
700 2527 791 2563 nulla
803 2528 890 2562 actio
901 2525 1005 2570 potest
1020 2527 1192 2570 procedere
1209 2528 1242 2563 ἀ

357 2582 510 2630 progredi
530 2582 565 2615 in
588 2579 735 2614 absentia
751 2578 798 2612 sui
819 2576 960 2612 effectivi
981 2577 1153 2621 principii;
1190 2577 1244 2612 sed

355 2635 465 2671 statim
479 2642 515 2667 ut
525 2629 720 2674 relinquitur
730 2629 749 2663 ὲ
763 2628 923 2673 principio
935 2627 983 2661 sui
1004 2627 1156 2662 effectivo
1171 2652 1182 2668 ,
1207 2628 1243 2661 li-

356 2685 408 2720 cet
419 2692 486 2717 non
511 2690 618 2726 pereat
640 2689 697 2714 aut
719 2679 913 2718 evanescat,
937 2677 1050 2712 saltem
1071 2677 1134 2712 stat
1155 2677 1245 2713 &ab

356 2734 451 2769 omni
463 2731 626 2777 progressu
637 2730 733 2764 cessat
745 2743 756 2763 .-
783 2729 880 2773 Juxta
891 2727 1064 2772 vulgatum
1087 2727 1243 2772 Phyfico—

358 2795 429 2821 rum,
443 2781 588 2817 Axioma
601 2804 613 2821 ,
639 2781 792 2814 Cessante
804 2778 932 2813 influxu
943 2780 1045 2813 causas
1054 2778 1155 2813 etiam
1176 2780 1238 2812 ces

358 2837 427 2870 sare
438 2832 536 2868 debet
556 2830 641 2866 affin
652 2831 686 2865 &
697 2830 825 2864 effectus
837 2854 845 2862 .
873 2830 980 2873 Atqui
993 2829 1121 2871 spiritus
1144 2829 1243 2873 galli-

359 2882 627 2921 naeincubantis,
663 2892 730 2915 ovo
741 2890 809 2915 non
822 2880 944 2923 semper
966 2878 1077 2918 adest,
1106 2879 1160 2913 sed
1179 2878 1233 2924 gal

359 2935 428 2970 lina
450 2933 591 2968 abeunte
610 2932 644 2966 δε
664 2931 683 2965 ὲ
704 2932 764 2965 suo
787 2929 945 2964 incubatu
975 2927 1126 2974 surgente
1144 2931 1243 2964 etiam

359 2986 428 3020 abit
439 2984 506 3028 ejus
518 2981 667 3028 spiritus:
695 2981 955 3015 circumstantes
964 2979 1055 3014 enim
1076 2980 1243 3014 evanescit

359 3037 396 3071 in
410 3045 517 3071 auras.
546 3031 709 3076 Adeoque
721 3032 800 3067 ficut
822 3030 952 3075 gallinae
973 3028 1148 3064 incubatus
1170 3039 1243 3064 toto

359 3083 621 3131 organizationis
634 3093 782 3125 tempore
795 3086 867 3115 non·
884 3079 931 3114 est
953 3079 1154 3120 continuus,
1189 3080 1242 3115 sed

360 3138 443 3179 {sepe
466 3133 683 3172 intermissus,
709 3132 949 3176 interpolatus,
974 3141 1012 3164 ac
1032 3129 1202 3164 intercisus
1233 3143 1242 3173 ;

362 3187 407 3219 ita
421 3196 551 3230 quoque
561 3184 603 3217 ab
614 3183 682 3226 ejus
693 3192 828 3226 corpore
842 3182 930 3224 supra
953 3191 1054 3215 ovum
1076 3180 1245 3225 transpira-

362 3244 416 3268 tus
427 3236 552 3278 spiritus
565 3259 572 3266 .
603 3232 715 3278 Ergo,
741 3234 763 3267 fi
776 3230 831 3266 hic
852 3231 979 3275 spiritus
1000 3232 1084 3265 foret
1107 3231 1243 3276 organi-

362 3285 503 3319 zationis
522 3284 669 3318 effectiva
681 3284 807 3323 caussa,
832 3282 889 3316 ovi
899 3281 1103 3327 organizatio
1117 3292 1182 3315 non
1196 3283 1245 3316 fo-

363 3335 504 3368 retaffio
525 3335 622 3367 unius
645 3335 784 3372 trastus,
813 3332 847 3366 δε
867 3333 1027 3367 continua
1041 3355 1052 3372 ,
1084 3330 1138 3367 sed
1159 3333 1243 3366 foret

364 3383 451 3418 astio
461 3394 557 3425 quam
571 3382 994 3427 plurimisintercifionibus
1015 3381 1211 3426 interpolata
1232 3397 1259 3433 ,ἰ

366 3432 472 3478 Atqui
483 3441 592 3467 tamen
603 3431 669 3467 hoc
681 3433 798 3470 falsum
820 3432 866 3468 cst
884 3458 892 3466 .
919 3432 1054 3468 Etenim
1079 3433 1244 3477 organiza-

1296 103 1327 136 υ
1395 104 1423 138 τ
1561 91 1725 141 vt11.

1309 173 1359 210 tio
1367 176 1425 211 ovi
1438 186 1507 211 non
1515 176 1613 211 cessat
1624 174 1671 211 ob
1689 173 1815 214 abitum
1824 175 1956 223 galline
1967 201 1980 220 ‚
2004 189 2043 215 ac
2056 179 2187 225 spiritns

1306 225 1374 270 cius
1384 238 1399 270 ‚·
1412 226 1465 262 sed
1477 226 1582 272 pergit
1590 238 1628 262 ac
1639 227 1845 272 progreditur
1854 236 1923 263 tam
1934 228 2018 266 bene
2028 229 2107 266 dum
2117 233 2187 278 gal-

1305 275 1372 311 lina
1384 276 1428 312 ab
1450 277 1609 313 incubatu
1628 287 1722 313 vacat
1733 300 1746 318 ,
1770 287 1870 323 quam
1885 276 2038 315 duuvffli
2053 291 2146 317 vacat
2170 295 2185 318 .-

1307 325 1375 362 Utl
1387 326 1558 362 notumest
1568 338 1610 362 ex
1620 328 1837 372 experientia.
1857 327 1957 374 Ergo
1976 327 2033 364 hic
2043 333 2185 377 ¹spiritus

1304 376 1419 420 nequit
1428 378 1492 411 effe
1500 378 1762 424 organizationis
1771 378 1919 422 effefflva
1928 380 2033 427 caulis
2044 403 2054 415 ·

1358 436 1411 466 12.
1435 426 1571 462 Deinde
1582 451 1595 468 ,
1604 428 1775 475 incubatio
1785 430 1842 464 ovi
1854 429 1934 474 sape
1946 436 2016 464 non
2025 430 2071 466 est
2082 434 2183 472 unius

1303 475 1393 517 avis,
1420 487 1526 520 neque
1535 477 1632 512 unius
1640 478 1733 515 sexus
1748 504 1761 522 ,
1784 490 1894 525 neque
1913 478 2012 515 unius
2032 482 2147 526 speciei
2170 508 2186 527 ,

1304 527 1358 562 sed
1370 527 1479 562 eidem
1489 539 1555 563 ovo
1564 527 1745 572 aliquando
1754 529 1890 566 incubat
1901 529 2025 575 gallina
2045 542 2149 570 mater
2172 557 2186 577 ,

1304 577 1485 623 aliquando
1496 578 1602 624 gallus
1614 588 1705 624 pater
1717 591 1726 614 =
1751 579 1891 629 incubat
1902 580 2080 624 aliquando
2089 583 2188 629 galli·

1304 640 1346 664 na
1358 651 1372 669 ,
1396 627 1575 673 aliquando
1584 639 1684 671 anas,
1707 627 1887 676 aliqnando
1896 633 1989 666 anser
2000 655 2012 673 ,
2036 632 2187 678 aliquan·

1303 679 1349 714 do
1369 689 1496 724 cycnus
1508 703 1519 720 ‚
1544 679 1608 715 dcc.
1633 677 1798 723 Adeoque
1825 681 1917 724 super
1936 681 2024 716 idem
2045 695 2187 722 numero

1302 740 1407 764 ovum
1420 728 1633 764 incubatione
1643 728 1751 764 fotum
1762 730 1796 765 δι
1806 730 1996 767 calefastum
2007 734 2187 778 transpira-

1302 788 1356 815 tur
1377 777 1578 825 quandoque
1599 779 1728 824 spiritus
1747 780 1955 822 famininus,
1983 783 2187 829 quandoque

1303 828 1498 866 masculinus
1510 842 1523 864 .·
1548 829 1747 875 quandoque
1783 830 1982 877 gallinaceus
2000 856 2013 874 ‚
2050 832 2187 878 quando

1301 880 1452 916 anatinus
1473 904 1486 922 ‚
1521 880 1720 926 quandoque
1753 882 1917 925 cycninus
1926 906 1938 923 ,
1973 884 2175 928 quandoque

1301 931 1468 968 anserinus
1480 954 1493 972 ,
1517 929 1715 975 quandoque
1724 932 1825 967 etiam
1838 931 1913 967 alii.
1942 931 2049 975 Atqui
2071 944 2185 970 tamen

1300 994 1341 1018 ex
1353 981 1419 1015 illis
1432 980 1578 1025 pluribus
1588 980 1752 1025 spiritibus
1763 982 1799 1018 δε
1809 982 2020 1017 incubatibus
2031 983 2114 1019 adeo
2124 984 2187 1019 dis·

1301 1031 1460 1067 similibus
1471 1042 1509 1065 ac
1520 1031 1730 1068 dissentaneis
1742 1043 1811 1066 uon
1819 1032 1934 1076 prodit
1954 1033 2062 1077 pullus
2079 1045 2182 1070 mone

1301 1081 1442 1117 struosus
1454 1105 1465 1122 ‚
1487 1082 1521 1116 ἀ
1533 1083 1694 1116 variarum
1705 1083 1882 1126 specierum
1892 1083 2026 1128 organis
2037 1095 2076 1118 ac
2087 1096 2188 1119 mem-

1300 1132 1366 1167 bris
1377 1132 1531 1167 distortus
1541 1144 1551 1175 3
1577 1132 1631 1167 sed
1642 1130 1753 1175 prodit
1763 1131 1854 1173 faetus
1864 1132 2034 1168 ordinatus
2043 1145 2084 1168 ac
2094 1145 2187 1169 com-

1300 1184 1422 1226 positus
1434 1206 1447 1223 ‚
1473 1181 1598 1217 habens
1608 1192 1681 1218 eam
1691 1194 1893 1229 organorum
1901 1195 1940 1219 ac
1950 1184 2177 1220 membrorum

1300 1233 1436 1278 speciem
1447 1256 1459 1274 ,
1484 1233 1615 1280 qualem
1629 1232 1745 1268 habuit
1755 1235 1827 1269 avis
1838 1258 1850 1276 ,
1874 1245 1945 1278 qua:
1953 1246 2054 1270 ovum
2066 1245 2186 1269 conce-

1299 1284 1345 1328 pit
1357 1284 1390 1318 &
1402 1284 1546 1328 peperit.
1579 1283 1671 1331 Ergo
1692 1284 1823 1328 spiritus
1843 1296 1884 1319 ex
1905 1285 1975 1319 avis
1997 1283 2185 1320 incubantis

1297 1344 1433 1378 corpore
1455 1333 1634 1377 exspiratus
1656 1345 1861 1379 nequaquam
1879 1336 1943 1370 effe
1954 1335 2057 1379 potest
2078 1334 2186 1370 caussa.

1298 1395 1399 1419 ovum
1412 1382 1557 1418 effective
1574 1385 1787 1419 conformans
1800 1409 1811 1425 ,
1839 1385 1872 1419 δε
1883 1385 2098 1429 organizans.
2127 1387 2188 1418 1²ae-

1297 1444 1342 1472 τοι
1355 1433 1560 1478 consequentia
1573 1447 1585 1467 .·
1609 1434 1701 1483 Qia
1714 1434 1842 1478 spiritus
1854 1434 1936 1470 adeo
1955 1432 2124 1473 diffimiles
2148 1445 2188 1469 ac

1298 1485 1411 1520 divers:
1430 1508 1441 1525 ,
1467 1482 1672 1518 tamdiversae
1682 1487 1824 1531 originis
1834 1497 1872 1519 ac
1898 1485 2147 1530 temperamenti
2173 1507 2185 1525 ,

1299 1547 1366 1570 non
1379 1534 1506 1577 possent
1525 1534 1728 1569 concordare
1751 1537 1785 1567 in
1808 1536 1984 1569 efficiendo
2004 1533 2124 1569 eodem
2146 1545 2187 1569 ae

1299 1584 1464 1629 pariformi
1473 1582 1615 1624 ejusdem
1628 1584 1901 1618 conformationis
1922 1586 1954 1620 δε
1965 1584 2188 1630 organizatio·

1301 1636 1351 1667 nis
1362 1643 1479 1676 opere:
1508 1631 1596 1665 Nam
1610 1632 1630 1664 fi
1645 1632 1773 1674 spiritus
1784 1635 2086 1670 conformationem
2099 1634 2185 1668 mol·

1300 1683 1351 1716 liri
1363 1682 1478 1726 posset,
1490 1680 1690 1726 gallinaceus
1702 1682 1871 1718 moliretur
1881 1683 2184 1719 conformationem

1300 1732 1519 1778 gallinaceam
1530 1756 1540 1772 ,
1567 1732 1733 1766 anserinus
1773 1735 1955 1770 anserinam
1973 1759 1984 1775 ‚
2019 1735 2187 1776 cycninus

1302 1781 1467 1817 moliretur
1478 1781 1776 1817 conformationem
1785 1783 1960 1830 cycninam
1969 1805 1980 1823 ‚
2001 1784 2064 1819 dte.
2077 1782 2184 1828 Atqui

1302 1842 1411 1867 tamen
1423 1830 1488 1867 hoc
1500 1842 1566 1866 non
1582 1832 1640 1874 fir3
1667 1832 1764 1866 sedin
1781 1834 1945 1874 prasentia
1968 1843 2019 1867 tot
2039 1833 2190 1867 diverso-

1304 1892 1375 1917 rum
1388 1883 1561 1926 spirituum
1585 1882 1622 1916 fit
1645 1892 1750 1916 unum
1770 1883 1804 1916 ἀ
1828 1883 1992 1917 uniforme
2012 1881 2188 1917 uniformis

1301 1931 1578 1967 conformationis
1589 1942 1688 1974 opus.
1718 1932 1809 1976 Ergo
1826 1933 1956 1976 lignum
1976 1930 2187 1970 manifestum

1302 1982 1347 2017 est
1358 2006 1368 2023 ,
1395 1980 1485 2026 quod
1500 1981 1628 2026 spiritus
1639 1982 1942 2016 conformationem
1955 1981 2045 2016 illam
2059 1992 2127 2016 non
2139 1982 2188 2016 ef-

1304 2034 1417 2067 ficiant
1431 2056 1443 2073 ,
1469 2032 1521 2070 scd
1533 2031 1623 2076 quod
1635 2031 1848 2066 solummodo
1869 2033 2042 2067 conferant
2053 2041 2119 2066 ovo
2132 2043 2187 2066 ca-

1305 2083 1512 2117 lefastionem
1526 2082 1559 2116 δι
1570 2082 1789 2116 actuationem
1799 2107 1811 2123 ,
1837 2092 1900 2124 qua
1912 2084 2019 2117 cauffa
2031 2092 2099 2116 ovo
2112 2081 2187 2116 infi-

1303 2132 1384 2165 dens
1395 2133 1539 2164 assuatur
1552 2154 1563 2169 ‚
1573 2132 1609 2164 ἀ
1619 2131 1661 2164 ad
1672 2129 1898 2165 inchoandum
1909 2134 2189 2166 acconsumman·

1303 2180 1384 2216 dum
1395 2179 1669 2215 conformationis
1680 2179 1742 2212 suaa
1757 2189 1838 2222 opus
1851 2180 2009 2214 invitatur
2019 2182 2052 2216 dt
2064 2180 2187 2216 excita-

1304 2238 1377 2263 tur:
1405 2228 1474 2265 Uti
1487 2228 1557 2261 dixi
1570 2228 1644 2267 satis
1656 2227 1691 2261 in
1705 2228 1890 2273 Apologia.
1919 2229 2009 2267 Nam
2019 2254 2029 2270 ,
2055 2229 2103 2265 uti
2114 2229 2186 2264 dixi

1305 2277 1429 2314 ibidem
1440 2302 1451 2318 ,
1476 2277 1545 2311 avis
1557 2288 1622 2310 ovo
1635 2275 1793 2312 incubans
1805 2302 1816 2319 ,
1841 2288 1899 2313 aut
1907 2278 1974 2312 avis
2000 2277 2186 2314 incubantis

1304 2329 1434 2373 spiritus
1447 2325 1532 2363 nihil
1545 2326 1686 2371 amplius
1697 2327 1824 2362 confert
1836 2339 1903 2363 ovo
1917 2353 1929 2370 ‚
1954 2340 2051 2373 quam
2073 2329 2189 2365 confe-

1304 2389 1353 2413 rat
1366 2378 1415 2412 illi
1427 2378 1575 2412 fimetum
1589 2400 1600 2418 ,
1625 2377 1753 2421 tepidus
1770 2379 1884 2414 furnus
1895 2403 1905 2419 ‚
1933 2378 2042 2422 tepida
2065 2390 2149 2423 aqua
2174 2402 2186 2421 ,

1305 2439 1448 2465 mamma
1459 2427 1625 2464 muliebris
1637 2451 1648 2468 ,
1674 2427 1774 2463 axilla
1785 2426 1949 2470 humana,
1977 2430 2038 2468 &a
2051 2429 2187 2465 Etenim

1305 2490 1428 2514 ovuum
1441 2478 1559 2514 eodem
1572 2476 1668 2522 plane
1678 2478 1780 2513 modo
1791 2480 2017 2516 conformatur
2037 2479 2073 2514 δε
2091 2489 2189 2524 onga-

1306 2529 1478 2565 nizaturin
1490 2529 1624 2567 fimeto,
1649 2527 1816 2567 inferno,
1842 2529 1875 2562 in
1889 2540 1997 2572 aqua,
2024 2530 2058 2562 in
2083 2539 2186 2563 mam-

1307 2588 1359 2614 ma
1372 2603 1383 2620 ‚
1411 2578 1470 2613 sub
1480 2578 1579 2612 axilla
1589 2601 1600 2617 ,
1610 2576 1674 2610 &c.
1686 2588 1754 2621 quo
1763 2578 1991 2613 conformatur
2000 2578 2033 2612 ἃ
2052 2580 2186 2623 organi·

1306 2640 1396 2669 zatur
1416 2628 1475 2664 sub
1497 2627 1566 2662 avis
1577 2626 1733 2662 incubatu
1745 2651 1757 2668 ,
1781 2637 1839 2661 aut
1849 2628 1907 2662 sub
1918 2629 1987 2662 avis
1997 2628 2185 2663 incubantis
2225 2650 2227 2653 -

1307 2680 1419 2724 spiritu
1436 2692 1446 2722 ;
1470 2678 1520 2713 uti
1542 2675 1639 2711 docet
1662 2688 1723 2711 nos
1742 2677 1942 2721 experientia
1954 2702 1962 2709 .
1992 2678 2094 2722 Atqui
2118 2677 2185 2712 haec

1304 2730 1420 2765 omnia
1434 2737 1638 2772 nequaquam
1651 2728 1725 2761 sunt
1738 2751 1749 2767 ,
1773 2738 1830 2762 aut
1837 2728 1900 2762 esse
1911 2729 2043 2771 possunt
2065 2728 2184 2763 effeffl·

1307 2791 1344 2814 va
1355 2777 1630 2814 conformationis
1644 2778 1773 2820 cauffa5
1800 2778 1849 2812 uti
1864 2789 1989 2813 certum
1999 2778 2032 2813 &
2047 2779 2183 2821 planum

1307 2831 1351 2867 est
1361 2854 1369 2863 .
1399 2828 1488 2875 Ergo
1498 2839 1604 2871 neque
1612 2827 1851 2865 avisincubans
1862 2852 1873 2867 ,
1900 2839 2007 2872 neque
2018 2829 2117 2863 etiam
2129 2840 2184 2863 ex-

1307 2881 1443 2924 spiratus
1452 2879 1493 2913 ab
1504 2877 1562 2912 illa'
1572 2878 1701 2921 spiritus
1713 2877 1814 2921 potest
1825 2879 1888 2912 effe
1898 2882 2003 2913 causta
2018 2878 2112 2922 hujus
2123 2890 2184 2914 no-

1307 2929 1450 2966 bilissimi
1461 2941 1500 2963 ac
1510 2927 1753 2963 eminentiffimi
1763 2928 1868 2971 operis
1879 2930 2042 2972 operativa
2052 2953 2060 2961 .

1360 2990 1414 3026 13.
1441 2981 1488 3013 Er
1508 2983 1586 3012 rano
1604 2980 1625 3010 ἃ
1643 2984 1754 3019 priori,
1779 2989 1911 3012 omnem
1933 2979 2074 3015 omnino
2095 2977 2183 3021 spiri-

1308 3040 1396 3070 tum,
1424 3040 1491 3065 tam
1503 3029 1716 3063 intrinsecum
1726 3038 1821 3072 quam
1842 3030 2062 3064 extrinsecum
2075 3051 2086 3068 ‚
2111 3038 2182 3063 tam

1307 3080 1473 3126 proprium
1496 3090 1598 3123 quam
1620 3078 1765 3112 alienum
1785 3101 1796 3118 ,
1830 3079 1871 3112 ab
1893 3077 1957 3112 hoc
1977 3078 2182 3113 nobiliffimo

1303 3129 1581 3165 conformationis
1591 3138 1867 3172 opereremovens
1885 3152 1895 3168 ,
1921 3128 1958 3167 est
1970 3128 2055 3162 haec:
2084 3129 2178 3175 Qia

1305 3182 1326 3215 fi
1337 3182 1469 3225 spiritus
1480 3181 1564 3215 foret
1578 3177 1672 3221 hujus
1683 3178 1789 3222 operis
1801 3177 1965 3212 effectivus
1975 3202 1986 3219 ,
2014 3179 2064 3212 vel
2077 3180 2182 3213 effice-

1305 3241 1354 3267 ret
1376 3230 1460 3266 illud
1479 3241 1534 3274 per
1554 3231 1648 3264 suum
1669 3228 1806 3276 calorem
1818 3252 1829 3268 ‚
1856 3228 1907 3262 vel
1928 3229 2018 3262 suam
2037 3229 2179 3263 formam

1306 3280 1547 3316 substantialem
1556 3279 1602 3314 sui
1617 3280 1651 3313 in
1663 3281 1727 3314 effe
1748 3277 1874 3320 spiritus
1896 3279 2141 3312 constitutivam
2168 3292 2181 3311 .-

1306 3332 1369 3367 Per
1381 3330 1463 3377 quid
1482 3331 1572 3366 enim
1582 3329 1671 3364 aliud
1685 3331 1699 3363 ἓ
1723 3327 1842 3371 Neque
1851 3327 1939 3363 enim
1950 3329 2075 3363 efficere
2086 3327 2180 3371 poffit

1305 3382 1339 3417 id
1351 3382 1458 3427 operis
1469 3392 1526 3426 per
1536 3378 1730 3426 ignavam&
1741 3378 1879 3412 inertem
1901 3379 2067 3413 materiam
2079 3391 2091 3410 .·
2114 3378 2181 3412 effi-

1304 3443 1373 3469 cere
1385 3431 1465 3478 ergo
1478 3431 1610 3468 deberet
1620 3441 1676 3476 per
1686 3427 1828 3474 aliquam
1838 3429 1979 3466 materiae
1989 3430 2051 3513 1¹13ae
2074 3427 2181 3461 inexi-

2022 3486 2131 3512 entem
