2384 3770
367 170 434 216 42
818 151 903 197 DE
937 153 1214 199 ORIGINE

1249 151 1667 218 EnrmrARunM

328 236 504 283 prohibitis
527 243 582 277 per
597 229 799 277 Apostolum
824 233 1033 268 novitatibus
1052 234 1218 270 malevole
1279 247 1315 269 te
1342 235 1594 270 monasterium.
1623 219 1767 270 Planum
1792 233 1903 282 itaque
1927 237 1974 273 est
1993 235 2152 285 Augusti·

332 298 432 332 atque
456 281 609 327 imperite
634 281 863 327 Augustinum
893 284 1120 319 infamabant.
1150 286 1217 319 Ne-

329 349 393 382 que
416 336 483 379 ipse
508 334 717 368 contrarium
744 331 843 368 habet
870 333 906 368 in
933 334 1027 369 libris
1053 335 1215 369 Retrasta·

198 391 307 431 Liba„
329 389 462 421 tionum
483 409 492 419 .
521 382 634 419 Habet
659 384 751 418 enim
780 384 842 425 fic,
870 389 951 418 Cum
977 387 1064 426 apud
1086 385 1216 420 Cartba-

149 454 281 490 capu,
322 435 426 482 ginern
462 434 642 476 monasteria
677 435 728 478 esse
764 435 913 477 caepiffi’nt
943 462 951 468 .
993 435 1127 479 Utique
1163 447 1217 479 per

326 488 435 532 ipsum
472 486 509 520 in
537 485 687 519 Africam
724 484 911 519 introducta
940 510 951 526 ,
990 498 1045 529 per
1072 487 1217 520 faustum

325 545 439 574 autem
465 535 641 572 Aurelium
669 534 715 569 ibi
743 536 894 579 plantata
921 547 1023 579 atque
1050 537 1218 577 fundata,

327 597 365 623 ut
390 586 467 621 satis
495 596 603 631 patere
630 596 712 630 puto
737 597 778 619 ex
806 584 872 620 huc
900 588 1002 629 usque
1029 586 1147 621 dietis.

376 638 468 674 Dico
491 635 591 671 tertio
609 660 620 676 ,
647 638 792 670 sanstum
805 636 1033 681 Augustinum
1048 634 1219 678 hujusmo-

325 687 363 725 di
388 686 595 723 monachum
607 687 709 721 etiam
725 686 818 720 fuisse
828 696 929 730 atque
946 687 1063 720 vixiffe
1078 711 1089 726 ,
1116 686 1218 731 idque

326 740 430 784 usque
454 736 496 772 ad
521 735 676 781 adeptum
702 737 938 781 Episcopatum
968 761 976 768 .
1005 737 1101 770 Licet
1128 749 1218 772 nam-

326 801 393 834 que
417 798 460 824 eo
485 797 633 831 tempore
657 786 814 822 monachi
842 798 910 822 non
927 798 983 830 per
1011 788 1115 821 solum
1129 789 1214 832 Epis

326 838 451 884 copalis
478 838 617 882 Apicis,
643 837 697 872 sed
725 849 781 881 per
805 837 965 881 cujusque
977 837 1134 871 clericalis
1149 850 1219 883 gra-

326 889 388 927 dus
401 889 588 925 adscensum
601 912 612 928 ,
638 889 671 922 δε
687 886 837 923 habitum
852 888 886 922 δε
898 888 1016 921 statum
1028 898 1194 923 mutarent
1206 913 1217 929 ,

328 938 553 984 monachique
574 939 637 973 else
663 939 843 973 desinerent
855 949 870 979 ,⁰
899 937 932 971 id
954 947 1063 971 tamen
1078 938 1119 972 ad
1131 939 1217 973 Pres-

329 991 515 1034 byteratum
542 990 723 1032 assumptus
764 986 973 1031 Augustinus
995 988 1105 1022 noluit
1125 1012 1137 1028 ,
1163 989 1214 1024 sed

329 1042 430 1075 etiam
456 1038 650 1080 Presbyter,
677 1038 906 1073 consentiente
928 1039 1038 1072 santio
1051 1039 1214 1083 Episcopo

151 1099 311 1144 serm49,
330 1091 390 1124 suo
403 1090 540 1125 Valerio
559 1112 569 1128 ‚
599 1087 784 1122 monachus
799 1088 969 1131 permansit
982 1113 989 1120 .
1018 1088 1111 1122 Hinc
1124 1101 1214 1124 nam—

150 1149 192 1184 δε
227 1146 274 1182 di.
329 1151 394 1184 que
410 1140 492 1175 dicit
506 1140 542 1174 in
556 1140 706 1173 sermone
718 1137 867 1182 populari
878 1164 886 1172 .
920 1141 965 1170 Et
978 1145 1048 1181 quia
1060 1138 1108 1172 bic
1120 1137 1214 1182 dispo-

151 1199 229 1234 νας,
248 1209 311 1235 c-2·
331 1190 437 1224 nebam
458 1189 510 1233 esse
531 1194 564 1222 in
576 1188 749 1229 monasterio
759 1188 985 1230 cumfratribus
998 1213 1008 1229 ,
1035 1194 1150 1232 cognito
1168 1196 1215 1222 in·

323 1240 429 1282 stituto
454 1242 488 1275 (9·
510 1241 667 1290 voluntate
693 1250 759 1273 mea
781 1263 792 1279 ,
830 1238 926 1272 beatae
952 1245 1098 1272 memoriae
1119 1241 1214 1273 senex

329 1294 469 1325 Valerius
495 1291 579 1323 dedit
601 1289 678 1326 mibi
701 1289 837 1328 hortum,
862 1295 895 1322 in
920 1301 975 1332 quo
984 1290 1104 1329 nuncest
1118 1301 1214 1323 mona-

325 1341 446 1382 sterium
458 1366 465 1373 .
494 1340 551 1374 Ad
571 1351 643 1383 quae
657 1340 750 1374 verba
765 1339 902 1374 ridicule
917 1350 1059 1384 nugatur
1072 1339 1215 1375 Pennot-

152 1400 228 1439 ιι,
248 1411 312 1449 ς,9,
331 1402 385 1426 tus
401 1417 408 1424 .
437 1396 511 1426 Haec
523 1390 620 1425 verba
631 1391 767 1423 indicant
780 1392 912 1423 Beatum
924 1392 1095 1431 Valerium,
1122 1402 1215 1433 quan-

150 1461 276 1491 „umsp
330 1443 370 1475 do
394 1443 526 1476 Beatum
554 1440 742 1484 Augustinum
769 1440 975 1479 Prestherum
1013 1442 1171 1474 ordinavit
1198 1465 1209 1481 ,

330 1493 449 1534 aliquid
473 1499 568 1533 nuper
595 1491 753 1534 cognovisse
767 1515 778 1531 ,
805 1493 886 1533 quod
892 1499 984 1524 antea
995 1502 1052 1523 non
1063 1500 1189 1525 noverat
1202 1515 1212 1531 ,

325 1541 439 1589 scilicet
465 1542 650 1576 voluntatem
689 1542 723 1577 (9
746 1539 924 1583 propositum
954 1539 1102 1584 Augustini
1127 1540 1214 1584 fuiffe

332 1597 437 1628 vivere
461 1603 528 1625 cum
545 1590 704 1633 fratribus
731 1595 763 1624 in
789 1590 978 1630 monasterio.
1008 1596 1086 1626 Hinc
1099 1593 1212 1624 deduci-

331 1651 383 1676 tur
409 1642 528 1675 beatum
556 1641 746 1685 Augustinum
783 1650 855 1674 ante
878 1640 1117 1680 Presbyteratum
1143 1653 1212 1674 non-

330 1694 402 1728 dum
423 1704 488 1726 cum
508 1691 663 1732 fratribus
689 1696 722 1724 in
747 1691 917 1731 monasterio
943 1691 1050 1733 vixiffe
1074 1715 1085 1731 ,
1120 1702 1213 1733 neque

327 1753 395 1778 cum
418 1744 526 1775 cucullo
552 1745 604 1776 vel
630 1741 735 1774 babitu
757 1741 909 1779 monastico
923 1743 966 1774 ad
974 1746 1131 1775 civitatem
1142 1745 1212 1783 Hip-

327 1790 487 1835 ponensem
513 1790 661 1833 accefflffe,
689 1802 780 1834 neque
799 1803 864 1825 cum
887 1793 945 1824 tali
958 1791 1211 1834 babitucipopulo

327 1838 567 1883 apprehensum,
593 1842 627 1874 6*
648 1841 731 1874 beato
743 1844 861 1876 Valerio
873 1842 1004 1874 oblatum
1017 1866 1024 1874 .
1051 1841 1172 1883 Namfi
1179 1843 1216 1875 id

331 1901 425 1925 antea
451 1889 569 1932 egisset,
600 1891 652 1922 vel
675 1901 739 1921 cum
761 1890 866 1923 babitu
887 1891 1040 1930 monastico
1052 1893 1096 1923 ad
1104 1898 1212 1924 civita·

330 1951 391 1976 tem
415 1940 555 1981 accefflffet
570 1962 579 1978 ,
605 1939 640 1971 ἐν
665 1940 762 1970 Beato
775 1941 891 1971 Valerio
899 1939 1014 1971 oblatus
1020 1940 1139 1982 fuiffet,
1161 1939 1212 1981 sa-

330 1997 373 2026 tis
401 2001 438 2024 ex
466 1991 514 2022 illo
538 1987 710 2032 cognovisset
738 1988 877 2019 Valerius
904 1988 987 2019 illius
1002 1986 1214 2026 institutum&

330 2042 518 2077 voluntatem
522 2037 611 2080 fuisse
621 2043 726 2071 vivere
737 2042 769 2069 in
781 2036 954 2076 monasterio
966 2035 1207 2077 cumfratribus,

333 2090 390 2131 nisi
410 2101 502 2124 caecus
530 2090 594 2130 effet
607 2111 618 2127 ,
643 2088 696 2120 vel
716 2088 799 2119 illum
819 2085 988 2127 apostatam
998 2085 1140 2127 futurum
1149 2097 1212 2119 cre.

330 2141 448 2183 didaffet
460 2165 469 2173 .
498 2139 617 2173 Fateor
630 2160 640 2176 ,
663 2135 829 2170 Pennotte
842 2160 852 2175 ,
879 2136 983 2169 fateor
996 2137 1013 2169 ὲ
1027 2137 1135 2170 sancto
1148 2135 1212 2169 Va·

331 2191 418 2226 letio
442 2188 524 2233 quid
544 2188 622 2222 novi
645 2185 686 2220 de
702 2185 892 2231 Augustino
907 2187 1000 2220 fuisse
1012 2186 1185 2231 cognitum
1200 2199 1211 2218 .-

333 2240 417 2275 Non
434 2249 544 2273 tamen
557 2235 647 2279 quod
660 2237 849 2279 simpliciter
857 2235 1042 2270 monachus
1053 2236 1128 2270 effer
1138 2261 1150 2278 ,
1177 2236 1210 2269 id

333 2300 478 2333 namque
504 2299 572 2323 tam
596 2298 638 2320 ex
665 2286 777 2320 habitu
806 2286 897 2329 ejus,
925 2297 1022 2328 quam
1049 2298 1090 2320 ex
1102 2287 1212 2321 omnis

332 2341 383 2377 sui
411 2339 525 2384 populi
551 2338 585 2372 ὃς
612 2337 688 2371 cleri
716 2336 750 2370 id
765 2336 864 2380 probe
877 2336 1010 2371 scientis
1020 2347 1076 2370 ore
1090 2347 1183 2370 norat
1201 2348 1210 2378 3

333 2389 390 2425 sed
415 2389 505 2434 quod
516 2390 616 2423 etiam
630 2387 801 2422 ordinatus
817 2385 989 2429 Presbyter
1002 2387 1106 2420 nollet
1117 2410 1128 2426 ‚
1145 2396 1209 2418 mo·

332 2452 367 2476 re
393 2439 515 2484 ubique
542 2447 696 2481 recepto,
721 2436 924 2471 monachum
946 2448 1086 2476 exuere,
1113 2436 1209 2470 vellet

333 2491 412 2525 vero
437 2490 537 2522 etiam
563 2487 617 2521 hic
642 2487 822 2530 Hippone,
848 2485 866 2520 ὲ
893 2498 956 2529 qua
982 2487 1044 2528 jam
1072 2485 1211 2529 migrare

331 2539 511 2582 adscriptio
538 2538 573 2571 in
598 2537 722 2571 clerum
751 2546 820 2569 non
846 2535 965 2569 fluebat
992 2560 1003 2575 ‚
1031 2535 1211 2568 monachos

332 2588 507 2631 Presbyter
527 2586 695 2621 instituere
710 2610 721 2626 ,
748 2586 920 2630 vivereque
942 2584 1096 2619 cumillis
1110 2585 1209 2618 vitam

333 2639 400 2686 jam
422 2639 499 2672 inde
520 2637 538 2671 ὲ
563 2636 711 2671 laudibus
731 2635 891 2670 Pontiani
916 2636 1039 2679 semper
1062 2634 1211 2669 ardentis-

334 2688 412 2726 sime
431 2688 584 2723 diieeam
598 2712 605 2720 .
634 2687 767 2720 Etenim
781 2710 790 2725 ‚
820 2686 1009 2725 Pennotte‚
1036 2685 1210 2730 legendum

335 2750 407 2774 non
430 2738 496 2778 est,
527 2741 573 2771 Et
594 2743 667 2779 quia
686 2734 956 2778 hoedisponebam,
984 2735 1036 2769 sed
1048 2758 1059 2774 ,
1085 2738 1130 2767 Et
1142 2741 1212 2777 quia

336 2789 384 2824 bic
409 2787 600 2833 disponebam
619 2788 669 2831 effe
688 2793 720 2819 in
732 2785 902 2825 monasterio
914 2810 921 2817 .
952 2786 1004 2820 Sic
1018 2796 1156 2829 namque
1171 2786 1211 2818 le-

335 2850 422 2885 gunt
432 2839 546 2873 omnia
556 2837 805 2881 Antuerpienfis
817 2847 854 2870 ac
866 2835 1045 2869 parisiensis
1055 2835 1213 2869 editionis

336 2889 547 2934 Exemplaria
564 2889 707 2922 cot-resta
730 2898 785 2930 per
798 2885 998 2929 Theologos
1011 2886 1137 2919 nostros
1151 2885 1211 2920 Lo·

337 2940 524 2973 vanienses.
553 2940 652 2972 Hane
675 2935 857 2981 Augustini
873 2937 1106 2976 voluntatem,
1131 2947 1211 2977 quo-

336 2990 428 3023 niam
452 2999 566 3022 contra
591 2988 681 3022 istius
693 2987 848 3030 temporis
864 2997 988 3020 morem
1001 2997 1067 3019 erat
1082 3009 1092 3025 ,
1121 2986 1214 3030 igno·

337 3039 429 3074 rabat
453 3038 627 3079 Valerius,
653 3049 756 3081 eaque
776 3037 910 3081 cognita
921 3037 1015 3080 caepit
1037 3036 1135 3070 etiam
1147 3034 1214 3077 ejus

337 3089 550 3127 institutum,
575 3088 802 3132 investumque
827 3085 868 3120 ab
897 3087 965 3128 ipso
992 3084 1123 3120 vivendi
1146 3097 1215 3119 mo·

337 3138 417 3174 dum
439 3139 615 3179 discutere,
645 3148 743 3180 atque
766 3148 807 3172 eo
829 3137 969 3171 discusso
985 3159 994 3175 ,
1020 3137 1053 3170 ἀ
1075 3136 1214 3179 probato

339 3188 488 3231 probavit
498 3189 597 3223 etiam
611 3189 704 3222 istam
720 3188 806 3222 illius
818 3188 1024 3220 voluntatem
1038 3211 1048 3226 ,
1075 3187 1214 3228 deditque

340 3237 456 3272 bortum
469 3240 552 3275 illum
564 3263 574 3279 ,
596 3245 628 3271 in
639 3250 696 3281 quo
706 3249 782 3270 nunc
794 3238 831 3277 est
840 3237 1041 3277 monasterium
1055 3261 1062 3268 .
1088 3236 1215 3270 Notan-

340 3287 382 3321 da
396 3289 469 3322 sunt
481 3299 622 3333 namque
635 3287 729 3321 verba
739 3289 797 3320 ista
810 3301 821 3320 .·
849 3292 975 3331 Cognito
984 3287 1113 3327 instituto
1123 3289 1156 3320 (7
1167 3298 1216 3319 vo-

339 3338 459 3373 luntate
478 3350 561 3371 mea.
588 3338 744 3374 Instituto
757 3362 767 3377 ,
795 3337 827 3371 id
853 3338 898 3370 est
914 3362 924 3376 ,
951 3338 1086 3371 indubio
1100 3347 1153 3380 per
1165 3348 1216 3370 me

341 3387 378 3421 in
391 3386 539 3421 Africam
551 3389 735 3423 monastico
756 3386 889 3421 vivendi
904 3388 1005 3420 modo
1018 3401 1027 3430 ;
1055 3387 1088 3421 &
1102 3386 1218 3420 volun-

341 3447 411 3472 tate
437 3449 509 3471 mea
521 3461 531 3477 ,
558 3449 595 3471 ea
620 3450 737 3481 nempe
749 3463 759 3478 ,
785 3450 849 3482 qua
862 3437 963 3471 etiam
977 3437 1150 3480 Presbyter
1163 3448 1215 3470 vo·

340 3487 452 3526 lehun
469 3486 655 3529 monachus
675 3488 855 3533 persistere,
884 3487 1108 3532 Hipponeque
1119 3488 1220 3533 erige·

1283 297 1361 319 num
1383 287 1475 320 fuisse
1495 284 1697 320 monachum
1720 308 1732 326 ,
1758 288 2028 334 permanfisseque
2050 291 2153 335 usque

1280 337 1320 370 ad
1337 337 1570 380 Episcopatum
1585 348 1593 368 τ
1618 337 1715 370 fuisse
1726 360 1737 376 ,
1763 337 1900 381 inquam
1910 361 1922 379 ,
1946 351 1984 374 ac
2006 351 2155 384 perman·

1280 386 1348 420 fisse
1359 385 1560 421 monachum
1573 386 1772 422 cucullatum
1786 412 1793 419 .
1822 388 1901 422 Hoc
1909 387 2002 431 plane
2013 393 2154 426 convin-

1280 447 1360 470 cunt
1371 437 1439 470 haec
1450 436 1519 480 ejus
1530 435 1622 471 verba
1636 437 1669 470 in
1682 437 1800 472 eodem
1813 437 1875 472 isto
1884 439 2030 475 sermone
2042 465 2050 473 .
2078 446 2155 476 Non

1281 487 1372 519 attuli
1384 489 1503 529 aliquid
1512 511 1523 528 ,
1545 499 1602 521 non
1613 493 1684 521 veni
1693 489 1739 521 ad
1745 487 1822 522 banc
1833 488 1992 531 Ecclefiam
2000 514 2011 530 ,
2025 490 2082 533 nisi
2088 503 2155 526 cum

1280 541 1316 568 iis
1341 539 1529 571 indumentis
1541 562 1552 579 ,
1578 538 1685 580 quibus
1700 538 1749 571 illo
1758 546 1885 581 tempore
1897 538 2042 580 vestiebar
2053 565 2060 572 .
2082 542 2155 577 Ali-

1281 597 1328 619 ter
1347 587 1458 630 itaque
1483 587 1545 622 isto
1560 612 1572 630 ‚
1598 588 1690 622 aliter
1701 587 1766 622 hoc
1777 599 1924 633 tempore
1936 589 2132 626 vestiebatur
2143 614 2154 626 .

1280 638 1360 671 Hoc
1378 647 1520 681 namque
1542 648 1690 681 tempore
1713 639 1911 683 Episcopum
1924 664 1935 681 ,
1962 641 2026 675 isto
2044 650 2157 677 autem

1281 687 1400 720 laicum
1412 687 1611 737 monachum
1625 688 1820 724 vestiebatur
1829 713 1841 730 ,
1866 689 1907 727 de
1919 702 1983 736 qua
1994 691 2153 727 mutatio-

1281 749 1321 772 ne
1332 738 1447 771 dissuri
1460 739 1571 772 sumus
1584 738 1669 772 infra
1683 739 1742 773 suo
1753 738 1831 774 loco
1844 762 1854 772 .

1479 837 1758 874 CAPUT
1807 837 1952 874 xV11.

1376 941 1424 972 De
1448 937 1556 972 babitu
1588 937 1689 982 sancii
1715 939 1863 984 Augustini
1886 952 1924 976 ac
1948 945 2054 978 Mona-

1600 989 1717 1023 chorum
1741 993 1827 1031 ejus.

1381 1087 1573 1133 Ugustinus
1592 1098 1668 1124 ante
1694 1090 1949 1135 presbyteratum
1965 1091 2075 1129 adhuc
2085 1104 2158 1130 mo·

1395 1137 1521 1173 nachus
1548 1150 1586 1174 ac
1600 1140 1744 1174 Eremita
1755 1163 1765 1179 ,
1791 1152 1853 1174 nec
1865 1152 1934 1184 non
1947 1154 2063 1178 omnes
2076 1144 2160 1180 sem·

1277 1199 1331 1231 per
1343 1189 1422 1221 socii
1435 1188 1504 1230 ejus
1527 1188 1692 1232 gestarunt
1708 1188 1859 1223 habitum
1876 1189 2050 1226 honestum
2062 1216 2074 1234 ,
2101 1203 2158 1227 ne·

1277 1249 1341 1280 que
1367 1237 1475 1271 nitore
1493 1248 1598 1281 neque
1611 1238 1772 1283 squallore
1784 1239 1965 1275 notabilem
1979 1267 1987 1274 .
2015 1241 2158 1279 Testem

1276 1287 1406 1321 adduco
1433 1286 1614 1322 Pollidium
1643 1288 1732 1323 hisce
1743 1289 1849 1323 verbis
1863 1314 1872 1322 .
1898 1290 1990 1330 Vestis
2001 1293 2156 1328 &calcea-

1259 1357 1261 1365 ·
1276 1346 1379 1371 menta
1405 1338 1440 1370 ό·
1462 1337 1600 1371 ΙεέίιωΙὶσ
1613 1350 1650 1371 ex
1662 1341 1811 1373 moderato
1820 1340 2034 1382 &competenti
2045 1341 2154 1378 habim

1275 1395 1360 1421 erant
1375 1411 1385 1427 ,
1411 1396 1462 1419 nec
1487 1389 1589 1422 nitida
1602 1394 1750 1429 nimium,
1775 1400 1826 1423 nec
1837 1390 1956 1430 abjeAEae
1961 1391 2128 1434 plurimum
2141 1405 2152 1427 ε

1276 1440 1361 1481 ,Quia
1373 1437 1421 1470 bis
1431 1438 1607 1480 plerumque
1620 1439 1673 1472 vel
1675 1439 1795 1480 jactare
1803 1438 1835 1482 se
1846 1438 2004 1483 insolenter
2021 1441 2156 1477 homines

1271 1487 1368 1531 solent
1379 1513 1390 1528 ‚
1417 1488 1469 1520 vel
1484 1488 1610 1528 abiicere
1619 1513 1629 1530 ,
1641 1501 1680 1522 ex
1690 1497 1812 1532 utroque
1825 1501 1882 1523 non
1891 1501 1959 1532 quae
1969 1492 1999 1534 J
2002 1491 2052 1533 esu
2064 1491 2158 1526 cbri-

1258 1524 1261 1570 l
1270 1538 1310 1578 sti
1322 1561 1332 1577 ,
1352 1536 1410 1581 sed
1419 1535 1547 1581 quaesua
1555 1537 1627 1581 sunt
1639 1564 1650 1580 ‚
1678 1540 1769 1573 iidem
1781 1550 1952 1584 quaerentes
1964 1565 1972 1573 .
1998 1546 2039 1575 At
2050 1542 2157 1578 beatur

1276 1588 1326 1631 ifle
1351 1590 1484 1621 medium
1494 1589 1616 1622 tenebat
1626 1613 1637 1629 ,
1667 1601 1759 1631 neque
1768 1595 1801 1623 in
1808 1591 1967 1625 dexteram
1980 1615 1991 1631 ‚
2016 1603 2112 1635 neque
2121 1597 2157 1626 iu

2174 1308 2257 1357 Cep.
2269 1319 2326 1349 22ae

1268 1637 1418 1680 finistram
1443 1638 1601 1672 declinans
1633 1664 1641 1671 .
1674 1641 1788 1684 anue
1815 1642 1878 1675 fuit
1905 1640 2027 1676 affidua
2053 1642 2157 1678 saneti

1277 1688 1456 1732 Augustini
1469 1688 1629 1723 Doctrina
1643 1713 1655 1730 ,
1666 1690 1882 1733 patentiffime
1893 1702 2003 1725 autem
2016 1692 2048 1725 in
2065 1692 2158 1727 libris
2262 1728 2263 1734 ,

1275 1739 1315 1771 de
1329 1740 1474 1772 sermone
1489 1739 1629 1773 Domini
1642 1741 1676 1774 in
1691 1750 1824 1781 monte,
1855 1741 1910 1775 ubi
1926 1742 1967 1776 fic
1979 1741 2077 1777 habet
2088 1765 2096 1774 .
2119 1745 2157 1776 In
2171 1736 2330 1776 Libia-e·

1275 1788 1325 1821 boc
1345 1789 1477 1829 capitulo
1499 1791 1630 1823 maxime
1650 1791 1873 1824 advertendum
1897 1791 1935 1831 est
1948 1815 1959 1832 ,
1988 1804 2045 1825 non
2056 1797 2088 1825 in
2097 1790 2159 1834 solo
2177 1800 2229 1827 12-

1274 1849 1373 1871 rerum
1385 1846 1584 1879 corporearum
1595 1846 1690 1872 nitore
1699 1850 1791 1882 atque
1798 1848 1909 1882 pompa
1922 1866 1932 1880 ‚
1953 1839 2014 1883 sed
2022 1848 2116 1875 etiam
2123 1848 2159 1877 in

1274 1887 1342 1929 ipsis
1359 1887 1498 1930 sordibus
1509 1888 1637 1929 lulluosis
1649 1890 1700 1933 effe
1708 1890 1974 1934 pofflejadlantiam
1987 1916 1997 1931 ,
2024 1895 2058 1926 θ
2067 1902 2098 1924 eo
2105 1899 2164 1934 pe-

1273 1938 1459 1978 riculofiorem
1472 1960 1483 1976 ,
1509 1949 1563 1979 quo
1574 1937 1633 1981 sub
1658 1946 1774 1973 nomine
1781 1940 1945 1983 servitutis
1958 1944 2015 1974 Dei
2025 1943 2139 1984 decipit
2149 1966 2160 1976 .

1275 1986 1339 2027 ,Qui
1349 1996 1415 2027 ergo
1426 1988 1617 2018 immoderato
1627 1992 1707 2020 cultu
1715 1996 1843 2029 corporis
1856 2000 1946 2030 atque
1958 1990 2063 2026 vestitu
2075 2014 2087 2030 ,
2110 1992 2164 2025 vel

1274 2041 1447 2067 caeterarum
1467 2045 1567 2067 rerum
1592 2041 1685 2069 nitore
1703 2037 1867 2081 praeficlget
1879 2062 1889 2078 ,
1908 2038 2004 2079 facile
2014 2045 2165 2074 convinci·

1274 2093 1323 2116 tur
1344 2083 1431 2115 rebus
1452 2081 1520 2123 ipsis
1535 2092 1716 2125 pomparum
1732 2086 1836 2127 saecult'
1861 2088 1913 2128 esse
1931 2086 2059 2129 sedator
2072 2112 2083 2127 ,
2109 2101 2164 2126 nee

1273 2141 1455 2174 quamquam
1471 2130 1558 2170 fallit
1569 2132 1667 2175 dolosa
1679 2140 1807 2176 imagine
1814 2133 1988 2177 funditoris
2003 2150 2013 2179 ;
2044 2144 2097 2180 qui
2108 2150 2166 2173 au-

1274 2192 1334 2215 tem
1355 2186 1388 2214 in
1395 2179 1561 2223 profefflone
1574 2182 1813 2223 Christianitatis
1825 2183 1960 2226 inusitato
1969 2185 2120 2229 squallore
2128 2200 2163 2221 ae

1269 2231 1406 2275 sordibus
1425 2236 1557 2265 intentos
1579 2238 1611 2265 in
1618 2233 1653 2275 se
1664 2235 1754 2267 oculos
1767 2235 1915 2268 bominum
1923 2235 2008 2279 facit
2018 2262 2030 2278 ‚
2054 2248 2118 2271 cum
2128 2239 2166 2272 td

1273 2283 1427 2315 voluntate
1439 2280 1564 2322 faciat,
1591 2295 1648 2316 non
1673 2285 1978 2326 neceffitatepatiatur
1992 2310 2002 2326 ,
2028 2299 2066 2321 ex
2078 2297 2166 2322 cete·

1274 2339 1317 2366 ris
1330 2335 1396 2372 ejus
1409 2331 1544 2372 operibus
1551 2334 1643 2373 potest
1659 2337 1763 2374 conijci
1774 2357 1785 2373 ,
1820 2343 1920 2368 utrum
1933 2334 1984 2368 hoc
1993 2345 2164 2379 contemptu

1268 2381 1410 2424 superflui
1433 2382 1550 2422 cultus,
1576 2395 1618 2415 an
1641 2385 1800 2417 ambitione
1818 2384 1919 2426 aliqua
1938 2385 2061 2428 faciat,
2090 2392 2165 2430 quia

1274 2436 1308 2466 (5
1324 2431 1380 2475 sub
1399 2437 1492 2463 ovina
1511 2433 1589 2473 pelle
1607 2435 1759 2466 cavendos
1782 2436 1867 2476 lupos
1894 2439 2040 2469 Dominus
2046 2445 2163 2478 pretet·

1271 2488 1319 2523 pit
1343 2506 1349 2513 .
1391 2479 1517 2514 Docuit
1541 2480 1607 2515 haec
1630 2483 1837 2527 Augustinus
1859 2483 1967 2519 adhuc
1989 2481 2165 2532 Presbjrter

1275 2543 1350 2566 cum
1378 2529 1529 2566 fratribus
1556 2532 1590 2564 in
1619 2529 1718 2566 horto
1748 2533 1883 2574 vivens,
1912 2546 2018 2577 neque
2030 2536 2165 2571 creden·

1274 2581 1333 2616 dus
1354 2581 1401 2614 est
1413 2581 1506 2615 fuisse
1519 2592 1560 2614 ex
1573 2580 1637 2615 illis
1649 2583 1758 2626 impiis
1771 2608 1782 2623 ,
1808 2585 1865 2625 qui
1877 2583 1992 2620 dicunt
2002 2611 2014 2628 ,
2041 2588 2075 2621 ὅ(
2090 2597 2162 2624 non

1276 2633 1402 2666 faciunt
1414 2656 1422 2663 .

1324 2681 1484 2715 Attamen
1509 2681 1709 2716 monasticus
1720 2683 1898 2727 Augustini
1914 2684 2048 2721 habitus
2059 2698 2128 2722 erat
2142 2686 2162 2722 ὲ

1279 2731 1406 2775 vulgari
1427 2742 1492 2764 tam
1511 2731 1587 2765 cleri
1601 2743 1696 2773 quarn
1709 2735 1823 2777 populi
1839 2733 1954 2770 habitu
1967 2735 2138 2772 distinctus
2153 2760 2162 2771 .
2226 2746 2336 2792 Epist.

1277 2783 1369 2815 Hinc
1388 2781 1477 2814 enim
1498 2781 1580 2815 dicit
1601 2783 1641 2815 ad
1672 2782 1842 2818 Ecdiciam
1855 2809 1862 2817 .
1890 2785 2162 2827 Etsiteindumen·
2181 2805 2255 2843 ¹99·
2321 2774 2331 2784 ⁶

1276 2843 1339 2864 tum
1359 2832 1512 2874 monacha·
1536 2832 1724 2873 deleamur,
1751 2840 1842 2867 etiam
1868 2834 1919 2869 boc
1937 2839 2164 2882 gratiuspoffet

1276 2888 1384 2915 marito
1394 2891 1514 2914 exorato
1524 2905 1534 2920 ‚
1563 2881 1772 2926 observataque
1778 2882 1858 2928 sirmi
1872 2910 1883 2926 ,
1904 2898 1995 2929 quam
2007 2888 2058 2921 illo
2066 2893 2165 2923 incau-

1270 2931 1348 2976 sulto
1370 2941 1588 2973 contemptoque
1607 2932 1757 2976 praesuma'
1778 2958 1785 2966 .
1815 2935 1858 2968 Et
1884 2937 2037 2972 adversus
2060 2938 2164 2981 Julia—
2178 2931 2253 2979 [κς-
2273 2930 2335 2967 05·

1277 2994 1355 3016 num
1366 3007 1373 3014 .
1402 2987 1536 3026 Virgines
1548 2979 1648 3024 sacrae
1670 2992 1774 3017 tenent
1791 2983 1930 3027 sanHam
1939 2988 2161 3029 prqfeffionem,

1277 3045 1333 3065 non
1340 3031 1401 3078 solo
1412 3032 1517 3066 babitu
1528 3031 1616 3072 vestis
1630 3056 1640 3072 ,
1660 3032 1718 3075 sed
1729 3036 1763 3068 &¹
1774 3041 1883 3068 mentis
1894 3038 1928 3070 ό·
1938 3042 2091 3078 corporis,
2116 3049 2162 3072 re-

1260 3103 1262 3109 »
1271 3083 1393 3126 sistendo
1404 3081 1641 3125 concupiscentia
1652 3089 1754 3117 carnis
1767 3108 1774 3118 .
1802 3084 1844 3118 Et
1854 3085 1887 3118 in
1902 3087 2037 3120 tractatu
2050 3087 2092 3121 ad
2104 3098 2161 3131 po·

1260 3131 1262 3147 ³
1278 3134 1389 3177 pulum
1413 3131 1564 3168 adversus
1585 3133 1728 3167 carnales
1738 3134 1976 3169 monachorum
1984 3139 2164 3172 commise-

1277 3195 1416 3217 ratores.
1449 3184 1616 3226 Aliquando
1637 3185 1748 3227 dimiffo
1769 3183 1886 3218 theatro
1911 3188 1966 3221 vel
1973 3186 2163 3229 amphithea-

1277 3245 1323 3268 tro
1336 3258 1347 3274 ,
1372 3245 1436 3267 cum
1455 3239 1576 3279 caeperit
1595 3245 1634 3267 ex
1649 3235 1704 3268 illa
1713 3245 1804 3269 cavea
1815 3241 1913 3269 evomi
1923 3237 2013 3271 turba
2021 3239 2163 3279 perdito-

1277 3296 1343 3318 rum
1365 3309 1376 3325 ,
1414 3287 1521 3318 vident
1538 3285 1714 3326 plerumque
1737 3309 1749 3325 ,
1774 3295 1810 3319 ut
1828 3286 1867 3328 fit
1880 3310 1891 3327 ,
1917 3287 2041 3330 tranfire
2053 3288 2163 3332 servos

1281 3339 1357 3374 Dei,
1383 3334 1555 3379 cognoftunt
1576 3332 1639 3377 ipfh
1659 3333 1763 3369 habitu
1774 3337 1827 3370 vel
1837 3336 1926 3377 vestit
1937 3361 1949 3377 ,
1969 3339 2022 3372 vel
2030 3344 2163 3380 capitis,

1262 3428 1263 3433 1
1279 3387 1331 3419 vel
1331 3384 1436 3426 fronte
1447 3395 1527 3420 notos
1542 3384 1654 3418 habent
1663 3409 1674 3425 ,
1697 3387 1731 3420 ό·
1743 3387 1846 3420 dieunt
1855 3387 2117 3432 apudsemenpsos
2129 3390 2164 3423 Θ

1262 3447 1264 3471 ι
1275 3434 1375 3479 secum
1389 3459 1400 3476 ,
1425 3439 1442 3470 ὸ
1465 3434 1580 3480 misens
1606 3435 1693 3477 istos,
1720 3439 1795 3479 quid
1809 3439 1972 3480 perdunt?
2000 3439 2056 3474 Ad
2066 3449 2165 3485 quem

1261 3479 1392 3523 ‘locum
1419 3485 1497 3524 dico
1534 3484 1575 3522 de
1598 3486 1771 3524 monachis
1793 3511 1806 3530 ,
1841 3488 1930 3533 quod
1955 3490 1996 3525 ad
2022 3491 2165 3534 priorem

2075 3541 2117 3578 de

2203 3181 2334 3228 Pit149·
