2384 3770
369 112 396 146 2
408 114 428 157 3
441 94 466 144 8

334 191 377 215 co
391 205 398 213 .
410 180 520 213 Vellem
531 177 640 213 babere
652 180 779 222 aliquem
796 180 1128 225 Episcopatum,sensus
1140 193 1206 216 non

335 230 395 269 est,
422 229 511 272 quod
526 229 642 265 vellem
654 229 768 265 habere
780 231 1036 274 Coloniensem,
1058 233 1206 277 velquod

333 279 450 312 vellem
465 277 581 315 habere
593 280 776 324 Iprensem,
804 281 852 318 vel
866 283 955 326 quod
970 283 1084 317 vellem
1111 281 1208 317 habe·

330 339 364 362 re
376 326 648 365 Paterbonensem
661 355 672 372 ,
696 331 757 367 ἀι.
771 330 822 365 sed
836 332 936 376 ,quod
958 333 1074 367 vellem
1091 332 1207 367 habere

328 377 497 423 aliquem,
523 380 572 414 vel
587 379 697 421 hunc,
725 382 906 422 velillum,
934 383 984 416 vel
997 382 1110 417 istum:
1138 395 1204 418 non

328 429 504 473 quaerendo
516 429 658 474 aliquem
670 431 883 468 determinate
894 432 927 464 in
942 432 1139 474 individuo,
1154 434 1203 468 sed

327 479 538 516 solummodo
550 481 629 526 vage
643 482 726 515 acin
738 481 896 515 confuso.
911 482 954 516 Et
967 480 1045 517 hinc
1059 483 1125 519 haec
1137 484 1202 527 sup-

326 530 445 574 positio
465 541 599 566 vocatur
624 533 780 565 confusa:
807 531 893 577 Qia
917 532 1068 566 videlicet
1090 544 1203 568 vocem

323 590 391 615 non
416 581 569 624 supponit
589 593 647 625 pro
672 581 785 625 aliquo
812 583 870 614 suo
897 581 1042 616 inferiori
1057 583 1202 618 determi

322 640 424 672 nato,
451 631 504 665 sed
531 643 589 675 pro
617 630 771 666 omnibus
799 630 880 676 vage
906 642 943 666 ac
969 632 1108 667 confuse
1120 635 1202 668 sum·

351 680 407 716 tis.

327 693 349 726 p
379 740 435 777 31.
462 733 518 765 Ex
530 730 637 774 quibus
650 730 784 764 omnibus
803 739 909 773 patet:
940 730 1042 780 Quod
1065 730 1113 767 hae
1130 744 1199 777 qua-

322 792 399 815 tuor
422 781 652 825 suppositionis
674 782 850 824 personalis
875 783 1062 817 communis
1084 783 1203 826 species

322 833 408 866 inter
424 831 456 864 se
476 831 718 875 distinguantur
739 843 777 866 ac
798 832 1023 875 specificentur
1061 844 1130 867 non
1153 844 1202 877 pe·

318 893 377 916 nes
403 881 605 926 significata,
634 892 695 924 pro
707 882 825 925 quibus
848 893 962 916 vocem
991 894 1201 918 communem

320 933 533 975 supponunt,
561 930 613 964 sed
641 930 739 973 penes
768 931 905 966 modum
933 933 1144 968 enumerandi
1168 934 1200 967 fi-

320 979 496 1028 gnificata‚
525 991 583 1024 pro
610 980 729 1024 quibus
756 992 871 1016 vocem
901 982 1111 1026 supponunt:
1141 987 1199 1017 Ra·

321 1037 364 1066 tio
383 1029 422 1070 est
441 1031 557 1064 clara·
546 1056 554 1064 .
583 1030 671 1077 Quia
700 1042 815 1067 omnes
841 1030 890 1066 hae
917 1036 1059 1078 quatuor
1086 1034 1198 1078 suppo

319 1081 451 1115 sitiones
476 1091 592 1115 vocem
618 1092 831 1119 communem
852 1084 1041 1126 supponunt
1064 1094 1122 1127 pro
1145 1084 1198 1117 eis

320 1131 397 1167 dem
409 1128 505 1175 plane
516 1131 724 1176 fignificatis;
750 1130 876 1168 diverso
886 1141 995 1168 tamen
1009 1133 1112 1167 modo
1126 1144 1199 1166 enu-

320 1181 506 1217 merandis.-
531 1192 567 1216 ut
580 1180 733 1218 haetenus
743 1182 864 1217 dietum
888 1183 922 1219 <Sc
946 1184 1109 1217 ostensum
1133 1183 1198 1217 est.

319 1234 411 1276 Ergo
425 1230 473 1265 hae
485 1232 723 1275 suppositiones
748 1243 816 1267 non
834 1233 964 1276 possunt
986 1232 1143 1278 distingui
1162 1243 1201 1267 ac

320 1282 497 1326 specificati
536 1281 630 1325 penes
655 1282 858 1327 significata,
887 1281 937 1316 sed
953 1282 1049 1326 penes
1065 1283 1199 1318 modum

320 1331 537 1369 enumerandi
549 1331 750 1377 significata,
781 1344 838 1375 pro
850 1332 969 1376 quibus
983 1344 1096 1367 vocem
1111 1344 1198 1368 com·

322 1392 457 1416 munem
480 1382 698 1426 supponunt.
726 1385 817 1416 Patet
824 1381 935 1425 conseq.
970 1383 1058 1430 Qia
1087 1383 1202 1427 specie·

321 1443 395 1466 rum
418 1432 615 1476 specificatio
637 1433 762 1467 desumi
784 1433 904 1473 debet,
931 1444 999 1467 non
1022 1433 1119 1477 penes
1141 1434 1200 1474 id,

322 1482 359 1517 in
371 1493 439 1526 quo
450 1484 679 1522 conveniunt,
690 1483 742 1517 sed
755 1482 918 1526 penesid,
946 1483 979 1516 in
993 1495 1060 1527 quo
1072 1482 1201 1519 discon-

320 1533 460 1567 veniunt
483 1546 494 1565 :
516 1532 665 1575 atquihae
677 1544 819 1574 quatuor
842 1532 1105 1576 suppositionum
1131 1535 1203 1577 spe·-

318 1583 383 1615 cies
400 1583 605 1616 conveniunt
617 1581 732 1622 plane
724 1593 757 1615 m
770 1582 984 1627 significatis,
1011 1595 1070 1626 pro
1083 1583 1202 1625 quibus

319 1633 532 1675 supponunt,
555 1632 588 1665 &
608 1630 865 1667 disconveniunt
888 1634 922 1666 in
947 1634 1050 1668 modo
1071 1645 1202 1668 enume-

322 1680 417 1715 randi
431 1681 522 1725 illa.-
549 1691 629 1725 ergo
649 1692 759 1716 earum
777 1681 975 1725 specificatio
1000 1683 1125 1717 desumi
1150 1684 1203 1716 de-

320 1731 399 1771 bet,
425 1742 493 1765 non
519 1730 615 1775 penes
638 1731 839 1777 significata,
873 1732 926 1766 sed
947 1732 1046 1777 pene's
1066 1732 1204 1768 modum

320 1779 553 1816 enumerandi.

376 1842 428 1879 32.
458 1830 540 1865 Dixi
561 1830 704 1874 saepius,
730 1830 845 1867 harum
864 1831 1039 1876 subjectum
1062 1834 1125 1867 esse
1147 1843 1203 1866 vo·

322 1894 395 1916 cem
418 1891 650 1915 communem:
687 1881 755 1920 est,
784 1884 941 1925 inquam,
968 1882 1077 1919 omnis
1098 1884 1133 1919 &
1156 1884 1204 1917 so·

320 1933 352 1967 la
377 1944 441 1965 vox
462 1931 648 1969 communis
681 1931 858 1974 subjectum
891 1933 1043 1967 omnium
1091 1932 1204 1964 harum

322 1992 462 2027 quatuor
478 1981 762 2025 suppositionum.-
789 1982 852 2015 sive
864 1981 899 2015 fit
916 1980 1131 2021 universalis,
1142 1981 1206 2015 sive

321 2031 510 2077 singularis,
538 2031 570 2066 id
587 2030 794 2074 nihilrefert3
807 2030 1033 2065 dummodofit
1058 2042 1205 2065 commu-

321 2084 390 2122 nis,
420 2083 452 2116 id
478 2083 550 2115 satis
566 2082 629 2115 est.
656 2083 771 2122 ltaque
784 2092 899 2115 omnes
914 2079 1108 2123 haequatuor
1135 2082 1204 2135 sup·

321 2133 498 2178 positiones
513 2129 799 2165 habentlocumin
817 2140 898 2162 voce
910 2131 1014 2167 Deus,
1041 2139 1108 2162 non
1138 2129 1198 2161 mi-

320 2184 400 2222 nm,
430 2180 575 2225 quamin
601 2191 680 2214 voce
704 2179 841 2216 animal,
859 2177 967 2218 bomo,
987 2178 1089 2212 aliave
1109 2177 1203 2211 simili

321 2244 402 2267 voce
426 2230 625 2265 universali.
655 2229 699 2263 V.
711 2241 743 2273 g.
758 2229 790 2261 in
802 2226 864 2261 hac
879 2228 1121 2270 propositione,
1149 2230 1204 2259 De-

317 2296 353 2318 ur
368 2280 567 2324 estsaptens,
595 2279 755 2334 accipitur
766 2278 976 2319 copulative.
1005 2276 1044 2310 ln
1059 2276 1136 2315 hac,
1151 2277 1205 2308 De·

319 2346 356 2368 us
380 2332 416 2372 est
438 2337 636 2367 incarnatus,
665 2327 822 2370 accipitur
833 2326 1042 2360 disiund’tive.
1075 2327 1113 2360 ln
1127 2326 1207 2366 hac,

319 2387 403 2416 Deus
415 2380 452 2418 est
464 2385 591 2418 trinus,
614 2381 695 2411 Deus
718 2377 756 2416 est
778 2379 942 2417 Trinitas,
970 2376 1127 2419 accipitur
1150 2386 1204 2410 co.

319 2433 480 2479 pulatim.
508 2428 547 2462 ln
563 2426 646 2468 hac,
672 2429 843 2468 Mediator,
871 2439 906 2460 ac
931 2428 1110 2469 Redemptor
1117 2437 1205 2470 geno

321 2489 365 2518 ris
387 2482 510 2515 humani
533 2478 634 2512 debuit
645 2478 695 2522 effe
708 2480 812 2517 Deus,
839 2476 998 2520 accipitur
1010 2475 1204 2511 difiunctim.

321 2535 404 2568 Hoc
417 2541 526 2566 tamen
539 2530 668 2563 adverte
682 2539 720 2561 ex
735 2526 932 2561 Ariminensi
949 2525 1110 2561 diversis
1103 2539 1137 2560 ιιι
1159 2527 1205 2560 lo-

322 2579 640 2626 cis,praesert1mm
657 2590 683 2614 1.
693 2575 760 2621 dist.
782 2587 819 2623 4.
834 2576 933 2620 quaest.
960 2589 987 2613 1.
1002 2576 1106 2626 Qod
1131 2577 1203 2609 voci

326 2638 405 2668 Deus
416 2644 482 2665 non
498 2630 625 2674 possunt
640 2628 793 2673 praefigii
773 2627 900 2671 signum
910 2633 1006 2660 omnis
1023 2627 1071 2661 vel
1083 2628 1204 2668 aliquis;

325 2693 432 2727 neque
417 2680 693 2714 dicerelicitum
705 2679 773 2718 est,
797 2683 903 2710 Omnis
926 2681 1010 2711 Deus
1022 2675 1153 2720 estsapr'·
1156 2689 1205 2715 ns,

326 2735 434 2776 aliquis
461 2735 541 2764 Deur
559 2727 595 2768 est
619 2735 820 2769 incarnatus;
849 2728 901 2762 sed
936 2727 1112 2762 dicendum
1139 2727 1204 2760 est:

325 2788 418 2817 Omne
434 2779 646 2823 suppositum,
675 2779 754 2820 quod
782 2777 820 2818 est
845 2782 967 2818 Deus,
996 2777 1035 2818 est
1059 2776 1207 2821 sapiens,

327 2833 451 2876 aliquod
473 2828 675 2874 supposttum,
701 2829 780 2871 quod
799 2827 837 2869 est
863 2831 946 2861 Deus
970 2852 982 2868 ,
1012 2827 1049 2868 est
1069 2834 1205 2861 incarna—

329 2883 569 2982 tun33&1{tiam
584 2939 642 2973 pro
656 2926 718 2962 hac
730 2928 952 2973 suppositione
966 2927 1072 2961 nullas
1084 2926 1207 2971 assigno

327 2985 479 3030 regulas,
509 2982 567 3017 nisi
579 2979 664 3013 hanc
675 2990 804 3013 unicam
819 2978 1028 3023 generalem:
1053 2978 1208 3026 Qoties

329 3044 472 3078 cumque
486 3030 659 3074 subjeetum
673 3029 904 3084 propositionis
918 3028 1115 3062 affirmativae
1126 3028 1206 3060 acci-

332 3086 418 3129 pitur
430 3081 638 3125 copulative,
665 3089 744 3113 tunc
764 3078 833 3121 ejus
854 3077 1067 3122 praedicatum
1091 3079 1207 3120 accipi-

332 3147 382 3169 tur
399 3132 603 3169 disiunetim.
629 3128 673 3162 V.
699 3141 729 3174 g.
741 3130 775 3163 in
789 3128 866 3168 his,
895 3133 986 3163 Homo
1005 3127 1044 3166 ιθ
1064 3129 1207 3167 animal,

334 3190 428 3218 omnis
449 3183 530 3216 bomo
541 3180 578 3222 est
605 3180 711 3220 albus,
733 3179 902 3223 praedicata
915 3178 1206 3222 accipiunturcon-

334 3233 424 3268 fuse.
453 3238 545 3268 Ratio
566 3230 604 3272 est
625 3231 731 3263 clara:
757 3229 847 3277 Qa
860 3230 996 3272 supponi
1012 3227 1149 3263 confuse
1164 3227 1207 3261 est

335 3285 472 3326 supponi
487 3294 546 3327 pro
559 3280 716 3317 omnibus
730 3280 795 3315 suis
809 3279 1210 3314 inferioribusdifiunaim

338 3331 589 3368 enumerandis:
616 3330 706 3374 atqui
719 3328 923 3372 praedicatum
936 3329 1120 3364 universalis
1130 3329 1209 3363 affir-

337 3380 493 3417 mationis
518 3381 639 3423 semper
661 3380 820 3424 accipitur
834 3392 892 3423 pro
913 3381 975 3414 suis
1003 3378 1211 3414 inferioribus

338 3429 524 3470 disiunstim
537 3431 790 3466 enumerandis:
816 3430 896 3481 ergo
920 3432 1042 3475 semper
1064 3429 1210 3474 supponi·

886 98 1207 147 Dium-rm·
1245 102 1389 152 XViI.
1428 105 1568 149 Dun.
1605 108 1643 152 1.

1271 197 1322 223 tur
1333 190 1488 227 confuse.
1517 190 1604 224 Prob.
1623 194 1695 223 min.
1718 191 1807 239 Qia
1831 201 1910 229 tunc
1935 190 2141 237 praedicatum

1269 239 1464 275 affirmatum
1475 240 1633 284 accipitur
1643 252 1701 284 pro
1714 241 1992 280 suieinferioribus
2016 243 2143 277 disiun-

1268 290 1342 326 stim
1355 290 1584 326 enumerandis
1597 315 1608 331 ,
1628 289 1758 334 quando
1767 292 1892 328 nullum
1917 295 1986 339 ejus
2006 292 2143 328 inferius

1268 340 1397 374 seorsim
1410 353 1447 376 ac
1466 341 1591 376 divisim
1615 342 1778 385 sumptum
1800 343 1902 385 potest
1927 342 2075 378 affirmari
2101 342 2143 377 de

1267 389 1428 432 subjecto,
1454 390 1505 425 sed
1521 391 1623 426 solum
1638 391 1750 426 omnia
1770 392 1864 427 simul
1878 394 2003 438 sumpta
2024 392 2144 428 confu-

1266 450 1298 472 se
1319 450 1525 476 enumerata:
1558 442 1651 484 atqui
1687 441 1752 476 hoc
1793 442 1963 489 contingit
1986 443 2020 476 in
2047 442 2141 477 omni

1267 490 1436 532 praedicato
1457 491 1646 529 universalis
1674 493 1903 531 affirmationis
1922 500 1934 527 .·‘
1968 490 2048 536 ergo
2071 502 2141 526 om·

1267 550 1307 572 ne
1321 539 1401 572 illud
1414 539 1618 582 praedicatum
1633 542 1824 585 supponitur
1834 554 1892 586 pro
1904 543 2063 579 omnibus
2077 541 2142 576 suis

1266 588 1471 625 inferioribus
1481 590 1666 626 difiunstim
1678 593 1905 629 enumerandis
1917 618 1926 627 .

1348 738 1695 799 DISPU'TA
1714 748 1851 798 T10
1910 753 2059 800 xvn.

1299 871 1359 916 De
1383 865 1606 934 quibufilam
1631 868 1716 918 aliis
1732 889 1872 922 vocum
1882 867 2107 939 fitppofitio-

1403 940 1508 987 nibus
1537 939 1711 1008 copulam
1732 940 2006 1010 praedicatiom's

1558 1008 1853 1080 rqlpicientibus.

1484 1129 1520 1163 D
1546 1128 1587 1164 U
1611 1127 1640 1162 B
1664 1129 1681 1164 Ι
1708 1128 1750 1165 U
1776 1130 1817 1166 Μ
1882 1131 1909 1166 I.

1386 1228 1433 1262 Do
1455 1229 1673 1272 Amphitrione,
1698 1227 1822 1274 eiusque
1842 1228 2004 1274 speciebus.

1267 1396 1294 1422 1-
1468 1384 1630 1428 Mpliatio
1654 1384 1786 1430 physica
1807 1398 1845 1422 ac
1865 1385 1961 1434 realis
1985 1384 2033 1421 est
2043 1384 2147 1430 alicu·

1317 1394 1454 1531 A
1481 1435 1531 1478 jus
1551 1435 1596 1470 rei
1621 1438 1767 1471 extensio
1788 1437 1827 1471 ad
1840 1434 2068 1480 occupandum
2079 1444 2147 1469 ma-

1480 1485 1584 1528 jorem
1609 1485 1740 1521 locum.
1768 1487 1822 1522 Sic
1844 1487 1987 1522 dicimur
2009 1484 2146 1529 amplia-

1479 1545 1513 1568 re
1537 1535 1690 1577 vestem,
1717 1537 1873 1580 ampliare
1900 1536 2010 1570 aulam
2035 1558 2048 1575 ,
2078 1534 2147 1578 &c-

1266 1582 1452 1627 Ampliatio
1464 1584 1614 1628 Logica,
1640 1586 1681 1620 de
1693 1597 1756 1629 qua
1780 1586 1837 1621 hic
1858 1585 1954 1622 nobis
1977 1574 2147 1632 agendum

1270 1632 1329 1673 est,
1340 1634 1386 1667 est
1399 1625 1547 1668 extensio
1561 1635 1653 1669 vocis
1665 1637 1704 1670 ad
1713 1636 1926 1682 significanda
1945 1636 2036 1679 plura
2048 1634 2148 1679 signi-

1271 1682 1390 1724 ficara,
1417 1693 1514 1726 quam
1527 1686 1855 1729 anteasignificabat.
1882 1685 1965 1719 Haec
1990 1684 2148 1719 dividitur

1270 1734 1304 1765 in
1330 1733 1576 1776 ampliationem
1595 1743 1779 1779 temporum
1802 1761 1814 1779 ,
1839 1736 1874 1771 &
1894 1734 2149 1780 ampliationem

1270 1782 1525 1825 suppositorum.
1553 1784 1739 1828 Ampliatio
1765 1786 2002 1829 suppositorum
2022 1783 2067 1818 est
2091 1794 2150 1819 ex·

1268 1832 1373 1867 tensio
1386 1832 1475 1867 vocis
1485 1835 1525 1870 ad
1536 1833 1754 1879 fignificanda
1761 1836 1854 1880 plura
1878 1836 2066 1874 inferiora,
2093 1832 2148 1867 ve!

1268 1882 1503 1925 denominant,
1530 1895 1630 1928 quam
1650 1896 1743 1920 antea
1766 1885 1989 1930 significabat·
2014 1893 2044 1916 v.
2052 1894 2096 1927 g.
2121 1882 2147 1917 fi

1270 1932 1528 1975 primodicam,
1549 1936 1615 1966 Duo
1626 1934 1759 1975 hommes
1777 1936 1851 1978 [unt
1864 1935 1966 1974 dom,
1985 1933 2018 1967 &
2038 1932 2150 1975 posta

1268 1980 1399 2021 dicam,
1425 1985 1534 2017 Omnes
1553 1981 1685 2017 homines
1706 1983 1781 2027 sunt
1802 1984 1908 2025 dor‘lt,
1945 1985 1980 2018 in
2007 1980 2150 2017 secunda

1270 2005 1492 2074 propositione
1524 2034 1651 2076 amplio
1684 2045 1798 2069 vocem
1830 2033 1914 2068 bomo
1934 2031 2152 2078 ampliatione

1271 2081 1529 2122 suppositorum·
1554 2083 1630 2125 quia
1655 2084 1926 2128 &significatione
1938 2083 2080 2117 duorum
2102 2081 2152 2115 in-

1269 2129 1424 2163 feriorum
1438 2131 1585 2164 extendo
1592 2131 1685 2164 illam
1698 2131 1738 2165 nd
1751 2132 2023 2174 significationem
2043 2129 2153 2164 omni·

1273 2189 1329 2211 um
1346 2178 1487 2212 omnino
1502 2178 1692 2214 inferiorum
1707 2181 1851 2215 suorum.
1875 2180 2058 2237 Ampliatio
2069 2190 2151 2214 tem-

1268 2238 1384 2270 porum
1393 2227 1438 2261 est
1448 2229 1595 2263 extensio
1609 2230 1664 2264 seu
1677 2230 1846 2273 usurpatio
1859 2232 1951 2264 vocis
1962 2230 2004 2264 ad
2028 2230 2152 2274 fignifi—

1268 2276 1412 2311 candum
1433 2277 1656 2321 significatum
1667 2279 1762 2313 suum
1777 2279 1914 2313 existere
1923 2290 1983 2323 pro
1995 2278 2150 2322 pluribus

1268 2337 1455 2369 temporum
1466 2326 1677 2369 differentiis,
1700 2340 1799 2372 quam
1821 2330 1932 2374 exigat
1961 2328 2151 2373 principalis

1270 2376 1388 2419 copula
1403 2377 1634 2420 propositionis
1647 2402 1655 2410 .
1684 2377 1730 2412 V.
1746 2390 1777 2424 g.
1791 2378 1825 2413 in
1839 2379 1901 2414 hac
1913 2378 2150 2423 propositione,

1267 2429 1354 2460 Homo
1375 2426 1414 2466 est
1435 2428 1570 2469 animal,
1595 2439 1662 2467 vox
1675 2428 1757 2465 bomo
1773 2429 1946 2473 ampliatur
1956 2429 2150 2473 ampliatio?

1271 2487 1312 2511 ne
1323 2487 1530 2520 temporum:
1558 2478 1729 2521 usurpatur
1754 2479 1844 2513 enim
1866 2490 1935 2513 non
1955 2479 2084 2512 tantum
2105 2478 2148 2513 ad

1268 2526 1519 2571 significandum
1547 2526 1742 2562 hominem:
1763 2529 1823 2571 qui
1842 2528 1888 2564 est
1907 2538 2056 2571 tempore
2077 2539 2150 2571 prz-

1269 2576 1370 2617 senti,
1384 2587 1421 2611 ut
1432 2578 1538 2620 exigit
1550 2578 1738 2620 principalis
1751 2578 1870 2621 copula
1892 2577 2148 2622 propositionis3

1270 2624 1322 2660 sod
1343 2625 1443 2660 etiam
1462 2627 1504 2665 ad
1527 2627 1779 2671 significandum
1802 2627 1977 2662 hominem
1997 2637 2147 2667 omnem,

1269 2675 1326 2720 qui
1346 2677 1409 2710 fuit
1426 2687 1573 2720 ternpore
1597 2678 1756 2719 praeterito
1779 2699 1793 2719 ‚
1831 2678 1888 2722 qui
1911 2677 1972 2711 erit
2001 2687 2148 2719 temporo

1270 2727 1398 2767 futuro,
1425 2726 1527 2771 &qui
1550 2728 1616 2760 esse
1638 2726 1742 2770 potest
1763 2727 1797 2760 in
1825 2738 1972 2771 tempore
1984 2727 2123 2770 poffibili
2137 2738 2148 2759 t

1273 2776 1418 2820 facitque
1442 2777 1618 2820 propositio
1637 2776 1727 2812 hunc
1746 2778 1875 2812 sensum
1893 2790 1901 2810 :
1926 2777 2065 2818 Homo,
2087 2776 2147 2821 qui

1271 2826 1316 2861 est
1332 2850 1343 2868 ,
1368 2826 1522 2871 quisuit,
1548 2827 1700 2870 quierit,
1720 2828 1777 2870 qui
1801 2830 1864 2862 effe
1887 2829 1992 2871 potest
2015 2851 2027 2867 ,
2046 2826 2092 2861 est
2115 2838 2148 2861 a·

1275 2877 1398 2911 nimal.
1427 2877 1470 2911 Et
1482 2876 1523 2911 de
1548 2876 1610 2911 hac
1628 2877 1842 2920 ampliatione
1865 2878 1905 2912 ad
1927 2888 2072 2921 tempora
2091 2874 2149 2911 hic

1274 2928 1464 2972 loquemur:
1491 2927 1546 2961 illa
1557 2928 1648 2962 enim
1660 2927 1854 2971 intelligitur
1868 2953 1879 2969 ,
1901 2928 1981 2963 dum
2009 2927 2051 2961 de
2074 2937 2147 2961 arn·-

1281 2978 1442 3023 pliatione
1463 2976 1591 3023 Logica
1612 2977 1776 3022 loquimur
1795 2977 1863 3012 sine
1887 2978 2004 3012 addito
2017 3000 2025 3008 .

1326 3039 1358 3067 2.
1384 3027 1474 3062 luter
1486 3027 1567 3062 duas
1578 3037 1688 3074 autem
1707 3026 1800 3062 hasce
1818 3027 2051 3071 ampliationes
2072 3026 2146 3060 sunt

1279 3077 1424 3122 quaedam
1438 3078 1624 3112 discrimina
1637 3097 1647 3104 ·
1668 3080 1803 3113 uranum
1815 3078 1871 3118 est:
1885 3076 1998 3124 *Qod
2011 3075 2147 3119 amplia-

1274 3130 1324 3163 tio
1347 3138 1531 3171 temporum
1545 3128 1658 3163 locum
1679 3126 1795 3166 habeat
1818 3127 1852 3160 in
1872 3127 1950 3161 solis
1971 3126 2149 3160 enuntiati-

1277 3177 1420 3219 onibus,
1444 3177 1563 3213 atvero
1583 3178 1751 3222 ampliatio
1783 3177 2020 3221 suppositorum
2032 3187 2098 3210 tam
2111 3177 2147 3209 in

1275 3227 1481 3262 orationibus
1504 3227 1836 3266 nou-enunciativis,
1862 3238 1961 3269 quam
1987 3227 2021 3260 in
2045 3236 2149 3260 enun-

1275 3279 1402 3313 ciativis
1435 3279 1546 3313 locum
1569 3278 1698 3313 habet.
1732 3279 1839 3311 Prima
1872 3286 1949 3320 pars
1979 3276 2016 3317 est
2044 3276 2149 3309 clara.-

1277 3329 1368 3377 Qia
1388 3329 1559 3372 ampliatio
1579 3338 1763 3371 temporum
1787 3328 1833 3362 est
1865 3327 2011 3362 extensio
2029 3326 2081 3359 seu
2114 3336 2148 3358 u

1284 3378 1431 3422 surpatio
1463 3379 1551 3413 vocis
1582 3379 1624 3413 ad
1653 3376 1901 3421 significandum
1936 3375 2155 3421 significatum

1287 3429 1377 3465 suum
1399 3428 1535 3467 existere
1557 3439 1615 3476 pto
1642 3427 1992 3474 pluribustemporum
2008 3425 2159 3461 differen-

2027 3475 2083 3514 tiis
2096 3499 2112 3518 2
