2384 3770
747 132 887 184 ‘DE
922 134 1051 182 D1v.
1089 139 1237 183 Sum).
1273 137 1442 181 Pizus.

1938 156 2027 189 221

280 227 365 262 hane
387 225 637 270 suppositionem
660 235 770 269 puram
796 218 937 257 admitto
956 222 991 256 &
1011 221 1138 264 probo,
1178 219 1337 266 ipre-latio
1362 221 1416 253 seu
1427 219 1597 263 produstio
1609 224 1716 267 vocis,
1742 226 1834 260 simul
1846 237 1921 261 cum
1935 228 2063 262 volitio-

276 290 316 313 ae
335 277 413 311 dico
431 277 519 310 illam
543 277 605 310 esse
629 277 663 309 in
685 273 823 316 subjecto
834 271 928 314 hujus
940 271 1140 314 praedicatio-

267 328 350 367 vnis,
376 330 479 360 omnis
499 323 580 359 bomo
600 323 853 365 est-individuum.
880 320 927 354 lbi
941 344 952 360 ‚
980 321 1139 365 inquam,

273 387 343 411 vox
365 377 446 409 homo
466 376 656 420 supponitur
676 371 884 415 personaliter
906 371 981 413 pure
993 382 1051 414 pro
1064 372 1140 406 solis

275 427 464 472 significatis
486 422 678 460 secundariis
696 445 704 453 .
734 424 825 453 Ratio
844 420 904 461 est:
932 420 1022 469 Qia
1041 421 1139 464 subje-

274 478 360 511 &um
382 477 571 521 supponitur
590 484 652 516 >pro
668 470 733 504 -illo
752 471 810 505 suo
832 471 1017 515 significato
1037 495 1048 511 ‚
1083 472 1136 504 cui

274 527 409 570 quadrat
429 525 642 570 significatum
660 520 796 554 formale
820 521 1003 564 praedicati:
1032 519 1137 565 Atqui

273 576 536 613 individualitas,
562 571 688 616 quae‘est
700 570 744 604 ibi
773 571 907 605 formale
918 571 1136 615 significatum

271 625 455 671 praedicati,
480 622 615 668 quadrat
638 622 714 656 solis
732 620 921 666 significatis
944 619 1136 654 secundariis
1170 660 1172 664 Α

272 676 361 710 νοεῖς
381 674 465 708 bomo
477 697 487 713 ‚
515 672 675 716 nulloque
692 672 793 706 modo
803 670 872 714 ejus
886 671 1067 715 significato
1078 671 1125 717 pri
1141 688 1145 713 ᾳ

270 724 374 759 mario
387 737 397 757 .-
424 734 503 767 ergo
524 734 591 757 vox
611 721 695 755 homo
717 721 762 755 ibi
788 722 978 765 supponitur
992 729 1049 765 pro
1061 720 1145 754 solis?

271 775 337 808 suis
356 774 544 818 significatis
555 771 766 807 secundarIis.
796 774 883 805 Patet
901 776 994 804 mmor
1008 785 1020 804 .·
1045 770 1134 817 Qtia

271 823 491 868 significatum
515 823 702 867 primarium
728 821 931 864 adaequatum
955 821 1045 854 vocis
1055 820 1137 853 homo

271 874 317 909 est
340 884 516 909 commune
538 870 724 907 communis
754 868 968 904 humanitatis
990 870 1136 913 supposi-

270 933 342 958 tum
360 935 370 966 ;
407 923 584 968 significata
606 920 791 954 secundaria
812 920 881 963 ejus
903 921 976 953 sunt
998 919 1137 964 singula·

270 974 317 1011 ria
338 973 547 1018 singularium
566 970 806 1004 humanitatum
821 969 1000 1012 supposita:
1029 969 1134 1013 Atqui

261 1023 515 1058 'individualitas
538 1032 605 1057 non
627 1021 760 1065 quadrat
772 1020 932 1064 supposito
945 1020 1134 1061 communi;

269 1072 323 1107 sed
336 1073 410 1107 solis
423 1073 589 1117 suppositis
599 1069 830 1115 singularibus:
857 1081 937 1114 ergo
951 1067 1133 1103 individua·

269 1123 343 1157 litas
359 1122 493 1169 quadrat
517 1121 592 1156 solis
621 1121 807 1165 significatis
829 1119 1025 1154 secundariis
1045 1120 1134 1153 vocis

270 1173 369 1214 bomo,
396 1185 465 1206 non
490 1183 599 1206 autem
611 1171 795 1216 significato
806 1171 875 1212 ejus
887 1170 1040 1213 primario
1053 1194 1060 1200 .

324 1234 373 1269 19.
400 1227 471 1256 Dico
487 1221 616 1266 secund&
629 1235 640 1255 .·
667 1220 827 1264 Acceptio
847 1219 1022 1263 personalis
1033 1219 1133 1254 etiam

268 1272 428 1306 dividitur
451 1273 484 1304 in
509 1271 732 1314 acceptionem
767 1270 965 1314 personalem
988 1276 1134 1302 'commu-

260 1328 345 1356 'nem
358 1346 368 1361 ,
390 1322 426 1355 ἀ
444 1321 640 1366 singularem
652 1344 659 1352 .
688 1319 813 1366 'Aliqui
827 1318 882 1352 has
902 1318 1134 1362 suppositiones

267 1371 431 1405 definiunt
442 1370 506 1405 hoc
518 1371 638 1405 modo:
665 1369 846 1413 Suppositio
859 1368 1034 1412 perspnalis
1044 1374 1132 1402 com·

267 1422 378 1455 munis
388 1420 433 1454 est
448 1421 624 1464 suppositio
636 1421 726 1454 vocis
738 1431 796 1463 pro
809 1430 840 1452 re
850 1419 1037 1461 communig
1065 1418 1133 1460 sup-

267 1471 386 1514 positio
413 1472 487 1504 vero
508 1471 683 1514 personalis
701 1470 868 1514 singularis
889 1469 937 1501 est
959 1468 1132 1509 suppositio

267 1521 360 1554 vods
371 1532 428 1563 pro
439 1533 471 1554 re
482 1520 633 1564 singulari
646 1543 653 1550 .
681 1518 741 1552 Sed
753 1518 962 1552 definitiones
977 1516 1059 1550 nihil
1075 1528 1131 1551 va-

264 1570 335 1604 ient
346 1568 500 1604 omnino.
531 1567 740 1613 ,Quodproboz
769 1567 859 1614 Qiia
882 1569 1012 1609 possunt
1037 1578 1133 1601 voces

258 1619 402 1664 'supponi
415 1631 473 1663 pro
484 1618 578 1654 rebus
589 1617 824 1653 communibus
835 1617 885 1650 vel
896 1616 1111 1661 singularibus
1121 1642 1131 1658 ‚

264 1670 299 1704 &
313 1680 422 1704 tamen
444 1682 513 1704 non
534 1669 651 1703 habere
684 1668 908 1711 acceptionem
932 1667 1134 1710 personalem

265 1730 478 1754 communem
500 1719 550 1753 vel
570 1719 763 1764 singularem
780 1730 794 1758 ‚·
823 1714 927 1751 imm&
949 1728 1056 1760 neque
1079 1714 1132 1750 ha-

264 1769 340 1804 bere
357 1770 581 1814 acceptionem
604 1769 807 1813 personalem
821 1780 832 1800 .·
857 1774 939 1811 ergo
957 1766 1134 1815 suppositio

262 1819 440 1863 personalis
460 1819 650 1853 communis
671 1819 705 1852 &
732 1817 903 1862 singularis
926 1817 1036 1860 inepte
1057 1816 1132 1850 desi-

256 1869 402 1903 'niuntur
425 1870 488 1904 esse
507 1869 684 1913 suppositio
707 1869 796 1902 vocis
816 1874 874 1910 pro
897 1878 931 1901 re
941 1865 1131 1907 communi,

261 1919 317 1952 vel
339 1920 495 1963 singulari
524 1944 532 1951 .
560 1918 709 1952 Probatur
730 1918 907 1950 antecedens
933 1930 940 1949 ε
982 1917 1072 1961 Qia
1098 1916 1131 1948 in

262 1967 326 2000 hac
345 1969 566 2009 propositione
587 1991 598 2006 ,
626 1967 708 1999 bomo
726 1966 763 2004 est
787 1965 900 2006 specie:
919 1987 929 2001 ‚
960 1974 1024 1996 vox
1050 1963 1132 1994 bomo

258 2017 459 2060 'supponitur
470 2027 527 2059 pro
538 2027 570 2049 re
581 2016 764 2049 communi.-
774 2015 808 2048 &
821 2015 855 2046 in
869 2013 930 2046 hac
943 2012 1130 2056 propositio-

258 2070 327 2107 ‘ne,
355 2068 466 2099 Petrus
485 2065 523 2105 est
545 2066 736 2099 individuum
755 2089 765 2104 ,
793 2075 858 2097 vox
882 2065 990 2095 Petrus
1014 2073 1072 2104 pro
1097 2072 1131 2095 re

261 2115 415 2158 singulari
434 2115 644 2156 supponitur:
673 2123 710 2145 ut
730 2114 854 2145 clarum
873 2111 936 2142 est.
966 2110 1071 2151 Atqui
1084 2120 1128 2142 ta·

260 2175 337 2197 men
359 2162 424 2196 istie
435 2172 528 2196 voces
541 2172 608 2194 non
620 2160 743 2194 liabent
758 2158 1010 2202 suppositionem
1024 2158 1129 2201 perso-

259 2213 387 2255 nalem;
413 2212 468 2246 sed
487 2211 663 2255 simplicem
677 2224 688 2243 .-
715 2215 760 2243 ατί
777 2214 861 2251 pam
873 2218 910 2241 ex
921 2208 1023 2246 φώρ..
1040 2207 1129 2252 Ergo

259 2265 391 2306 possunt
412 2272 509 2295 voces
530 2260 648 2294 habere
664 2258 915 2301 suppositionem
928 2269 985 2299 pro
998 2269 1031 2290 re
1041 2268 1127 2290 corn-

260 2312 357 2345 muni
378 2312 427 2344 vel
445 2310 619 2354 singulari,
644 2309 803 2342 &tamen
829 2316 898 2339 non
921 2305 1038 2339 habere
1061 2306 1128 2348 sup-

259 2362 456 2405 positionem
478 2359 696 2402 personalem.

310 2420 364 2447 20.
394 2409 536 2443 Definiri
559 2419 638 2452 ergo
648 2406 769 2441 debent
781 2405 843 2440 hoc
856 2403 980 2440 modo:
1006 2404 1127 2447 Suppo-

258 2460 334 2494 fitio
359 2459 535 2503 personalis
556 2459 591 2492 in
609 2457 778 2491 communi
801 2455 846 2488 est
869 2455 1045 2498 suppositio
1065 2466 1126 2488 vo·-

256 2511 306 2544 'cis
329 2520 387 2553 pro
405 2510 464 2543 suo
484 2509 667 2554 significato
679 2506 890 2541 secundario:
918 2516 951 2539 ut
961 2505 1026 2547 jam
1038 2503 1124 2537 dixi.

258 2559 444 2602 Suppositio
465 2556 575 2602 itaque
601 2556 777 2600 personalis
789 2556 974 2590 communis
998 2554 1043 2588 est
1058 2555 1125 2596 sup-

257 2609 376 2653 positio
399 2608 489 2647 vocis
511 2607 648 2650 alicujus
668 2606 855 2641 communis
867 2617 924 2649 pro
937 2605 995 2638 suo
1007 2604 1124 2649 signifi·

257 2669 333 2694 cato
346 2658 535 2691 secundario
551 2670 560 2698 ·,
589 2657 763 2699 suppositio
787 2655 863 2690 vero
874 2655 1050 2699 personalis
1065 2655 1123 2687 sin-

257 2706 379 2753 gularis
396 2707 440 2741 est
456 2706 629 2750 suppositio
637 2706 772 2747 alicujus
784 2705 871 2738 vocis
883 2705 1054 2749 singularis
1067 2716 1124 2747 pro

257 2758 323 2792 suis
344 2756 530 2802 significatis
552 2754 761 2789 secundariis.
792 2754 904 2797 Itaque
927 2753 975 2786 hae
987 2755 1122 2797 supposi-

256 2809 365 2842 tiones
386 2818 546 2841 vocantur
567 2803 998 2847 communis&singularis‚
1024 2815 1091 2837 non
1104 2806 1122 2838 a

257 2870 291 2891 re
311 2858 482 2892 communi
504 2855 554 2891 vel
578 2854 752 2900 singulari,
780 2866 838 2897 pro
853 2863 916 2896 qua
927 2863 1041 2886 vocem
1054 2855 1119 2897 sup

256 2918 385 2952 ponunt
411 2919 424 2949 ;
459 2907 513 2942 sed
533 2907 551 2940 a
572 2916 653 2940 voce
678 2904 848 2940 communi
873 2902 925 2935 vel
947 2903 1121 2947 singulari,

256 2970 354 3001 quam
366 2969 424 3002 pro
436 2958 498 2991 suis
510 2956 695 3001 significatis
706 2953 901 2989 secundariis
914 2953 1099 2995 supponunt
1113 2978 1119 2985 .

255 3012 303 3040 Et
323 3013 401 3041 ratio
419 3007 476 3047 est:
502 3007 592 3053 Qia
613 3006 755 3040 actiones
779 3006 797 3038 a
817 3004 879 3038 suis
891 3002 1057 3042 terminis,
1082 3014 1119 3037 ac

253 3058 460 3101 operationes
479 3058 653 3091 desumunt
675 3056 813 3099 speciem
837 3078 848 3094 ,
872 3052 1119 3087 denominatio-

255 3118 348 3146 nem,
371 3120 409 3142 ac
428 3107 709 3142 nomenclaturam
721 3106 739 3139 a
751 3106 815 3139 suis
827 3103 978 3146 objectis:
1005 3113 1041 3136 ut
1051 3103 1119 3137 cui·

254 3167 394 3198 cumque
418 3157 557 3200 Phyfico
574 3158 619 3191 est
633 3167 749 3191 notum
763 3180 770 3187 .
799 3154 903 3197 Atqui
915 3165 977 3187 vox
989 3152 1034 3186 est
1048 3154 1116 3197 sup-

253 3207 423 3251 positionis
434 3208 526 3241 simul
538 3208 694 3242 terminus
704 3207 736 3240 δε
748 3204 907 3247 objectum
920 3217 931 3236 .·
957 3210 1035 3247 ergo
1049 3204 1114 3247 sup·

254 3256 370 3300 positio
390 3258 498 3291 vocari
521 3257 615 3292 debet
634 3257 821 3293 communis
843 3254 892 3287 vel
913 3252 1082 3297 singularis
1103 3278 1114 3293 ,

254 3318 323 3341 non
348 3306 366 3340 ὲ
387 3318 440 3348 re,
468 3318 524 3350 pro
545 3317 607 3350 qua
631 3318 745 3342 vocem
761 3304 934 3348 supponit3
961 3302 1042 3337 seda
1060 3315 1113 3338 vo·

253 3367 291 3389 ce
303 3381 313 3395 ,
339 3368 436 3401 quam
451 3357 600 3400 supponit
611 3382 618 3390 .
649 3358 797 3391 Probatur
809 3362 922 3387 minor:
951 3353 1040 3401 Qia
1054 3377 1065 3394 ,
1078 3364 1114 3388 ut

253 3404 321 3440 dixi
343 3409 433 3452 supra
452 3432 463 3449 ,
490 3407 665 3452 suppositio
685 3407 770 3443 nihil
795 3406 840 3440 est
863 3403 950 3439 aliud
976 3427 988 3444 ι
1015 3410 1112 3447 ‘wilm

1174 1240 1176 1243 v
1195 1219 1287 1264 Qia
1309 1217 1344 1251 in
1368 1216 1430 1251 hac
1457 1220 1685 1262 praedicatione
1708 1246 1719 1260 ,

1181 3017 1236 3043 22·

1182 266 1239 305 ’ne
1259 270 1444 314 loquentis,
1471 281 1534 311 qua
1556 272 1625 304 vult
1648 285 1699 315 per
1711 286 1825 311 vocem
1836 278 1981 312 audienti
2005 289 2063 312 no-

1197 321 1321 355 tificare
1343 320 1409 363 ejus
1437 320 1673 364 significatum:
1700 326 1789 366 atqui
1819 338 1883 360 vox
1910 329 1970 361 suae
1993 338 2064 371 pro'·

1183 370 1359 434 ldutstiotiis
1382 370 1427 404 est
1455 370 1629 411 terminus,
1656 372 1689 404 ὃς
1713 374 1801 406 istius
1826 377 1995 411 volitionis
2016 376 2063 411 est

1196 420 1377 463 objectum:
1403 430 1482 464 ergo
1505 431 1572 454 vox
1593 420 1637 454 est
1652 421 1743 454 simul
1758 423 1982 465 suppositionis
1997 436 2064 461 tet·-

1197 471 1304 505 minus
1328 470 1360 503 &
1382 470 1544 513 objectum
1560 495 1568 503 .
1609 470 1768 514 Exempla
1791 472 1903 507 harum
1926 477 2064 520 supposi-

1197 520 1325 555 tionum
1345 521 1483 553 formare
1505 520 1601 554 facile
1623 521 1668 553 est
1682 533 1693 553 .·
1716 519 1798 554 verb.
1812 532 1859 565 gr.
1873 523 1906 556 in
1919 522 2063 570 hacpro-

1197 571 1354 613 positione
1376 595 1387 610 ‚
1415 576 1508 606 Homo
1532 570 1569 610 est
1586 572 1705 604 animal
1721 595 1732 610 ,
1753 581 1817 604 vox
1839 570 1920 604 homo
1940 576 1973 607 δε
1997 587 2063 609 vox

1196 621 1311 653 animal
1341 619 1543 664 accipiuntur
1576 621 1784 664 personaliter
1820 623 2060 666 communiter;

1170 681 1173 696 1
1197 670 1230 703 in
1254 669 1313 704 hac
1336 669 1413 703 vero
1431 694 1442 710 ,
1466 673 1575 703 Petrus
1596 670 1634 710 est
1655 670 1738 704 homo
1760 694 1772 711 ‚
1795 682 1858 704 vox
1882 674 1990 705 Petrus
2015 685 2063 707 ac·

1195 719 1314 763 cipitur
1335 720 1546 764 personaliter
1570 720 1794 765 singulariter,
1819 731 1886 755 vox
1897 721 1980 756 homo
1990 733 2060 767 per-

1197 770 1348 804 sonaliter
1369 770 1587 804 communiter
1600 795 1608 803 .

1245 830 1300 854 21.
1325 822 1396 853 Dico
1406 822 1510 853 tertio:
1538 820 1721 864 Suppositio
1732 821 1906 865 personalis
1918 833 2066 858 commu-

1197 870 1246 903 nis
1268 869 1302 903 &
1321 869 1491 914 singularis
1505 881 1572 904 non
1587 872 1661 904 sunt
1671 881 1814 906 extrema
1826 874 2062 917 repugnantia;

1196 919 1249 953 sed
1271 920 1394 954 excessa
1415 921 1448 954 ἀ
1471 920 1663 954 excedentia
1679 945 1687 953 .
1712 925 1801 955 Ratio
1821 923 1859 963 est
1872 936 1878 955 x
1907 922 1996 969 Quia
2008 923 2065 957 ali-

1195 981 1258 1011 qua
1278 969 1455 1012 suppositio
1479 971 1670 1004 communis
1692 972 1737 1005 est
1758 997 1768 1014 ,
1808 975 1842 1008 ὃς
1861 973 1969 1015 aliqua
1994 984 2064 1007 non

1194 1018 1239 1052 est
1260 1019 1450 1063 singularis.-
1475 1020 1510 1053 &
1530 1020 1549 1054 ὲ
1571 1031 1683 1055 contra
1696 1022 1803 1065 aliqua
1815 1023 1990 1066 suppositio
2002 1022 2063 1056 sm-

1194 1069 1315 1113 gularis
1337 1069 1382 1102 est
1397 1093 1407 1109 ,
1431 1070 1464 1101 ὅ(
1484 1070 1590 1113 aliqua
1601 1082 1669 1105 non
1682 1072 1727 1106 est
1739 1074 1944 1106 communis.
1973 1074 2063 1117 Ergo

1195 1117 1240 1151 hae
1261 1118 1329 1152 duae
1357 1119 1594 1161 suppositiones
1618 1133 1684 1154 non
1717 1123 1791 1156 sunt
1814 1133 2030 1167 repugnantes
2053 1134 2064 1161 ;

1196 1169 1246 1202 sed
1271 1171 1397 1202 exceslae
1423 1168 1678 1204 &excedentes.
1708 1173 1885 1205 Ante-cedens
1895 1172 2063 1213 probatur:

1759 1224 1865 1254 Petrus
1894 1222 1931 1261 est
1960 1223 2064 1261 homo,

1196 1267 1377 1311 suppositio
1403 1269 1493 1302 vocis
1519 1272 1626 1302 Petrus
1644 1270 1688 1303 est
1709 1271 1899 1315 singularis,
1926 1272 2064 1305 &nullo

1195 1317 1295 1353 modo
1317 1320 1522 1360 communis3
1552 1319 1599 1353 uti
1622 1319 1667 1353 est
1691 1321 1846 1355 omnibus
1860 1331 1998 1354 notum:
2028 1320 2064 1354 in

1196 1367 1255 1402 hac
1277 1366 1351 1402 vero
1373 1370 1594 1411 propositione
1620 1394 1631 1410 ‚
1658 1372 1738 1405 Deus
1761 1381 1861 1412 creat,
1889 1371 2064 1414 suppositio

1195 1419 1284 1453 vocis
1314 1421 1397 1452 Deus
1420 1419 1464 1453 est
1499 1421 1684 1454 communis
1707 1422 1740 1455 ὅ(
1758 1422 1851 1454 simul
1875 1421 2061 1465 singularis.

1196 1469 1285 1513 Ergo
1298 1469 1471 1512 suppositio
1483 1469 1649 1513 singularis
1663 1470 1858 1515 quandoque
1870 1471 1914 1504 est
1930 1495 1939 1509 ,
1966 1482 2066 1514 quan·

1193 1518 1300 1562 doque
1323 1530 1391 1552 non
1412 1520 1456 1553 est
1478 1520 1663 1554 communis
1677 1545 1684 1552 .
1712 1523 1848 1556 secunda
1868 1522 2065 1554 antecedentis

1189 1578 1263 1610 pars
1279 1567 1444 1609 probatur:
1471 1569 1562 1615 Qia
1582 1570 1756 1612 suppositio
1783 1570 1960 1612 personalis
1978 1581 2067 1603 com-

1194 1617 1300 1652 munis
1321 1618 1366 1651 est
1390 1618 1564 1661 suppositio
1587 1619 1678 1652 vocis
1713 1619 1898 1652 communis
1924 1630 1981 1661 pro
2004 1619 2068 1651 suis

1193 1667 1383 1712 significatis
1407 1668 1607 1702 secundariis
1635 1681 1648 1710 ;
1688 1669 1864 1712 suppofitio
1894 1668 2068 1712 personalis

1193 1718 1361 1762 singularis
1382 1718 1428 1751 est
1457 1718 1635 1762 suppositio
1652 1719 1740 1753 vocis
1754 1718 1924 1763 singularis
1935 1730 1992 1761 pro
2005 1719 2068 1751 suis

1193 1768 1378 1812 significatis
1398 1768 1598 1815 secundariis
1621 1780 1628 1799 :
1657 1769 1746 1811 atqui
1777 1769 1951 1811 suppositio
1976 1768 2068 1802 vocis

1195 1820 1277 1850 Deus
1299 1818 1333 1849 in
1356 1817 1483 1859 praefata
1505 1818 1564 1851 ista
1589 1821 1813 1862 propositione
1835 1817 1878 1850 est
1893 1817 2069 1860 suppositio

1194 1867 1282 1900 vocis
1303 1868 1490 1901 communis
1508 1892 1520 1908 ,
1545 1869 1639 1901 simul
1662 1870 1694 1902 ἃ
1722 1867 1892 1911 singularis
1920 1879 1977 1910 pro
2006 1868 2068 1900 suis

1192 1917 1379 1959 significatis
1408 1916 1603 1950 secundariis
1625 1930 1636 1948 .-
1673 1927 1747 1950 nam
1785 1928 1849 1951 vox
1873 1920 1954 1950 Deus
1974 1917 2068 1950 simul

1192 1964 1378 1997 communis
1398 1965 1612 2009 &singularis
1623 1965 1685 1999 est:
1714 1976 1750 2000 ut
1762 1966 1951 2009 dixisupra.
1979 1968 2068 2012 Ergo

1193 2013 1250 2046 ista
1272 2014 1451 2056 suppositio
1464 2015 1508 2048 est
1539 2015 1631 2049 simul
1662 2017 1849 2051 communis
1869 2018 1901 2050 ὃς
1930 2017 2067 2061 singula-

1192 2063 1233 2095 ris
1254 2087 1261 2094 .
1289 2066 1335 2094 Et
1355 2068 1438 2095 ratio
1459 2064 1641 2105 conclufionis
1663 2068 1684 2100 ἃ
1700 2071 1795 2107 priori
1815 2066 1853 2106 est
1877 2080 1883 2099 :
1911 2067 2001 2114 Qia
2025 2068 2070 2100 ita-

1193 2113 1223 2143 se
1246 2109 1342 2143 habet
1365 2111 1540 2154 suppositio
1551 2115 1738 2148 communis
1760 2116 1799 2148 ad
1814 2116 2067 2158 suppositionem

1191 2159 1386 2203 singularem
1408 2186 1418 2201 ‚
1445 2161 1523 2194 sicut
1550 2161 1581 2195 se
1605 2161 1701 2197 habet
1721 2174 1788 2197 vox
1814 2167 2000 2198 communis
2026 2166 2067 2199 ad

1192 2220 1304 2242 vocem
1328 2210 1543 2253 singularem:
1570 2212 1670 2253 quia,
1698 2225 1735 2247 ut
1759 2212 1823 2255 jam
1854 2214 1949 2255 dixi,
1974 2215 2071 2257 speei-

1191 2258 1325 2295 ficatio,
1349 2259 1603 2298 denominatio,
1628 2262 1663 2294 &
1687 2261 1850 2296 habitudo
1875 2263 1986 2298 harum
2000 2266 2073 2308 supi

1191 2306 1390 2349 positionum
1409 2308 1534 2341 desumi
1551 2308 1647 2342 debet
1674 2321 1715 2342 ex
1730 2311 1864 2343 vocibus
1876 2313 2047 2354 suppositis
2060 2339 2068 2347 .

1190 2355 1296 2398 Atqui
1320 2368 1384 2390 voit
1408 2358 1595 2391 communis
1614 2359 1651 2393 ὅτ.
1671 2369 1736 2391 vox
1761 2360 1929 2404 singularis
1944 2359 2067 2398 habent

1190 2407 1221 2439 se
1242 2405 1321 2439 sicut
1342 2406 1532 2441 excedentia
1553 2408 1586 2441 ὅ(
1607 2410 1754 2443 excessa:
1781 2420 1818 2443 ut
1839 2410 1931 2444 facile
1958 2422 2067 2454 patere

1188 2455 1292 2498 potest
1319 2467 1360 2490 ex
1384 2457 1455 2498 eis,
1481 2468 1550 2499 quae
1576 2458 1646 2492 dixi
1674 2458 1766 2502 supra
1791 2458 1832 2493 de
1860 2459 1910 2494 his
1934 2461 2066 2496 vocibus

1188 2516 1305 2588 ingens.
1344 2506 1434 2553 Ergo
1460 2509 1560 2542 etiam
1586 2506 1635 2542 has
1660 2509 1891 2552 suppositiones
1918 2511 1992 2546 sunt
2019 2522 2068 2547 τι·

1202 2563 1254 2589 'es-

1389 2655 1718 2692 DUBIUM
1777 2659 1839 2694 lv.

1269 2809 1315 2839 An
1337 2812 1369 2838 in
1392 2811 1645 2849 argumentatione
1665 2832 1676 2848 ,
1700 2808 1734 2841 &⁵
1751 2808 1974 2851 propositionum

1314 2855 1482 2900 oppositione
1507 2863 1621 2890 mutari
1645 2869 1704 2891 non
1723 2860 1804 2900 poffit
1822 2870 1919 2904 genus

1502 2905 1707 2950 suppofitionis
1719 2909 1737 2941 ,ἓ

1386 3004 1448 3040 Ihil
1472 3006 1599 3052 Logica
1622 3009 1844 3051 frequentius,
1871 3021 1907 3045 ac
1918 3011 2057 3060 familia·

1392 3058 1458 3091 rius
1474 3080 1482 3088 .
1508 3057 1608 3099 Hoc,
1635 3060 1768 3100 inquam
1781 3085 1791 3100 ,
1819 3061 1851 3093 in
1870 3061 1994 3105 Logica
2007 3063 2054 3096 ita

1178 3107 1310 3141 firmum
1335 3108 1368 3141 &
1394 3108 1536 3142 sanctum
1557 3109 1625 3149 est,
1653 3119 1688 3143 ut
1709 3109 1750 3143 de
1771 3108 1836 3144 hoc
1854 3110 2000 3146 dubitare
2011 3113 2056 3146 fa·
2097 3139 2099 3142 Α

1179 3167 1272 3191 tuum
1296 3167 1426 3200 putetur
1448 3181 1459 3197 ‚
1485 3157 1517 3190 δε
1538 3157 1672 3192 delirare
1692 3184 1699 3191 .
1730 3161 1819 3194 Ante
1839 3162 1952 3196 omnia
1974 3173 2053 3207 ergo

1178 3206 1309 3240 adverto
1333 3231 1343 3247 ,

1177 3258 1212 3289 in
1236 3257 1516 3300 argumentatione
1542 3278 1554 3296 ‚
1590 3259 1638 3291 vel
1673 3261 1930 3303 propositionum
1954 3273 2056 3306 oppo'·

1175 3306 1288 3339 sitione
1324 3331 1331 3338 .
1360 3307 1490 3355 Mutare
1524 3308 1634 3351 itaque
1665 3308 1863 3354 acceptionis
1895 3322 1998 3357 genus
2019 3312 2054 3346 in

1176 3356 1459 3399 argumentatione
1504 3356 1550 3390 est
1586 3359 1622 3392 in
1671 3361 1953 3404 argumentatione
1992 3362 2055 3395 ali-

1178 3415 1275 3450 quem
1310 3405 1487 3441 terminum
1524 3408 1623 3443 semel
1657 3410 1839 3455 supponere
1875 3412 2053 3448 materiali·

1380 3206 1458 3250 quid
1484 3207 1524 3240 sit
1558 3219 1681 3242 mutare
1704 3210 1928 3253 suppositionis
1950 3222 2052 3257 genus

1961 3471 2005 3494 tes
