2384 3770
389 107 485 165 318
988 103 1220 149 Car»

349 190 411 223 esse
422 189 534 222 vivens
554 187 741 221 sensitivum
755 201 765 220 .·
794 187 876 221 Haee
891 187 1011 231 quippe
1030 186 1075 221 est
1095 185 1224 221 ordina-

346 238 392 273 ria
415 237 566 270 animalis
577 237 747 271 definitio.
776 236 880 280 Atqui
903 238 966 271 esse
985 237 1165 272 sensitivum
1177 236 1221 270 est

349 286 412 321 effe
422 287 473 321 vel
487 287 627 321 visivum
642 312 653 328 ‚
680 288 730 322 vel
741 287 942 327 auditivurn,
970 287 1024 321 vel
1047 288 1218 325 ramirum,

348 335 399 370 vel
412 335 611 381 gustativum
626 361 636 378 ,
663 337 712 372 vel
735 337 942 371 alfanivum:
971 337 1019 370 uti
1046 348 1162 370 notum
1175 336 1219 370 est

344 387 540 429 cuicumque
563 387 671 430 polito
691 386 850 431 Phyfico.
880 385 969 430 Ergo
991 387 1053 420 esse
1074 387 1221 426 animal,

344 438 420 471 licet
438 448 505 470 non
518 438 554 470 fit
566 438 667 472 esse&
681 438 816 471 vifivum
830 461 841 476 ‚
853 436 885 469 &
901 435 1084 469 auditivum
1096 461 1107 477 ,
1118 438 1149 470 ἀ
1162 447 1219 481 gu·

344 488 572 527 stativum‚&c.
588 486 775 532 copulative
790 499 799 528 ;
821 486 862 520 est
874 495 984 519 tamen
1002 486 1066 519 effe
1077 487 1128 520 vel
1150 487 1218 520 vifi-

345 549 423 571 vum
437 562 447 579 ‚
459 538 509 571 vel
521 538 702 572 auditivum
716 563 725 576 ,
738 537 787 569 vel
801 535 1013 579 gustantium,
1022 536 1084 570 δατ.
1100 535 1216 570 difiun·

343 588 421 621 &im
434 597 490 622 aut
503 588 686 622 difiunuive
697 599 704 618 ε
717 587 862 626 adeoque
874 595 1010 629 quaerere
1022 609 1034 625 ,
1061 597 1102 619 an
1114 596 1216 620 ovum

349 638 532 672 saecundum
544 637 581 671 sit
594 647 703 670 verum
715 633 846 668 brutum
861 658 872 675 ,
886 645 1060 678 verumque
1071 635 1215 675 animal,

343 688 390 723 est
403 698 541 732 quaerere
551 710 562 726 ,
572 697 615 720 an
636 696 739 720 ovum
750 683 933 719 faecundum
948 685 985 718 sit
998 684 1048 718 vel
1061 685 1192 719 visivum
1205 708 1217 725 ‚

345 738 396 772 vel
409 736 591 771 auditivum
604 760 615 777 ,
627 737 678 771 vel
690 735 842 769 tastivum
855 758 865 774 ‚
888 736 974 769 &c.?
1000 734 1046 768 At
1061 734 1136 768 vero
1149 735 1216 769 haec

344 788 451 832 qualis
462 786 595 830 quaestio
606 786 650 819 est
663 788 676 819 ἓ
701 784 871 828 Respondeo
890 787 1028 829 negando
1049 787 1191 826 majorem
1204 795 1225 817 .-⁴

344 837 403 871 Est
426 837 559 881 quidem
583 835 639 870 illa
662 834 813 870 definitio
832 835 982 869 animalis
1002 837 1035 868 in
1051 835 1216 869 modernis

344 886 466 922 scholis
476 886 640 920 ordinaria
653 898 662 927 ;
689 884 742 919 sed
755 886 827 927 quis
838 886 895 920 seit
906 908 916 924 ,
937 897 976 918 an
990 887 1026 919 sit
1039 886 1186 930 legitima
1200 885 1217 917 ἒ

345 936 445 973 Certe
458 946 522 980 ego
537 935 674 969 dicoeffe
686 935 890 978 illegitimam
902 947 939 969 ac
951 936 968 970 ὲ
980 935 1102 969 scholis
1114 935 1214 969 elimi-

345 984 534 1021 minandam
555 1011 566 1026 ‚
603 998 640 1020 ac
662 985 916 1020 substituendam
937 985 988 1019 illi
1014 987 1077 1021 esse
1099 985 1184 1020 hanc
1207 998 1213 1016 :
1239 1004 1242 1008 -

346 1037 468 1070 Animal
488 1034 526 1075 est
546 1035 728 1078 compositum
753 1047 789 1068 ex
801 1042 927 1069 materia
943 1042 1045 1078 prima
1069 1038 1102 1070 Θ
1114 1042 1216 1069 anima

342 1082 483 1131 sensitiva
497 1110 504 1117 .
533 1086 606 1121 Sive
617 1111 628 1127 ‚
655 1086 676 1119 si
687 1085 880 1120 definitione
892 1086 1030 1130 Physica
1055 1098 1122 1121 non
1136 1098 1217 1119 con-

344 1146 454 1172 tentus
473 1135 736 1180 Metaphysicam
757 1136 932 1177 desideres,
962 1136 1068 1170 hanc:
1098 1136 1219 1169 Animal

347 1187 387 1228 est
397 1191 508 1221 vivens
518 1194 624 1232 petens
637 1185 867 1230 effesenfitivum
878 1211 885 1218 .
908 1185 1073 1220 Praevideo
1085 1184 1139 1219 hic
1150 1187 1215 1229 qui·

344 1237 420 1272 dem
435 1237 517 1271 mibi
539 1237 723 1271 oborituras
735 1236 1007 1271 contradiffiones
1018 1247 1054 1270 ac
1067 1236 1216 1269 fulmina·

343 1287 471 1329 tiones;
500 1287 612 1321 verum
632 1287 734 1321 labori
758 1288 899 1329 parcite:
926 1297 1002 1321 nam
1023 1310 1035 1327 ,
1060 1297 1095 1320 ut
1108 1285 1218 1321 vestris

343 1336 454 1377 verbis
467 1347 538 1371 utar
548 1361 559 1377 ,
584 1341 671 1370 Vana
692 1336 798 1379 estfine
810 1337 928 1371 viribus
944 1344 993 1369 ira
1007 1361 1014 1368 .

394 1399 427 1435 7.
445 1387 549 1433 Qod
564 1387 644 1431 ergo
655 1387 809 1421 definitio
831 1386 886 1420 ista
899 1388 936 1421 sit
954 1387 1130 1432 illegitima
1142 1411 1152 1428 ,
1177 1389 1216 1433 fic

338 1438 453 1480 probo:
481 1437 572 1483 Qia
586 1437 739 1471 definitio
761 1437 818 1470 isia
832 1448 899 1471 non
914 1436 959 1471 est
982 1449 1057 1471 cum
1071 1440 1128 1472 suo
1141 1440 1218 1475 defi-

345 1488 421 1522 nito
438 1486 678 1521 convertibilis:
706 1485 786 1532 ergo
797 1499 865 1521 non
888 1487 932 1522 est
948 1487 1115 1532 legitima.
1144 1493 1204 1523 Pro

348 1537 435 1570 batur
447 1539 637 1570 antecedens:
668 1537 756 1583 Qja
769 1537 921 1572 definitio
943 1538 987 1571 est
1001 1538 1114 1572 vivens
1125 1541 1216 1573 sensi-

344 1589 473 1628 tivum;
500 1586 673 1620 definitum
687 1586 764 1619 vero
782 1586 828 1620 est
843 1587 983 1620 animal:
1014 1587 1118 1629 Atqui
1138 1589 1216 1623 dan·

340 1646 399 1671 tur
410 1659 420 1675 ,
445 1635 498 1670 vel
511 1634 596 1669 certe
607 1635 675 1668 dari
689 1637 820 1678 possunt
835 1636 937 1669 multa
950 1637 1105 1670 animalia
1118 1662 1128 1677 ‚
1149 1650 1217 1680 quae

347 1696 459 1721 tamen
473 1695 541 1718 non
555 1685 614 1716 sint
626 1684 768 1719 viventia
786 1684 953 1718 sensitiva:
970 1686 1060 1730 Ergo
1075 1687 1131 1721 ista
1142 1688 1218 1722 defi·

340 1734 432 1771 nitio
467 1744 535 1767 non
555 1734 601 1767 est
619 1745 696 1768 cum
728 1735 785 1769 suo
805 1733 945 1768 definito
969 1737 1216 1772 convertibilis.

345 1783 498 1819 Probatur
509 1790 621 1817 minor:
649 1783 739 1831 Quia
751 1794 851 1819 omne
866 1786 1085 1829 compositum
1105 1798 1146 1821 ex
1161 1800 1216 1825 nu·

342 1835 386 1869 da
399 1835 534 1869 materia
559 1834 594 1868 δε
605 1834 751 1868 sensitiva
763 1836 873 1869 anima
883 1835 927 1867 est
942 1846 1052 1869 verum
1070 1838 1191 1871 animal
1205 1850 1213 1881 ;

344 1886 395 1920 uti
407 1885 478 1919 dixi
501 1882 608 1918 statim
631 1884 740 1928 supra.
769 1883 824 1917 Est
847 1884 938 1918 enim
950 1896 1063 1918 verum
1086 1889 1219 1926 vivens,

343 1946 525 1979 verumque
544 1944 659 1977 corpus
683 1935 883 1969 animatum:
914 1933 957 1968 Et
984 1945 1048 1967 non
1075 1937 1118 1969 est
1134 1936 1219 1979 plan·

343 1996 406 2028 τι,-
433 1983 500 2019 haec
511 1985 599 2019 enim
616 1995 682 2018 non
704 1984 809 2028 potest
830 1984 948 2018 habere
963 1985 1142 2020 sensitivam
1154 1987 1221 2020 ani-

340 2047 455 2071 mam:
488 2034 578 2078 Ergo
602 2035 647 2068 est
673 2046 783 2069 verum
808 2035 931 2070 animal
955 2059 962 2067 .
990 2035 1108 2077 Neque
1130 2037 1221 2070 dicas

345 2086 430 2120 talia
452 2085 631 2127 composita
654 2086 773 2119 nullibi
795 2086 887 2119 dari.-
916 2085 1050 2117 Etenim
1061 2097 1124 2129 ego
1137 2086 1220 2119 illud

346 2135 452 2170 modo
466 2147 532 2168 non
548 2144 676 2177 quaero;
706 2135 823 2167 dentur
834 2157 844 2170 ,
872 2143 939 2164 non
954 2133 1072 2165 dentur
1083 2157 1092 2173 ‚
1108 2134 1219 2175 parum

348 2187 447 2221 refert
463 2208 474 2223 ,
503 2185 633 2216 interim
655 2183 723 2216 dari
735 2194 789 2225 per
808 2183 918 2215 Deum
941 2182 1088 2223 possunt:
1120 2182 1221 2228 Qod

349 2234 483 2269 abunde
505 2232 549 2269 est
563 2232 604 2265 ad
618 2243 726 2265 meum
754 2231 971 2273 propositum.
999 2230 1224 2273 ltaqueomne

350 2284 569 2326 compositum
594 2292 635 2313 ex
649 2281 734 2313 nuda
755 2279 887 2314 materia
911 2280 1102 2313 &sensitiva
1116 2281 1224 2313 anima

351 2335 398 2368 est
412 2342 522 2366 verum
545 2330 690 2365 animal:
721 2330 824 2373 Atqui
838 2329 902 2362 tale
923 2331 1141 2372 compositum
1154 2342 1220 2364 non

351 2383 397 2419 est
414 2382 615 2415 senfitivum:
639 2392 706 2415 non
720 2380 809 2413 enim
823 2379 919 2412 habet
936 2390 1058 2423 organa
1070 2356 1240 2434 κείρων,

351 2433 403 2468 dis
415 2434 447 2467 ὅ(
461 2429 676 2465 sustentandis
703 2429 942 2463 sensationibus
956 2441 1029 2472 apta
1051 2432 1083 2465 δε
1097 2442 1241 2475 proponi

352 2483 500 2524 tionata;
528 2480 579 2521 uti
603 2478 671 2514 dixi
694 2480 799 2513 statim
823 2480 935 2522 supra.
965 2480 1054 2525 Ergo
1078 2481 1144 2514 dari
1158 2470 1242 2523 pos-i

353 2535 428 2568 sunt
442 2529 599 2566 animalia
613 2554 624 2569 ,
651 2541 719 2573 quae
739 2541 807 2563 non
821 2529 882 2562 sint
896 2529 1038 2564 viventia
1058 2531 1204 2565 sensitiva
1220 2517 1242 2582 ,ἲ

354 2581 542 2632 Qomodo
553 2579 633 2623 ergo
647 2580 803 2614 definitur
816 2580 938 2613 animal
959 2579 1021 2614 esse
1038 2582 1150 2615 vivens
1161 2582 1244 2644 sen-l

353 2632 516 2668 sitivum?
543 2628 640 2664 Certe
660 2642 771 2672 parum
793 2629 1053 2665 convertibiliter
1076 2656 1085 2671 ,
1113 2642 1242 2679 parum3

354 2681 517 2727 legitime.
550 2680 686 2714 Definio
703 2679 783 2724 ergo
805 2679 869 2713 hoc
881 2680 1003 2714 modo:
1032 2681 1167 2715 Animal
1182 2681 1242 2746 est!¹

354 2733 468 2766 vivens
494 2738 604 2774 petens
627 2732 689 2765 esse
706 2730 891 2764 sensitivum
914 2755 920 2762 .
951 2731 994 2764 Et
1017 2732 1107 2775 spero
1131 2731 1226 2770 sane,

355 2782 444 2826 quod
458 2792 526 2814 non
550 2780 634 2814 male
649 2806 656 2812 .

408 2829 438 2868 8.
453 2831 562 2865 Verum
581 2830 700 2875 urgebis
725 2841 789 2864 me.
818 2830 970 2875 Implicat
993 2831 1161 2865 informari
1178 2831 1226 2864 vel

354 2881 514 2925 componi
529 2892 568 2914 ex
580 2881 690 2915 anima
703 2880 851 2915 sensitiva
863 2906 874 2921 ,
901 2881 935 2915 δε
946 2892 1013 2915 non
1036 2883 1099 2916 esie
1111 2882 1228 2915 sensiti-

355 2943 457 2967 vum:
487 2930 588 2974 Atqui
609 2955 620 2971 ,
649 2940 686 2964 ut
709 2932 774 2965 iam
790 2930 913 2965 dietum
934 2931 979 2965 est
1000 2953 1011 2969 ,
1037 2942 1137 2965 omne
1157 2931 1228 2963 ani-

357 2982 425 3017 mal
437 2980 482 3016 est
498 2981 607 3024 vivens
617 2981 782 3022 quoddam
796 2992 837 3015 ex
858 2982 966 3015 anima
980 2981 1124 3014 sensitiva
1140 2991 1229 3014 com-

358 3033 500 3076 positum
518 3056 530 3073 ‚
570 3031 604 3066 &
626 3031 668 3064 ab
690 3031 798 3065 anima
822 3030 970 3066 sensitiva
996 3031 1228 3065 informatum:

359 3081 451 3128 Ergo
464 3092 564 3115 omne
573 3081 696 3115 animal
706 3082 751 3115 est
765 3082 877 3115 vivens
901 3080 1086 3114 senfitivum
1098 3094 1109 3114 .-
1138 3080 1229 3114 adeo·

361 3143 424 3174 que
437 3131 487 3165 vel
500 3132 632 3166 visivum
646 3155 657 3171 ‚
684 3132 734 3165 vel
757 3130 939 3165 auditivum
954 3154 964 3170 ,
992 3131 1042 3164 vel
1056 3130 1231 3170 taaivum',

362 3182 423 3214 &c.
439 3184 538 3224 Major
550 3181 714 3224 probatur:
745 3182 835 3228 Qia
850 3180 995 3224 implicat
1017 3179 1136 3215 habere
1147 3182 1233 3215 caus-

362 3231 431 3264 sam
452 3232 643 3273 formalem,
669 3232 704 3265 ὅ(
718 3243 786 3265 non
812 3230 928 3265 habere
947 3231 1097 3265 effeaum
1118 3230 1230 3265 forma-

365 3279 431 3314 lem
445 3304 453 3312 .
480 3281 523 3315 V.
537 3291 567 3326 g.
590 3281 736 3326 implicat
759 3279 875 3315 habere
896 3280 1081 3315 albedinem
1104 3291 1160 3315 aut
1187 3282 1231 3315 ni-

365 3327 532 3373 gredinem
544 3356 554 3370 ,
579 3332 614 3366 ὅτ
627 3343 696 3367 non
718 3332 780 3366 esse
800 3331 912 3365 album
927 3341 982 3365 aut
994 3332 1146 3376 nigrum:
1173 3330 1232 3366 Im-

367 3377 467 3421 plicat
487 3377 602 3414 habere
623 3383 767 3417 animam
788 3391 845 3416 aut
865 3382 965 3415 vitam
988 3403 998 3420 ,
1024 3383 1056 3415 δε
1079 3393 1149 3416 non
1171 3373 1254 3454 “sei

370 3427 552 3463 animatum
562 3438 617 3463 aut
631 3432 740 3466 vivum
751 3456 761 3472 ,
784 3432 847 3467 &c-
862 3430 966 3476 Atqui
979 3432 1107 3466 effectus
1118 3433 1230 3467 forma·
1242 3457 1250 3516 ἰ

1516 106 1585 151 11.

1283 186 1324 220 lis
1349 187 1463 223 anima
1490 190 1546 224 seu
1568 187 1643 224 vitm
1665 190 1816 225 senfitivae
1836 191 1882 226 est
1903 193 2017 228 vivens
2027 193 2145 228 sensiti-

1285 247 1360 271 vum
1371 252 1383 272 .-
1410 239 1497 288 Qis
1505 240 1594 274 enim
1607 241 1690 274 foret
1707 241 1788 274 alius
1804 241 1817 274 2
1839 240 1928 285 Ergo
1940 243 2084 287 implicat
2096 243 2150 278 ha-

1285 286 1358 322 bete
1382 290 1484 324 vitam
1501 290 1688 326 &animam
1709 291 1914 331 sensitivam,
1943 292 1977 326 dt
1997 305 2064 329 non
2085 294 2150 328 effe

1285 338 1491 373 sensitivum:
1520 341 1624 384 Atqui
1636 351 1736 375 omne
1747 339 1869 375 animal
1887 339 1984 376 habet
2003 344 2149 378 animam

1284 387 1467 422 sensitivam
1482 401 1490 421 ε
1517 390 1703 436 Qomodo
1712 390 1792 436 ergo
1803 402 1870 425 non
1882 392 1927 424 est
1942 391 2145 427 sensitivum?

1284 434 1454 480 Respondeo
1462 442 1600 483 negando
1612 443 1774 483 majorem:
1803 440 1935 476 Etenim
1959 442 2062 485 potest
2075 443 2147 483 quis

1285 486 1400 522 habere
1422 489 1566 523 animam
1586 490 1734 531 visivam,
1760 492 1915 525 &tamen
1933 502 2002 525 non
2017 492 2080 526 effe
2102 492 2151 525 vi-

1289 118 1315 147 U
1386 118 1412 148 T

1283 537 1378 570 sivus:
1402 539 1451 572 uti
1466 547 1552 582 patet
1565 540 1598 572 in
1609 539 1803 575 animalibus
1815 541 1906 576 caecis
1918 566 1925 574 .
1952 539 2062 575 Potest
2075 540 2148 585 quis

1282 585 1400 622 habere
1422 588 1566 623 animam
1587 590 1788 631 auditivam,
1813 592 1969 626 &tamen
1996 602 2064 626 non
2085 590 2148 624 esse

1281 636 1443 672 auditivus
1454 651 1466 672 .-
1492 638 1560 674 Uti
1570 650 1657 682 patet
1668 638 1701 673 in
1714 639 1906 675 animalibus
1928 641 2029 676 surdis
2042 665 2049 673 .
2078 640 2143 675 Po-

1281 686 1339 721 test
1361 689 1434 731 quis
1454 687 1573 723 habere
1590 691 1735 724 animam
1759 690 1936 724 volativam
1949 715 1960 731 ‚
1986 692 2018 724 δε
2035 700 2146 725 tamen

1284 748 1349 771 non
1361 737 1424 772 esse
1438 739 1602 776 volativus
1615 751 1622 772 :
1650 739 1697 774 uti
1711 750 1797 783 patet
1812 740 1846 773 in
1859 739 2067 784 implumibus
2078 738 2147 783 pul-

1283 788 1321 820 lis
1333 812 1340 818 .
1370 787 1412 821 Et
1421 788 1460 824 fic
1475 789 1517 823 de
1539 790 1612 824 aliis
1633 790 1778 834 pluribus
1791 815 1798 822 .
1827 789 1917 835 Ergo
1934 791 2077 824 similiter
2090 801 2147 833 po·

1280 836 1340 871 test
1362 839 1434 881 quis
1449 838 1567 874 habere
1589 840 1699 875 anima
1722 840 1904 875 sensitivam
1916 865 1926 881 ‚
1952 839 2039 874 &ab
2049 850 2085 872 ea
2098 840 2147 873 in-

1280 887 1436 930 formari,
1461 890 1495 924 &
1512 900 1620 924 tamen
1642 902 1710 924 non
1728 890 1791 926 esse
1811 891 1996 925 sensitivus.
2024 890 2145 924 Conse-

1280 940 1411 979 quentia
1423 940 1511 973 enim
1524 949 1613 974 tenet
1624 953 1641 975 a
1654 941 1722 984 pari
1735 965 1742 973 .
1766 941 1884 985 Neque
1894 941 1983 975 enim
1994 939 2146 983 assentior

1276 989 1446 1030 'paradoxo
1468 1000 1523 1032 per
1534 991 1730 1025 Fortunium
1743 990 1893 1024 Licetum
1909 991 2024 1025 asserto
2037 1014 2047 1029 ‚
2073 990 2093 1022 l.
2106 1001 2139 1028 2·

1280 1039 1316 1072 de
1323 1037 1421 1082 spont.
1432 1043 1553 1074 Vivent.
1566 1049 1643 1074 ortu.
1657 1051 1681 1074 c.
1694 1040 1807 1088 36.vel
1814 1048 1868 1088 37.
1884 1040 1959 1075 Ubi
1982 1038 2062 1073 dicit
2075 1040 2148 1073 ani-

1282 1100 1369 1123 mam
1392 1101 1459 1123 non
1481 1089 1658 1125 informare
1677 1089 1817 1134 amplius
1845 1090 1979 1123 oculum
2004 1100 2149 1132 caecum,

1282 1150 1336 1172 aut
1346 1150 1457 1174 aurem
1470 1140 1596 1175 surdam
1606 1165 1616 1181 ,
1642 1141 1704 1175 &c.
1717 1141 1876 1174 Informat
1886 1140 2026 1174 omnino
2039 1138 2150 1173 anima

1281 1188 1360 1223 talia
1373 1200 1497 1234 organa
1514 1190 1598 1224 male
1610 1191 1722 1225 affecta
1734 1214 1746 1230 ‚
1771 1190 1806 1224 δε
1818 1190 1980 1224 funffioni
1991 1189 2051 1224 suae
2061 1200 2152 1224 exer·

1282 1240 1392 1274 cendae
1402 1250 1457 1274 aut
1468 1241 1658 1284 recipiendae
1680 1252 1734 1285 per
1747 1239 1866 1275 malam
1877 1240 2078 1275 affeetionem
2090 1237 2154 1273 dis-

1282 1291 1544 1334 proportionata:
1573 1290 1734 1335 Adeoque
1743 1290 1885 1326 omnino
1898 1290 2016 1335 poterit
2023 1287 2149 1332 aliquid

1283 1342 1344 1374 effe
1357 1341 1397 1374 ab
1407 1342 1519 1376 anima
1543 1341 1637 1377 visiva
1651 1342 1866 1376 informatum
1877 1365 1888 1383 ,
1914 1341 1948 1376 δε
1958 1350 2066 1375 tamen
2079 1348 2150 1372 non

1282 1392 1345 1425 effe
1368 1390 1504 1425 visivum
1521 1417 1530 1425 .
2138 1404 2139 1407 ¹

1334 1451 1364 1488 9.
1393 1442 1441 1474 Ad
1459 1442 1580 1483 majoris
1596 1441 1800 1485 probationem
1818 1452 1887 1486 nego
1901 1446 2040 1475 minorem
2058 1451 2066 1472 ε
2093 1439 2152 1474 Et-

1283 1489 1372 1524 enim
1392 1491 1459 1524 sola
1482 1491 1549 1525 vita
1573 1493 1627 1526 seu
1648 1494 1759 1526 anima
1784 1492 1929 1527 sensitiva
1946 1498 2153 1534 nequaquam

1283 1540 1328 1574 est
1353 1541 1461 1574 forma
1493 1541 1614 1574 faciens
1640 1540 1815 1576 subiectum
1842 1543 1896 1575 seu
1917 1539 2152 1584 >compositum

1285 1591 1375 1623 suum
1387 1591 1448 1623 esse
1460 1590 1664 1623 sensitivum:
1694 1592 1740 1624 uti
1756 1602 1861 1633 neque
1878 1589 1944 1624 sola
1965 1590 2075 1624 anima
2086 1588 2156 1623 vifi-

1285 1651 1323 1672 va
1340 1662 1351 1678 ‚
1378 1649 1484 1682 neque
1499 1639 1564 1672 sola
1579 1640 1688 1673 anima
1704 1639 1846 1673 auditiva
1859 1663 1870 1680 ,
1897 1639 2076 1683 nequesola
2088 1638 2156 1672 ani-

1284 1699 1335 1722 ma
1347 1688 1462 1722 tastiva
1479 1713 1490 1729 ,
1507 1688 1552 1722 est
1565 1689 1669 1722 forma
1681 1689 1801 1723 faciens
1814 1688 1991 1723 subiestum
2001 1698 2057 1723 aut
2069 1698 2157 1722 com·

1284 1738 1422 1782 positum
1438 1739 1530 1773 suum
1543 1739 1606 1773 esse
1616 1739 1769 1779 visivum‚
1798 1749 1854 1773 aut
1865 1739 2048 1774 auditivurn
2062 1761 2074 1779 ,
2099 1745 2158 1772 aut

1284 1787 1438 1822 tastivum
1450 1812 1458 1820 .
1487 1788 1541 1822 Est
1556 1788 1687 1832 quidem
1700 1791 1809 1823 anima
1821 1790 1954 1822 istorum
1966 1787 2157 1822 formalium

1284 1839 1456 1873 effeetuurn
1468 1839 1571 1873 caussa
1583 1839 1732 1873 formalis
1755 1839 1954 1882 inadaequata
1978 1838 2031 1872 seu
2044 1837 2156 1880 pattia-

1285 1889 1347 1930 lis;
1373 1899 1476 1929 eaque
1490 1889 1632 1932 partialis
1653 1888 1858 1932 principalis:
1886 1896 2090 1930 nequaquam
2115 1896 2162 1920 ta·

1285 1948 1361 1971 men
1385 1938 1430 1971 est
1444 1948 1557 1972 eorum
1572 1939 1677 1972 caussa
1704 1937 1849 1971 formalis
1860 1937 2023 1977 adaequata
2046 1936 2100 1968 seu
2111 1944 2163 1969 to-

1288 1987 1363 2021 talis
1376 2011 1383 2019 .
1412 1990 1457 2020 Et
1470 1994 1547 2021 ratio
1560 1987 1597 2028 est
1608 1988 1690 2020 clara
1702 2001 1713 2021 .·
1742 1988 1832 2034 Quia
1846 2011 1858 2027 ,
1884 1996 1919 2020 ut
1930 1994 2161 2031 argumentum

1289 2037 1371 2071 bene
1390 2038 1521 2071 assumit
1545 2063 1555 2079 ,
1583 2036 1692 2072 habita
1715 2037 1882 2082 adaequata
1903 2036 2007 2070 caussa
2030 2033 2164 2070 formali

1290 2087 1437 2128 implicat
1459 2099 1526 2121 non
1541 2086 1659 2121 habere
1680 2088 1831 2122 effestum
1851 2086 2020 2120 formalem
2034 2099 2045 2120 .·
2070 2084 2163 2129 atqui

1289 2134 1390 2177 potest
1408 2136 1542 2178 aliquod
1558 2136 1734 2168 subiectum
1747 2159 1758 2174 ,
1783 2136 1984 2178 aliquodque
2006 2135 2164 2176 composi·

1287 2193 1357 2217 tum
1370 2182 1487 2217 habere
1498 2183 1640 2218 animam
1657 2184 1789 2217 visivam
1802 2208 1813 2222 ,
1841 2183 2040 2224 auditivam,
2065 2182 2162 2217 sensi-

1287 2233 1406 2272 tivam,
1433 2233 1541 2266 &c.&
1554 2242 1663 2265 tamen
1678 2242 1745 2265 non
1766 2232 1830 2265 esse
1859 2232 1991 2265 visivum
2005 2255 2018 2271 ‚
2043 2232 2164 2266 auditi·

1289 2292 1387 2321 vum,
1416 2291 1472 2315 aut
1485 2280 1693 2315 sensitivum:
1722 2280 1812 2326 Ergo
1832 2282 1900 2315 sola
1912 2282 2023 2316 anima
2040 2281 2165 2315 sensiti-

1288 2342 1350 2372 va,
1375 2331 1440 2366 sola
1458 2331 1570 2365 anima
1582 2331 1702 2370 viiiva,
1728 2341 1784 2366 aut
1798 2331 1864 2365 sola
1888 2330 1996 2365 anima
2017 2330 2163 2366 auditiva

1291 2392 1358 2415 non
1386 2381 1433 2415 est
1455 2380 1568 2416 totalis
1586 2381 1620 2416 &
1639 2380 1806 2425 adaequata
1831 2381 1976 2415 formalis
1996 2381 2102 2416 caussa
2120 2381 2164 2415 fa·

1289 2432 1379 2466 ciens
1400 2431 1434 2464 in
1457 2442 1575 2476 genere
1593 2432 1745 2467 formalis
1761 2433 1874 2466 caussae
1899 2430 2078 2466 subiectum
2105 2440 2165 2466 aut

1290 2481 1506 2525 compositum
1518 2483 1610 2515 suum
1623 2481 1687 2516 esse
1698 2481 1883 2516 sensitivam
1894 2503 1904 2518 ‚
1931 2481 2068 2514 visivum
2084 2505 2094 2522 ,
2106 2490 2165 2514 aut

1288 2531 1489 2566 auditivum.
1518 2531 1643 2565 Anima
1665 2530 1992 2575 quidemistiusmodi
2016 2530 2162 2563 formalis

1287 2582 1414 2616 effeetus
1433 2581 1479 2615 est
1503 2581 1607 2615 caussa
1628 2580 1772 2623 partialis
1793 2580 1828 2613 δε
1847 2579 2047 2622 iuadaequata
2069 2591 2080 2621 ;
2108 2590 2164 2613 ne-

1290 2641 1452 2676 quaquam
1473 2639 1582 2665 tarnen
1605 2630 1651 2665 est
1678 2629 1825 2664 formalis
1851 2628 1957 2663 caussa
1983 2628 2094 2663 totalis
2125 2629 2159 2674 dt

1289 2680 1454 2724 adaequata
1475 2702 1483 2712 .

1341 2741 1394 2767 10.
1413 2730 1592 2774 Adaequata
1606 2728 1686 2776 ergo
1698 2729 1843 2765 formalis
1864 2731 1968 2764 caussa
1979 2729 2101 2764 faciens
2112 2728 2164 2763 su·

1290 2780 1430 2815 bieaum
1454 2781 1507 2815 vel
1527 2781 1746 2823 compositum
1771 2781 1864 2813 suum
1877 2781 1939 2815 esse
1952 2780 2161 2820 sensitivam,

1288 2831 1334 2866 est
1348 2830 1457 2865 anima
1466 2830 1560 2864 simul
1572 2840 1648 2864 cum
1668 2831 1782 2864 formis
1795 2830 1983 2872 partialibus
1995 2829 2161 2874 organicis

1289 2884 1302 2925 (
1316 2882 1376 2915 sive
1390 2881 1520 2915 interim
1535 2879 1583 2914 hae
1596 2879 1656 2915 sint
1670 2880 1889 2915 substantiales
1900 2904 1911 2921 ,
1938 2880 2002 2914 sive
2013 2878 2162 2913 acciden-

1289 2932 1370 2966 tales
1380 2942 1395 2972 ;
1422 2931 1455 2964 id
1467 2930 1579 2975 parum
1592 2941 1692 2970 curo,
1718 2930 1794 2975 quia
1811 2928 1896 2963 nihil
1918 2929 2059 2964 omnino
2068 2928 2162 2963 refert

1289 2980 1329 3015 ad
1343 2982 1474 3025 praesens
1496 2981 1560 3014 hoc
1580 2991 1688 3014 meum
1711 2979 1908 3025 propositum
1921 2981 1934 3023 )
1945 2979 1985 3014 ad
2006 2979 2163 3012 sensatio-
2179 2986 2184 2991 ·

1290 3043 1345 3067 nes
1361 3029 1558 3075 recipiendas
1570 3041 1608 3064 ac
1622 3029 1844 3065 sustentandas
1859 3029 2055 3064 necessariis.
2068 3027 2164 3063 Simis

1291 3082 1364 3115 liter
1375 3081 1540 3124 adaequata
1553 3081 1701 3115 formalis
1725 3078 1830 3115 caussa
1842 3079 1964 3114 faciens
1986 3076 2163 3112 subiectum

1291 3134 1383 3166 suum
1405 3133 1468 3175 esse
1490 3132 1624 3165 visivum
1649 3155 1660 3172 ,
1685 3131 1839 3165 tastivum
1854 3154 1866 3170 ‚
1899 3127 1948 3162 vel
1977 3127 2161 3162 auditivum

1292 3193 1360 3216 non
1372 3181 1416 3214 est
1431 3180 1497 3215 sola
1508 3181 1617 3216 anima
1629 3205 1640 3221 ,
1665 3181 1718 3215 sed
1730 3180 1839 3215 anima
1852 3179 1944 3212 simul
1960 3188 2035 3212 cum
2047 3178 2162 3212 formis

1292 3231 1456 3276 organicis
1469 3229 1509 3265 ad
1520 3231 1678 3265 visionem
1691 3256 1701 3271 ,
1727 3229 1902 3265 tastionem
1913 3252 1925 3269 ,
1954 3237 2010 3262 aut
2022 3225 2162 3262 auditio-

1294 3291 1370 3316 nem
1384 3281 1604 3325 recipiendam
1620 3293 1658 3315 ac
1681 3279 1907 3323 hospitandam
1927 3279 2011 3321 aptis
2031 3289 2069 3311 ac
2092 3289 2163 3321 pro-

1295 3332 1492 3376 portionatis
1505 3357 1513 3363 .
1537 3330 1581 3365 Et
1591 3330 1671 3365 hinc
1684 3330 1900 3373 compositum
1913 3339 1954 3362 ex
1967 3327 2052 3361 nuda
2064 3337 2162 3361 mate·

1295 3383 1341 3416 ria
1354 3382 1387 3416 δε
1402 3381 1549 3415 sensitiva
1562 3380 1670 3416 anima
1680 3404 1692 3421 ,
1711 3379 1787 3413 licet
1800 3378 1917 3414 habeat
1934 3378 2079 3412 animam
2093 3377 2164 3410 sen·

1295 3431 1424 3469 sitivam
1433 3427 1657 3468 sensationum
1667 3429 1844 3468 effectivam
1854 3455 1864 3473 ,
1888 3427 1964 3475 quia
1975 3438 2083 3513 tarffig
2093 3437 2163 3461 non

2084 3484 2115 3510 et
