2384 3770
804 102 1474 154 Dareus-tonis.

207 197 308 225 tamen
329 189 463 234 neganda
482 193 624 224 minorem
646 185 796 231 utriusque
812 185 965 231 syllogismi
980 199 991 220 .·
1018 186 1085 220 Fa·

207 251 280 277 teoi¹
291 242 425 286 quidem
439 241 546 286 *semen
558 264 569 280 ,
596 238 750 284 quamdiu
762 237 796 271 in
806 236 940 276 testibus
951 245 1008 271 aut
1020 246 1085 270 ma-

208 291 361 332 triceest,
388 291 471 325 bene
489 290 655 329 calidum,
681 286 762 322 bene
781 286 927 320 clausum
952 310 963 326 ,
990 283 1085 320 bene·

206 351 270 384 que
282 342 322 375 ab
334 342 443 376 anima
456 334 617 382 aituatum
626 363 636 378 ,
651 339 717 372 effe
726 335 854 380 egregie
867 335 1085 378 spirituosum,

206 401 246 424 ac
258 391 405 435 plurimis
415 391 449 425 in
461 393 492 425 se
502 386 668 425 bontentis
689 385 853 428 spiritibus
864 383 1008 428 undique
1022 397 1084 429 pet·

206 444 319 482 vasum
332 453 370 476 ac
383 440 540 485 repletum
552 451 568 481 ,·
593 436 801 478 Adeoque&
822 446 923 469 ovum
934 459 945 475 ‚
973 446 1084 477 quam-

205 491 264 526 diu
277 493 310 525 in
322 502 417 528 utero
437 490 568 535 gallina
587 486 657 527 est,
685 486 748 520 effe
770 485 910 520 omnino
930 485 1084 528 spirituo·

205 542 278 576 sum
290 566 300 582 ,
312 553 348 576 ac
361 541 378 574 a
389 539 534 584 plurimis
544 535 707 580 spiritibus
718 536 881 579 pervasum
892 559 900 567 .
923 535 985 571 Sed
999 547 1083 580 nego

205 593 336 636 spiritus
347 591 421 626 illos
439 589 502 623 else
522 598 588 622 ovo
610 597 668 621 aut
687 585 801 621 semini
822 585 1048 622 intrinsecatos
1074 597 1082 617 :

205 641 309 686 Nego
321 641 395 674 illos
404 637 565 673 contineri
578 637 612 671 in
626 637 750 671 semine
770 641 935 679 tamquam
959 644 1082 678 partem

204 690 405 726 essentialem
416 696 471 722 aut
484 687 676 732 integralem
689 687 724 719 in
735 687 792 720 fiio
803 695 876 721 toto
890 698 897 718 :
926 685 1026 732 Nego
1038 686 1082 719 il·

203 740 327 775 loseffe
344 738 387 773 de
406 737 559 776 essentia,
588 747 644 771 aut
666 736 823 771 essentiali
845 734 1083 769 constitutione

203 789 357 828 seminis.
385 789 518 823 Etenim
536 811 547 827 ‚
586 787 681 830 juxta
703 795 912 828 communem
934 785 1082 820 Medico-

201 850 276 875 rum
287 838 468 874 doctrinam
479 862 490 878 ,
502 837 629 881 spiritus
641 836 690 870 illi
707 836 781 869 sunt
792 834 1010 871 influentes&
1030 835 1083 871 ad-

201 890 352 930 ventitii,
380 887 589 926 venientes&
608 885 812 926 recedentes;
839 886 953 919 &non
976 885 1082 928 ingre·

157 948 162 953 ·
202 937 538 976 dienteseslentialem
558 935 831 979 compositionem
852 934 964 977 chyli‚
991 934 1082 967 semi-

203 990 273 1030 nis,
299 986 693 1034 sanguinis,aliorumque
708 987 896 1020 humorum.
923 985 1080 1020 Attamen

202 1039 283 1074 tales
294 1040 421 1082 spiritus
431 1046 633 1080 nequaquam
648 1038 720 1070 sunt
733 1035 766 1068 in
780 1035 903 1069 semine
913 1035 998 1072 foras
1010 1034 1081 1067 mis·

203 1090 241 1124 so
259 1088 292 1121 &
306 1089 515 1134 refrigerato:
545 1086 679 1121 Etenim
693 1086 842 1129 spiritus,
867 1084 922 1120 ubi
935 1085 1043 1124 semen
1063 1084 1081 1117 a

202 1138 306 1173 debiti
320 1138 397 1173 vasis
408 1135 554 1172 custodia
567 1137 601 1171 &
612 1136 758 1171 clausura
770 1135 924 1178 spoliatur
936 1159 947 1175 ‚
973 1133 1082 1167 statim

158 1230 161 1232 μ
202 1189 538 1232 exit&evaporatur,
562 1186 781 1231 relinquitque
793 1186 899 1222 semen
915 1184 1082 1228 frigidum,

200 1239 295 1276 omni
306 1238 416 1273 calore
427 1238 627 1279 denudatum
641 1249 648 1268 :
679 1236 754 1271 Ubi
765 1245 874 1270 autern
887 1246 954 1270 non
976 1234 1021 1267 est
1032 1245 1080 1267 ca·

202 1289 252 1322 lor
266 1310 277 1328 ‚
298 1288 469 1332 quomodo
482 1288 541 1321 erit
556 1286 705 1330 spiritus?
727 1285 831 1330 Atqui
841 1296 905 1322 ,ova
919 1286 991 1317 sunt
1002 1294 1082 1328 quae·

200 1337 396 1372 damavium
409 1336 554 1372 semina.-
580 1338 683 1375 Sunt‚
710 1334 1079 1378 inquam,seminanon

200 1387 332 1422 tantum
344 1389 433 1423 nuda
455 1389 487 1422 &
512 1387 693 1430 fimplicia;
721 1386 773 1420 sed
799 1386 864 1428 jam
883 1384 1042 1428 permixta
1070 1406 1082 1423 ,

200 1440 326 1473 astuata
337 1462 350 1479 ,
374 1439 587 1477 fermentata,
612 1448 650 1471 ac
663 1436 852 1484 recipiendae
862 1431 1081 1478 organizatio·

200 1488 345 1530 niquam
355 1489 482 1532 optime
494 1497 687 1529 temperata.
716 1485 875 1521 Attamen
894 1486 969 1516 sunt
989 1482 1080 1516 semi-

199 1548 242 1570 na
252 1538 339 1572 foras
349 1539 462 1576 mirra,
487 1536 544 1569 &a
557 1535 679 1577 frigido
690 1544 761 1566 aere
771 1532 834 1574 jam
844 1531 971 1569 dudum
994 1532 1079 1567 refri-

198 1597 331 1632 gerata.
359 1586 450 1631 Ergo
465 1586 537 1619 sunt
548 1585 647 1618 etiam
669 1582 708 1616 ab
720 1583 814 1618 omni
834 1582 950 1625 spiritu
969 1582 1081 1625 spolia-

199 1647 254 1671 ta:
282 1636 445 1680 Adeoque
455 1645 567 1669 eorum
581 1634 802 1668 conformatio
819 1632 852 1665 ὅ(
875 1631 1080 1674 organizatio

199 1696 408 1731 nequaquam
428 1684 527 1719 tribui
547 1684 650 1727 potest
674 1680 824 1716 insidenti
848 1681 898 1715 illi
918 1681 1044 1724 spiritui
1066 1693 1073 1714 :

199 1737 325 1772 Nullus
336 1736 425 1771 enim
437 1736 502 1769 illis
518 1733 634 1768 insidet
648 1758 655 1766 .

216 1807 220 1810 -
253 1785 284 1823 8.
312 1784 590 1829 instabtssecundo:
618 1784 753 1822 Ovum,
780 1781 860 1816 dum
872 1780 1077 1818 adhucintra

199 1837 329 1881 gallinae
337 1846 452 1878 corpus
464 1845 529 1868 erat
542 1834 624 1868 bene
635 1833 778 1867 calidum
791 1857 801 1872 ,
826 1831 909 1868 bene
920 1831 1079 1870 clausum,

200 1887 349 1930 beneque
369 1887 556 1926 astantum,
591 1894 659 1918 erat
683 1883 811 1927 egregie
834 1881 1040 1924 spirituosum
1070 1904 1080 1919 ,

201 1935 411 1979 plurimisque
423 1945 476 1976 per
487 1932 600 1968 omnia
611 1933 776 1975 spiritibus
797 1933 958 1974 perfusum
980 1930 1012 1970 ,ὅς
1036 1941 1078 1962 re-

202 1986 351 2029 pletum:
380 1984 445 2019 Uti
458 1984 522 2027 jam
537 1983 580 2016 est
592 1983 710 2018 distum
730 2006 736 2013 .
764 1980 853 2024 Ergo
875 1979 1079 2019 omnesistos

199 2035 329 2078 spiritus
339 2033 516 2069 etiamnum
529 2033 648 2073 habet,
674 2032 755 2066 dum
776 2032 820 2065 est
843 2031 927 2067 foras
950 2028 1078 2065 missum

201 2085 469 2128 &refrigeratum
481 2108 488 2116 .
517 2084 663 2116 Probatur
673 2080 891 2125 consequentia:
918 2080 1008 2127 Qia
1020 2079 1074 2122 spi·

199 2134 281 2167 ritus
294 2134 343 2166 illi
368 2144 436 2167 non
458 2133 589 2176 possunt
613 2130 906 2173 percorticemovi
931 2129 1014 2162 bene
1026 2128 1077 2160 fir-

197 2193 288 2217 mum
300 2207 311 2223 ,
338 2182 487 2226 beneque
496 2180 642 2215 clausum
652 2178 806 2221 exspirari
819 2178 852 2212 &
866 2177 950 2212 foras
964 2177 1072 2214 avola-

197 2244 251 2266 re:
281 2231 428 2278 Ergoibi
443 2241 598 2273 perpetuo
615 2238 771 2262 manent.
797 2227 917 2268 Neque
937 2237 1074 2264 recurra-

198 2293 251 2316 tur
274 2279 328 2314 hic
353 2281 393 2314 ad
416 2278 546 2313 corticis
571 2287 669 2321 poros
684 2290 695 2310 .·
722 2276 811 2310 Nam
840 2275 983 2312 illicerte
998 2275 1079 2307 tanti

197 2333 262 2366 effe
287 2341 356 2364 non
379 2330 510 2373 possunt
531 2353 541 2368 ,
567 2337 603 2361 ut
614 2326 735 2370 spiritui
758 2325 884 2358 exitum
921 2324 1075 2367 quaerenti

197 2382 275 2415 dare
297 2380 434 2424 poffint.
462 2376 629 2420 Responderi
652 2375 784 2420 negando
794 2373 902 2416 conseq.
926 2372 1076 2416 utriusque

197 2430 439 2470 enthymematis.-
466 2428 584 2472 Neque
607 2426 698 2460 enim
721 2426 848 2469 spiritus
869 2423 917 2458 illi
936 2423 978 2457 ab
1008 2435 1074 2457 ovo

197 2482 421 2524 exspirantut,
448 2489 552 2522 neque
564 2489 617 2521 per
627 2476 684 2510 ovi
709 2486 805 2519 poros
823 2483 1038 2518 evaporantur
1065 2496 1071 2504 .

197 2530 332 2566 sienim
343 2538 615 2572 evaporarentur,
640 2528 703 2560 Gne
715 2525 819 2560 dubio
831 2526 848 2560 a
872 2522 966 2560 nobis
987 2522 1074 2557 vide-

197 2592 329 2622 rentur3
356 2589 392 2613 ut
414 2579 454 2613 fit
475 2577 553 2612 dum
565 2586 782 2619 evaporantut
804 2586 893 2614 ore‚‚
907 2572 1037 2608 naribus
1063 2597 1073 2611 ,

197 2641 253 2665 aut
265 2628 440 2663 aliosimili
458 2627 603 2669 corporis
615 2626 726 2661 hiatu:
756 2624 891 2669 Spiritus
902 2623 991 2661 enim
1005 2634 1071 2656 non

197 2682 270 2713 sunt
283 2677 459 2721 invisibiles
472 2701 480 2709 .
508 2675 567 2709 Ast
578 2674 646 2717 quo
656 2674 733 2718 ergo
744 2675 773 2707 se
787 2675 947 2717 recipiunt
959 2673 1069 2707 ?1ntra

196 2729 252 2764 ovi
264 2726 439 2771 refrigerati
451 2725 605 2760 corticem
617 2734 870 2766 corrumpuntur
885 2747 894 2763 ,
923 2733 1053 2765 pereunt
1064 2745 1074 2761 ,

196 2778 461 2814 acintercidunt.
490 2775 590 2818 ldque
600 2773 641 2809 ad
654 2773 803 2809 eumfere
825 2773 979 2811 modurn,
1005 2783 1071 2814 quo

196 2830 231 2863 in
243 2829 308 2862 olla
321 2827 404 2861 bene
414 2826 541 2860 occlusa
553 2824 647 2868 aquei
661 2834 792 2867 vapores
801 2822 833 2857 ὃ(
845 2822 976 2858 fumiex
987 2821 1071 2855 ebul-

194 2879 288 2913 lienti
312 2889 395 2921 aqua
408 2888 460 2919 per
481 2876 547 2909 vim
570 2873 723 2918 suppositi
744 2872 830 2917 ignis
846 2872 1000 2910 extracti,
1039 2872 1072 2905 ἀ

195 2929 328 2963 cauffati
339 2953 349 2967 ,
379 2926 419 2961 ad
430 2926 632 2960 amotionem
647 2924 732 2968 ignis
743 2925 853 2966 suapte
866 2932 977 2956 natura
988 2922 1071 2955 intra

194 2978 295 3012 ollam
308 2987 440 3021 pereunt
452 2988 488 3010 ac
500 2974 699 3009 intercidunt
709 2998 719 3013 ‚
746 2973 780 3007 &
790 2972 830 3008 ad
842 2972 984 3006 nativam
997 2971 1072 3004 den-

194 3030 320 3062 [itatem
333 3051 343 3067 ,
370 3027 606 3075 &gravitatem
628 3035 717 3068 aquae
737 3024 871 3059 redeunt
887 3047 895 3055 .
924 3021 972 3054 Ita
992 3031 1074 3062 quo-

196 3089 258 3121 que
271 3078 397 3120 spiritus
410 3078 443 3110 in
455 3088 520 3110 ovo
533 3100 544 3115 ‚
569 3075 647 3109 dum
660 3083 760 3107 ovum
771 3072 950 3117 infrigescit
962 3095 972 3110 ,
999 3082 1067 3105 cor-

196 3137 390 3170 rumpuntur
401 3127 433 3161 &
446 3135 576 3170 pereunt
588 3149 597 3164 ,
619 3125 700 3157 acin
716 3122 857 3156 nativam
869 3121 1074 3160 densitatem,

197 3190 234 3211 ac
244 3176 435 3221 gravitatem
447 3176 548 3211 vitelli
571 3175 620 3208 vel
646 3173 843 3211 albuminis‚
869 3170 958 3212 quod
979 3171 1069 3204 undi-

196 3239 261 3270 que
286 3223 500 3268 pervadebant
521 3238 559 3260 ac
582 3224 782 3268 opplebant,
807 3222 975 3259 transeunt
991 3246 998 3252 .
1026 3220 1072 3254 ld-

197 3288 260 3321 que
271 3276 340 3319 jure
352 3275 485 3308 merito:
513 3268 606 3311 Nam'
615 3274 740 3317 spiritus
752 3271 800 3307 illi
812 3273 885 3305 sunt
898 3270 1073 3306 substantia

196 3326 341 3370 quaedam
353 3324 481 3369 egregie
490 3322 787 3368 calefactastgregie
797 3330 970 3356 extenuata
981 3332 1019 3355 ac
1029 3332 1075 3356 ra-

197 3377 311 3413 tefasta
322 3399 331 3415 ,
346 3376 394 3408 uti
407 3376 480 3408 sunt
493 3385 624 3417 vapores
635 3376 667 3408 ὃς
681 3374 763 3407 fumi
777 3374 808 3405 in
821 3370 1071 3415 bullientiaqua.

249 3436 280 3474 9.
309 3425 454 3462 Instabilis
475 3426 561 3458 tertii»
579 3437 590 3456 :
618 3423 707 3468 Ergo
721 3423 848 3464 spiritus
869 3421 916 3456 illi
940 3431 995 3465 per
1018 3421 1074 3463 ovi

299 3473 403 3514 Christ.
426 3474 504 3516 Lupi
515 3478 612 3516 Opera
623 3476 702 3511 Tam.
714 3475 784 3509 ΧΠ.
945 3467 948 3471 ’

1888 120 1979 166 333

1145 186 1423 231 refrigerationem
1434 184 1554 223 mortui
1566 210 1579 228 ,
1603 186 1683 222 dum
1695 198 1796 224 ovum
1807 186 1826 222 a
1837 188 1963 235 gallina
1974 191 2021 226 in-

1145 236 1255 272 cubari
1275 237 1310 271 &
1330 237 1439 271 calore
1460 236 1551 270 vitali
1571 238 1672 272 rursus
1696 238 1835 274 calefieri
1862 240 1979 284 incipit
2005 264 2018 281 ‚

1146 286 1262 323 iterum
1272 287 1471 324 reviviscunt
1482 286 1515 320 &
1525 287 1753 323 resuscitantur
1765 303 1776 322 .·
1805 289 1964 335 Adeoque
1977 290 2019 325 ab

1144 336 1267 380 hisjam
1279 335 1677 377 resuscitatis&redivivis
1698 338 1801 381 potest
1813 339 1960 374 inchoari
1984 340 2019 375 δε

1144 384 1628 430 consummatiorganizationis
1649 397 1745 429 opus:
1773 387 1935 433 Adeoque
1949 401 2017 425 non

1143 436 1281 480 estopus
1296 437 1329 470 in
1351 448 1417 470 ovo
1430 436 1552 480 fingere
1573 435 1812 472 delitescentem
1838 441 1983 475 animam
2010 464 2018 472 .

1144 488 1268 529 sequela
1279 489 1349 526 vera
1358 486 1522 528 probatur:
1548 485 1663 533 Qia,
1689 494 1726 518 ut
1746 486 1825 525 dicit
1848 489 1930 532 Juris
1953 490 2020 524 Re-

1144 538 1243 581 gula,
1271 547 1324 580 per
1334 534 1460 571 easdem
1473 537 1592 574 cauflas
1604 546 1651 569 res
1674 536 1835 577 moritur,
1862 549 1917 581 per
1940 550 2020 583 quas

1145 588 1284 623 nascitur
1296 612 1303 621 .
1329 587 1476 629 adeoque
1487 586 1586 628 etiam
1598 596 1653 630 per
1664 586 1791 621 easdem
1801 589 1920 622 caussas
1932 599 2021 623 rena-

1144 637 1258 677 scitur,
1287 647 1341 680 per
1361 635 1621 678 quas—moritur.
1649 634 1752 680 Atqui
1775 634 1898 680 gallina
1921 647 2021 678 ovum

1144 695 1273 730 portans
1290 685 1392 729 potest
1413 685 1560 728 spiritum
1586 686 1621 720 iu
1644 696 1712 719 ovo
1734 686 1900 731 suscitare:
1929 686 2020 731 Ergo

1142 737 1265 780 gallina
1276 747 1344 770 ovo
1354 735 1515 775 incubans
1523 735 1626 779 potest
1642 735 1736 771 illurn
1756 746 1798 769 ex
1810 735 2022 781 refrigeratio-

1143 797 1183 820 ne
1192 786 1257 829 jam
1269 795 1436 823 mortuum
1460 786 1661 820 resuscitare.
1691 783 1858 828 Responderi
1885 786 2022 829 negando

1137 834 1301 879 sequelam:
1330 835 1419 874 Nam
1431 834 1506 880 licet
1519 846 1559 869 ex
1571 835 1681 879 spiritu
1694 835 1776 870 reae
1798 835 1953 869 inferatur
1975 848 2025 870 ca·

1142 887 1295 926 lox-,non
1305 895 1415 924 tamen
1436 896 1477 923 ex
1499 885 1607 919 calore
1626 886 1706 919 reste
1718 886 1851 929 infertur
1863 885 1991 928 spiritus
2016 909 2024 919 .

1142 934 1252 971 Potest
1274 935 1363 969 enim
1385 936 1458 979 quis
1479 934 1597 974 humor
1622 934 1739 970 habere
1763 936 1927 976 calorem,
1954 946 2023 970 non

1141 996 1250 1022 tamen
1271 984 1388 1021 habere
1408 985 1576 1028 spiritum:
1616 985 1681 1020 Uti
1707 995 1794 1030 patet
1820 987 1854 1018 in
1875 984 1989 1028 hepate
2012 1008 2024 1028 ,

1142 1036 1196 1071 cui
1210 1035 1336 1071 nobiles
1350 1035 1474 1074 Medici
1487 1036 1628 1076 calorem
1643 1036 1721 1069 dant
1735 1059 1745 1075 ‚
1772 1036 1919 1078 spiritum
1949 1033 2024 1069 vero

1142 1086 1282 1123 omnino
1296 1093 1419 1129 negant
1433 1107 1441 1116 .
1468 1083 1803 1135 Similiterergoeva,
1829 1096 1898 1126 quae
1919 1085 2022 1119 exin-

1142 1135 1316 1171 cubatione
1326 1134 1454 1179 gallinae
1467 1135 1621 1177 tepent&
1634 1136 1741 1173 calent
1753 1160 1762 1175 ,
1789 1135 1935 1171 calorem
1953 1134 2028 1177 qui-

1143 1186 1217 1219 dem
1228 1185 1349 1220 habent
1366 1208 1378 1225 ‚
1404 1184 1513 1226 verum
1536 1186 1800 1227 spiritucarent.
1828 1185 1910 1218 Non
1935 1184 2025 1225 enim

1143 1235 1246 1279 potest
1258 1235 1383 1280 gallina
1398 1234 1557 1276 incubans
1569 1233 1663 1269 illum
1678 1244 1864 1279 regenerare
1873 1243 1929 1268 aut
1942 1234 2026 1274 resu-

1144 1286 1253 1320 scitare
1268 1309 1275 1317 .
1301 1288 1347 1320 Et
1358 1290 1435 1317 ratio
1445 1284 1483 1324 est
1494 1286 1595 1323 clara:
1627 1283 1718 1332 Qia
1738 1294 1840 1318 ovum
1864 1293 1919 1328 per
1939 1284 2026 1325 incu-

1142 1334 1310 1373 bationem
1325 1336 1431 1374 fotum
1454 1345 1560 1378 neque
1574 1332 1618 1368 est
1642 1334 1772 1378 spiritus
1785 1333 1936 1374 officina,
1965 1344 2027 1369 ue->

1142 1396 1205 1430 que
1216 1386 1342 1428 spiritus
1362 1384 1605 1428 receptaculum
1617 1397 1628 1418 .·
1655 1384 1747 1429 Ergo
1769 1394 1871 1425 ovum
1884 1394 1954 1419 non
1968 1384 2028 1426 po·v

1142 1437 1200 1471 test
1212 1437 1230 1470 a
1242 1436 1365 1480 gallina
1390 1434 1568 1473 incubante
1587 1433 1734 1478 accipere
1749 1434 1915 1478 spiritum.
1946 1437 2025 1479 Con<

1138 1485 1294 1529 sequentia
1305 1484 1343 1525 est
1355 1494 1425 1524 nota
1434 1497 1449 1527 ,·
1475 1485 1648 1524 antecedens
1660 1494 1727 1528 ergo
1736 1484 1882 1526 probatur
1897 1507 1906 1516 .
1932 1484 2026 1530 Qia

1141 1538 1275 1572 officina
1287 1535 1415 1579 spiritus
1441 1535 1488 1571 est
1514 1546 1570 1571 cor
1588 1534 1740 1570 animalis
1764 1535 1911 1578 spiritum
1931 1532 2029 1567 fabri-

1141 1587 1263 1627 cantis3
1290 1584 1490 1626 receptacula
1517 1583 1596 1615 vero
1622 1584 1754 1625 spiritus
1779 1585 1853 1617 suut
1872 1582 2027 1621 animalis

1142 1634 1310 1673 membra,
1339 1633 1452 1670 nervi,
1478 1631 1643 1671 musculi,
1670 1641 1780 1671 venae,
1806 1631 1867 1665 &c-
1886 1641 1955 1674 qua:
1969 1631 2031 1672 spie

1142 1686 1206 1718 ritu
1219 1691 1355 1717 utuntur
1367 1690 1525 1725 tanquam
1547 1681 1708 1715 alimento
1721 1681 1755 1713 ἀ
1766 1681 1935 1714 actionum
1954 1681 2029 1716 sua*

1141 1746 1212 1769 rum
1224 1733 1442 1771 instrumento
1454 1743 1466 1772 ς
1493 1730 1599 1774 Atqui
1611 1740 1711 1771 ovum
1724 1739 1827 1772 neque
1838 1729 1883 1764 est
1895 1728 2027 1775 gallinae

1141 1783 1326 1822 incubantis
1337 1793 1413 1821 cor,
1439 1791 1544 1824 neque
1556 1779 1737 1814 membrum
1751 1803 1762 1819 ,
1774 1790 1878 1823 neque
1896 1780 2028 1820 muscu-

1141 1834 1210 1873 lus,
1238 1843 1343 1874 neque
1364 1841 1499 1864 nervus:
1527 1829 1609 1863 Non
1621 1830 1709 1863 enim
1721 1828 1766 1864 est
1779 1840 1849 1874 pars
1872 1829 2003 1874 gallinae
2019 1854 2027 1862 .

1146 1881 1232 1926 Ergo
1244 1891 1347 1924 neque
1370 1879 1415 1914 est
1439 1879 1566 1922 spiritus
1585 1879 1718 1913 officina
1732 1904 1742 1920 ‚
1770 1890 1875 1924 neque
1898 1879 2027 1922 spiritus

1141 1930 1395 1973 receptaculum:
1427 1928 1588 1977 Adeoque
1600 1929 1618 1962 a
1632 1928 1754 1973 gallina
1776 1929 1954 1963 incubante
1970 1939 2025 1967 ne-

1140 1983 1212 2026 quit
1226 1980 1333 2015 ullum
1345 1978 1490 2021 accipere
1503 1979 1653 2022 spiritum
1670 2004 1674 2009 .
1704 1978 1830 2013 Verum
1852 1978 1893 2013 de
1916 1978 2027 2022 spiritu

1142 2041 1283 2067 ovorum
1306 2031 1352 2064 est
1370 2027 1472 2064 modo
1484 2030 1555 2073 plus
1567 2039 1664 2072 quam
1678 2029 1771 2064 satis.
1800 2028 1933 2063 Adduci
1959 2029 2029 2071 pos-

1141 2083 1214 2117 sentv
1234 2079 1344 2119 adhuc
1356 2081 1419 2118 alia
1432 2079 1523 2122 plura
1534 2077 1676 2118 addustu
1688 2090 1787 2123 quam
1803 2077 1990 2124 digniffitna
2018 2090 2026 2113 z

1142 2130 1200 2168 Ast
1215 2130 1319 2172 quid?
1349 2129 1423 2171 Ego
1434 2139 1502 2171 non
1515 2130 1585 2167 sum
1599 2128 1754 2170 Medicus
1770 2154 1778 2163 .

1291 2197 1712 2262 SECT'10
1815 2226 1897 2261 111.

1174 2350 1178 2354 ,
1214 2323 1418 2366 conformatio
1443 2327 1496 2356 ovi
1520 2332 1577 2354 non
1601 2319 1635 2362 fit
1661 2327 1752 2355 etiam
1777 2325 1798 2355 ἃ
1823 2322 1935 2367 spiritu

1340 2372 1464 2417 gallinae
1489 2369 1661 2414 incubantis
1686 2373 1785 2415 alieno
1803 2397 1811 2405 .

1322 2520 1534 2566 Espondebunt
1563 2520 1689 2564 fartaffe
1706 2533 1713 2553 z
1742 2521 1857 2558 Ovum
1885 2523 2017 2558 confore

1346 2572 1426 2606 mari
1449 2583 1519 2606 non
1539 2570 1673 2614 quidem
1694 2571 1715 2605 a
1735 2571 1849 2615 spiritu
1868 2573 1925 2607 suo
1947 2584 2020 2617 pro·

1135 2624 1225 2668 prio,
1252 2624 1306 2657 sed
1330 2624 1347 2656 a
1373 2622 1487 2665 spiritu
1505 2619 1634 2665 gallinae
1660 2621 1848 2660 incubantis
1872 2624 1982 2657 alieno
2004 2647 2014 2664 p

1134 2674 1267 2711 Gallina
1279 2674 1396 2716 quippe
1409 2670 1567 2705 incubans
1579 2682 1646 2705 ovo
1658 2682 1726 2711 non
1741 2671 1871 2709 tantum
1884 2672 2016 2715 incubat

1135 2725 1186 2758 sed
1199 2724 1326 2766 insuper
1347 2722 1398 2755 illi
1421 2721 1515 2756 suum
1532 2721 1682 2765 spiritum
1699 2716 1852 2764 inspirat,
1890 2722 2018 2766 illoque

1135 2774 1215 2808 illud
1226 2770 1386 2809 facunda:
1399 2795 1410 2811 ,
1421 2772 1608 2810 conformat
1625 2795 1635 2811 ‚
1648 2771 1683 2804 &
1693 2769 1861 2814 organizat
1871 2795 1880 2804 .
1905 2773 2015 2810 Veram

1133 2822 1297 2867 responsum
1319 2824 1353 2856 (α
1375 2828 1531 2855 inventum
1552 2821 1602 2854 hoc
1624 2822 1709 2864 longe
1730 2820 1849 2855 aberrat
1862 2822 1882 2853 ἃ
1899 2831 1970 2854 vero
1995 2833 2004 2854 ε

1138 2874 1268 2911 Etenim
1280 2872 1406 2916 spiritus
1424 2870 1479 2905 ovi
1501 2872 1724 2905 conformator
1746 2870 1842 2904 debet
1861 2872 1925 2905 effe
1946 2881 2013 2906 ovo

1136 2925 1327 2959 intrinsecus
1339 2934 1395 2963 ,ac
1407 2922 1489 2955 intra
1500 2921 1555 2954 ovi
1571 2920 1725 2954 corticem
1737 2930 1931 2957 contentus:
1945 2919 2008 2954 At-

1135 2974 1193 3019 qui
1205 2974 1330 3016 spiritus
1340 2972 1470 3016 gallinae
1481 2968 1666 3007 incubantis
1681 2981 1882 3014 nequaquam
1904 2969 2010 3014 potest

1137 3023 1275 3058 solidum
1287 3035 1324 3057 ac
1337 3023 1464 3055 firmum
1476 3021 1534 3055 ovi
1553 3020 1711 3056 corticem
1737 3031 1918 3063 penetrare,
1956 3029 2013 3054 aut

1139 3074 1335 3110 subintrare:
1364 3069 1452 3116 Ergo
1466 3071 1589 3114 spiritus
1610 3081 1651 3103 ex
1672 3069 1802 3114 gallinae
1825 3068 2012 3107 incubantis

1137 3122 1490 3167 corporetranspiratus
1503 3131 1707 3163 nequaquam
1731 3121 1792 3155 effe
1810 3119 1913 3163 potest
1925 3119 2013 3163 spiri·

1137 3184 1188 3208 tus
1206 3173 1429 3207 conformator
1443 3194 1450 3202 .
1476 3173 1578 3212 Major
1587 3169 1623 3209 est
1638 3169 1742 3210 clara,
1768 3172 1801 3204 ὢ·
1820 3177 1908 3204 extra
1924 3174 2013 3207 ratio.

1139 3223 1247 3257 nabilis
1259 3219 1461 3262 controversia·
1469 3220 1632 3262 perteulum
1644 3233 1651 3252 :
1679 3220 1770 3266 Qia
1791 3219 1896 3254 cauffa
1907 3230 2009 3254 ovum

1138 3271 1389 3308 conformans&
1401 3271 1618 3314 organizans,
1644 3266 1817 3313 antequam
1837 3269 2013 3315 organiza-

1139 3324 1240 3357 tionis
1251 3319 1497 3364 opusinchoet,
1524 3319 1620 3354 debet
1643 3329 1752 3353 totum
1772 3320 1936 3354 internum
1956 3319 2013 3353 ovi

1140 3372 1343 3407 domicilium
1355 3369 1548 3404 conturbare
1560 3369 1754 3404 &alter-are:
1775 3368 1884 3404 Debet
1907 3378 2014 3404 totum

1140 3422 1291 3463 albumen
1300 3432 1375 3461 curn
1391 3419 1523 3461 vitello,
1550 3420 1583 3454 ὅ(
1596 3419 1744 3462 vitellum
1755 3429 1830 3459 cum
1848 3418 2015 3459 albumine

1639 3466 1695 3502 Ff
1888 3476 1970 3500 tota-

1141 2536 1190 2562 10-
