2384 3770
794 167 880 218 Dr,
919 170 1120 216 Divis.
1156 170 1311 216 Suro.
1347 162 1526 212 Fonm.

283 256 472 303 supponitur
493 253 678 300 simpliciter
698 278 711 296 ,
736 252 900 296 habetque
925 250 1151 296 acceptionem

279 309 479 352 simplicem.
502 310 591 340 Ratio
616 310 740 339 minoris
767 303 806 343 eff
825 315 834 335 :
862 302 954 349 Qia
977 302 1151 346 subjectum

279 356 515 403 praedicationis
535 355 733 392 affirmativa
757 353 879 396 semper
889 353 1084 396 supponitur
1094 365 1152 396 pro

280 409 341 443 illo
366 410 426 443 suo
443 408 624 453 significato
642 429 654 446 ‚
693 401 747 437 cui
771 401 915 436 inexistit
933 403 1151 448 significatum

279 459 417 494 formale
429 456 608 503 praedicati:
633 453 724 496 atqui
747 452 780 486 in
795 451 852 486 ista
865 454 994 496 praefata
1017 454 1154 487 affirma-

279 510 348 544 tiva
371 507 597 554 praedicatione
622 502 800 547 subjeetum
811 502 856 537 est
870 501 973 543 bomo,
999 503 1154 547 praedica-

279 568 352 594 tum
374 560 419 594 est
441 557 574 601 speciem
601 553 747 597 adeoque
772 552 990 598 significatum
1014 553 1154 588 formale

280 607 441 653 praedicati
464 603 683 648 estspecietas:
709 614 790 649 ergo
803 614 869 638 vox
882 602 967 637 boma
978 602 1024 638 ibi
1037 604 1153 648 suppo·

278 660 368 693 nitur
378 668 436 701 pro
446 656 507 690 illo
520 655 579 689 suo
589 655 774 700 significato
786 678 797 694 ,
824 654 878 688 cui
900 653 982 688 inest
995 678 1006 694 ,
1033 654 1087 688 seu
1098 652 1152 687 cui

277 707 414 750 quadrat
434 704 608 749 specietas:
634 705 729 748 atqui
756 703 923 747 specieitas
934 715 1003 738 non
1016 703 1151 748 quadrat

278 758 394 798 Petro,
426 766 482 791 aut
505 755 611 790 Paulo
622 767 638 797 ;
660 754 714 789 sed
739 754 800 789 soli
824 763 945 789 naturae
957 753 1150 788 humanaein

278 806 447 842 communi
463 820 474 840 .·
484 817 564 850 ergo
577 817 642 840 vox
654 803 737 837 bomo
749 804 795 838 ibi
806 805 1000 847 supponitur
1011 814 1080 838 non
1093 814 1151 847 pro

278 857 378 892 Petro
389 881 401 899 ,
421 867 477 890 aut
489 855 595 891 Paulo
607 867 616 897 ;
629 855 682 888 sed
696 863 756 897 pro
766 853 833 887 sola
846 852 1050 888 humanitate
1060 864 1150 887 com-

276 908 390 942 muni:
419 907 567 950 adeoque
589 914 647 948 pro
669 903 740 937 solo
761 904 821 938 suo
841 903 1023 949 significato
1035 903 1151 948 prima·

275 957 348 992 rio:
375 956 526 1001 adeoque
543 952 747 998 simpliciter.

328 1018 359 1055 9.
386 1008 446 1041 Ast
460 1016 570 1041 autem
582 1015 657 1038 cum
667 1002 763 1044 dico,
774 1004 863 1036 Homo
872 1001 911 1044 est
922 1005 1050 1044 animal,
1069 1002 1153 1036 homo

276 1056 315 1098 est
334 1057 444 1098 albus,
470 1055 554 1091 bomo
571 1060 687 1094 currit,
712 1052 749 1093 est
771 1051 890 1095 rtfibt'lts
903 1077 916 1094 ‚
941 1055 997 1088 &a
1023 1055 1153 1088 Omnes

275 1108 343 1142 isia:
356 1117 471 1147 voces,
499 1116 568 1141 tam
590 1103 781 1148 praedicata,
809 1114 908 1147 quam
931 1102 1071 1147 subjesta
1083 1104 1153 1147 sup-

276 1168 443 1201 ponuntur
455 1156 683 1200 personaliter:
708 1154 916 1197 accipiuntur
936 1155 1154 1189 enimomnes

277 1207 342 1241 islae
362 1218 458 1242 voces
486 1218 554 1240 non
579 1216 636 1248 pro
659 1205 731 1239 solo
743 1204 923 1247 primario;
950 1203 1004 1238 sed
1015 1212 1083 1237 tarn
1095 1214 1153 1247 pro

275 1257 460 1301 significatis
474 1256 672 1290 secundariis
684 1279 695 1294 ,
705 1264 804 1298 quam
818 1264 876 1298 pro
888 1252 1050 1298 primario.
1064 1253 1153 1288 Cum

273 1307 364 1340 enirn
391 1306 468 1340 dico
489 1330 500 1346 ‚
527 1309 621 1340 Homo
642 1303 681 1344 est
703 1304 822 1336 animal
829 1328 841 1344 ,
867 1304 975 1338 sensus
991 1314 1061 1338 non
1083 1303 1129 1338 est
1142 1327 1154 1344 ,

275 1355 366 1399 quod
391 1356 478 1390 solus
503 1352 607 1391 homo
629 1357 662 1387 in
686 1354 877 1390 communi:
908 1353 961 1388 sed
983 1353 1073 1398 quod
1086 1363 1152 1395 tam

274 1405 380 1440 homo
391 1406 579 1440 communis
590 1428 600 1444 ,
626 1415 724 1449 quam
748 1403 845 1439 etiam
861 1404 967 1448 quivis
978 1402 1083 1443 homo
1093 1403 1153 1437 sin·

274 1456 399 1500 gularis
410 1457 447 1490 sit
460 1455 599 1501 animal:
621 1454 770 1498 adeoque
783 1466 851 1488 vox
862 1453 945 1486 bomo
955 1453 1002 1488 ibi
1015 1463 1082 1488 tam
1093 1464 1153 1496 pro

272 1505 472 1539 secundariis
483 1530 494 1546 ,
522 1513 619 1547 quam
639 1514 698 1546 pro
710 1504 768 1536 suo
779 1504 935 1546 primario
946 1503 1106 1546 accipitur
1118 1504 1152 1537 si-

273 1555 433 1600 gnificato
445 1580 452 1588 .
480 1558 525 1587 Et
533 1559 610 1587 rano
621 1552 660 1592 est
668 1564 676 1585 z
708 1552 800 1600 Qia
814 1551 990 1596 subjestum
1003 1553 1152 1596 praedica·

274 1606 379 1640 tionis
391 1605 590 1640 affirmativae
611 1602 769 1646 accipitur
781 1614 840 1647 pro
853 1603 912 1636 illo
923 1604 981 1636 suo
992 1603 1152 1647 significa·

273 1664 333 1696 to,
360 1655 562 1699 cuiquadrat
574 1654 795 1698 significatum
816 1653 1126 1695 formalepraedicati
1141 1667 1152 1687 .-

274 1705 366 1748 atqui
389 1706 423 1739 in
436 1704 496 1739 hac
511 1702 738 1748 praedicatione
750 1727 761 1744 ,
789 1706 877 1736 Homo
887 1701 926 1743 est
938 1704 1078 1744 animal,
1105 1705 1152 1737 su·

274 1754 413 1798 bjeaum
425 1755 471 1789 est
486 1754 589 1796 homo,
616 1753 824 1797 praedicatum
838 1752 883 1787 est
897 1754 1034 1795 animal3
1057 1752 1152 1797 signi·

271 1806 407 1840 ficatum
433 1805 572 1839 formale
595 1803 757 1847 praedicati
779 1801 825 1837 est
845 1804 1042 1836 animalitas:
1070 1813 1152 1847 ergo

271 1866 337 1889 vox
349 1855 432 1888 bomo
454 1854 498 1888 ibi
521 1853 715 1898 supponitur
727 1864 786 1896 pro
809 1853 904 1887 omni
923 1853 981 1887 illo
993 1853 1153 1898 significa·

268 1913 308 1939 to
330 1929 342 1945 ‚
369 1907 423 1939 cui
452 1904 590 1948 quadrat
610 1902 796 1937 animalitas
817 1915 824 1935 :
851 1903 943 1946 atqui
964 1903 1151 1939 animalitas

270 1954 406 1995 quadrat
428 1965 495 1986 non
515 1954 575 1986 soli
598 1953 729 1984 homini
752 1953 948 1991 communi;
979 1951 1030 1982 sed
1050 1953 1150 1983 etiarn

271 2000 372 2035 Petro
385 2024 395 2040 ‚
420 2001 545 2040 Paulo,
575 1999 791 2037 Christiano,
812 1999 946 2042 aliisque
958 1997 1150 2033 hominibus

272 2050 500 2096 singularibus:
532 2049 724 2095 ergoetiarn
740 2060 804 2083 vox
817 2048 900 2082 homo
910 2048 1067 2091 accipitur
1079 2059 1148 2082 tam

271 2112 333 2144 pro
352 2099 428 2140 illo,
457 2111 554 2140 quam
578 2111 637 2141 pro
650 2098 701 2130 his
713 2111 726 2130 .-
751 2098 910 2137 accipitur
928 2107 996 2129 tam
1019 2108 1077 2138 pro
1089 2099 1146 2139 pri-

270 2150 376 2183 mario
388 2172 399 2188 ,
426 2158 524 2190 quam
538 2158 595 2189 pro
606 2145 797 2189 significatis
808 2143 1005 2178 secundariis
1017 2157 1030 2178 .·
1051 2145 1146 2180 adeo-

267 2210 333 2243 que
344 2198 500 2240 accipitur
510 2194 721 2240 personaliter
730 2217 738 2226 .

324 2257 376 2284 10.
402 2246 541 2288 objicies:
557 2245 593 2278 ln
608 2242 669 2278 hac
681 2242 914 2286 propositione,
930 2247 1024 2276 Homo
1035 2241 1145 2285 essspe-

269 2302 328 2330 cies
341 2319 351 2335 ‚
376 2307 441 2330 vox
453 2295 537 2328 bomo
548 2294 740 2336 supponitur
752 2291 939 2333 simpliciter
951 2305 962 2324 .·
972 2294 1063 2334 atqui
1078 2294 1146 2334 sup·

270 2347 406 2390 ponitur
429 2356 497 2379 non
518 2355 580 2387 pro
602 2343 672 2376 solo
693 2340 877 2385 significato
890 2341 1067 2383 primario;
1093 2339 1146 2374 sed

271 2407 340 2430 tam
363 2407 422 2438 pro
442 2392 632 2429 secundario
659 2402 757 2432 quam
769 2390 942 2434 primario:
968 2400 1047 2434 ergo
1058 2401 1146 2425 acce-

271 2445 342 2489 ptio
352 2445 487 2488 simplex
501 2456 570 2477 non
581 2440 664 2477 reste
673 2440 830 2481 definitur
840 2441 904 2474 esse
916 2440 1067 2483 acceptio
1087 2451 1146 2474 vo-

270 2495 318 2530 cis
337 2507 396 2538 pro
412 2494 483 2528 solo
510 2495 569 2527 suo
594 2491 778 2536 significato
790 2490 966 2534 primario.
995 2489 1148 2523 Probatur

270 2550 385 2578 minor:
413 2544 506 2590 Qa
526 2541 743 2587 significatum
765 2539 943 2583 principale
964 2541 1054 2573 vocis
1066 2537 1149 2572 bomo

267 2594 316 2629 est
327 2592 515 2629 humanitas
526 2605 537 2626 ·.
556 2591 776 2638 significatum
788 2589 854 2632 ejus
863 2590 1089 2624 secundarium
1101 2591 1144 2623 est
1172 2609 1175 2611 Δ

267 2643 484 2678 humanitatis
506 2642 725 2684 suppositum:
752 2650 789 2673 ut
810 2638 934 2674 distum
960 2639 1006 2673 est
1028 2640 1145 2683 supra,

267 2694 348 2729 dum
359 2694 400 2727 de
412 2702 492 2726 voce
503 2701 656 2724 concreta
670 2691 754 2724 foret
765 2691 867 2723 sermo
877 2714 884 2721 .
913 2690 1020 2734 Atqui
1036 2690 1069 2723 in
1086 2689 1144 2724 ista

267 2743 491 2788 propositione
511 2752 577 2774 vox
597 2738 679 2772 bomo
701 2740 892 2781 supponitur
915 2749 982 2772 non
1006 2750 1066 2782 pro
1079 2740 1144 2773 sola

266 2792 491 2834 humanitate3
519 2790 571 2825 sed
595 2801 655 2834 pro
666 2787 873 2822 humanitate
885 2788 1018 2822 simul&
1031 2789 1143 2833 suppo-

266 2845 326 2878 sito
336 2843 422 2887 ejus:
451 2852 531 2886 ergo
541 2839 699 2884 accipitur
710 2849 775 2873 tam
789 2849 847 2881 pro
858 2838 916 2871 suo
929 2838 1122 2874 secundario
1132 2864 1143 2880 ,

266 2905 367 2937 quam
382 2905 440 2937 pro
459 2891 613 2935 primario
635 2890 839 2935 significato.
868 2887 1016 2921 Probatur
1027 2894 1141 2923 minor:

263 2945 357 2992 Qia
369 2943 545 2987 subjectum
569 2940 808 2985 praedicationis
820 2938 1018 2972 affirmativae
1027 2939 1142 2983 accipi-

264 3004 318 3029 tur
329 3004 386 3038 pro
408 2994 502 3027 omni
514 2991 573 3026 illo
587 2992 646 3026 suo
658 2990 842 3035 significato
854 3014 865 3029 ,
891 2989 944 3022 cui
960 2986 1096 3032 quadrat
1108 2989 1142 3023 si-

266 3044 463 3089 gnificatum
483 3042 621 3077 formale
641 3039 824 3085 praedicati:
851 3038 998 3082 adeoque
1011 3037 1057 3072 ibi
1078 3050 1143 3073 vox

266 3093 351 3127 homo
369 3093 530 3137 accipitur
554 3103 611 3137 pro
630 3091 723 3125 omni
746 3090 827 3131 illo,
852 3089 905 3124 cui
924 3087 1061 3131 quadrat
1073 3089 1142 3132 spe-

267 3143 368 3177 cietas
379 3157 391 3178 .·
418 3144 473 3178 illa
499 3144 589 3178 enim
609 3142 655 3176 est
668 3140 885 3186 significatum
899 3138 1064 3184 praedicati
1077 3140 1142 3174 sor-

267 3193 376 3228 male.
405 3193 507 3236 Atqui
532 3193 685 3237 specietas
698 3189 832 3235 quadrat
843 3200 910 3223 non
924 3188 983 3223 soli
995 3200 1141 3224 commu2

267 3244 304 3277 ni
327 3241 524 3277 humanitati
536 3257 550 3285 ,·
577 3243 630 3278 sed
650 3243 748 3276 etiam
767 3240 938 3276 communi
951 3239 1141 3281 humanita-

266 3294 310 3327 tis
330 3293 511 3337 supposito:
537 3294 615 3328 sicut
634 3293 724 3327 enim
747 3290 928 3325 humanitas
938 3290 984 3325 est
998 3290 1116 3334 species
1129 3315 1140 3331 ,

265 3343 307 3377 sic
319 3344 419 3378 etiam
441 3342 545 3377 homo
557 3366 567 3382 ‚
593 3344 647 3377 seu
660 3341 874 3377 humanitatis
884 3340 1081 3383 suppositum
1092 3340 1138 3375 est

266 3394 405 3435 species.
434 3394 526 3438 Ergo
553 3403 620 3427 vox
642 3391 723 3427 bomo
735 3393 780 3427 ibi
794 3391 988 3435 supponitur
1000 3401 1067 3430 non
1081 3402 1140 3435 pro

267 3442 332 3476 sola
350 3442 555 3478 humanitate
571 3455 585 3484 ;
612 3443 664 3478 sed
677 3454 733 3488 pro
746 3442 949 3477 humanitate
964 3440 1055 3474 simul
1068 3464 1078 3481 ‚
1104 3452 1141 3476 ac

265 3491 355 3527 illius
366 3494 544 3540 supposito:
558 3494 592 3528 ὅ(
603 3493 644 3528 sic
657 3504 715 3539 pro
727 3502 863 3538 utroque
873 3493 931 3528 suo
943 3491 1140 3537 significato.

1954 189 2053 228 219

1263 260 1315 287 11·
1343 249 1415 297 Qi
1444 259 1636 284 communes
1659 252 1870 291 definitiones
1889 255 2084 291 calumniari

1211 309 1332 336 amaret
1351 324 1363 342 ‚
1390 299 1477 334 certe
1500 298 1631 334 haberet
1653 304 1738 336 unde
1764 303 1828 341 hoc
1851 317 2084 351 argumentum

1213 352 1262 386 illi
1282 349 1453 385 materiam
1479 350 1684 386 administrat
1701 375 1708 382 .
1736 353 1810 397 Ego
1833 365 1941 391 tamen
1967 357 2000 391 id
2013 368 2084 391 non

1211 413 1308 436 amo.
1334 401 1446 448 Qare
1458 411 1652 435 communes
1665 401 1800 435 &tritas
1816 403 1907 441 hasce
1918 407 2082 442 definitio-

1214 462 1271 486 nes
1292 451 1466 494 justificare
1489 451 1601 486 volens
1625 475 1636 492 ,
1664 451 1846 493 respondeo
1868 466 1976 491 verum
1999 456 2085 497 effe,

1212 500 1303 545 quod
1328 512 1393 535 vox
1424 500 1507 537 homo
1524 499 1570 535 ibi
1603 501 1780 545 accipiatur
1802 512 1860 545 pro
1879 502 2085 541 humanitate

1213 551 1307 585 simul
1327 552 1360 585 ὅ(
1380 551 1544 595 supposito
1570 550 1659 594 ejus:
1686 551 1719 585 id
1744 550 1834 585 enim
1856 563 2083 597 argumentum

1212 599 1276 636 hoc
1300 602 1463 646 eleganter
1485 600 1620 646 probat.
1647 599 1767 636 Adhuc
1793 612 1903 636 tamen
1925 615 2013 646 aequa
2039 606 2084 639 est

1212 651 1364 687 definitio
1375 651 1575 696 acceptionis
1588 651 1741 695 simplicis
1755 665 1767 686 .-
1792 663 1927 697 vercque
1944 653 2061 687 dicitur
2075 679 2086 693 ,

1212 701 1302 746 quod
1322 701 1359 735 sit
1381 702 1528 745 acceptio
1553 702 1644 737 vocis
1652 712 1711 745 pro
1723 702 1793 737 solo
1805 704 1863 737 suo
1883 704 2034 747 primario
2048 705 2087 736 fi·-

1212 751 1391 797 gnificato:
1418 752 1564 786 fitamen
1587 752 1620 786 id
1649 753 2026 798 patienterintelliger'e‚
2050 764 2087 786 ac

1212 813 1351 846 granum
1366 802 1437 836 salis
1448 801 1600 836 adhibere
1614 803 1755 837 volueris
1765 827 1776 844 ,
1803 815 1841 839 ac
1853 803 2087 838 definitionem

1212 852 1358 896 accipere
1383 851 1448 886 hoc
1473 853 1580 887 sensu:
1609 851 1772 897 Acceptio
1794 855 1929 897 simplex
1940 852 1985 887 est
1999 865 2088 899 acce-

1214 903 1286 946 ptio
1301 902 1391 937 vocis
1403 914 1461 946 pro
1473 903 1544 937 solo
1568 903 1627 938 suo
1638 904 1793 947 primario
1807 904 1992 949 significato
2005 903 2084 938 adae-

1213 962 1314 995 quato
1339 977 1348 986 .
1381 952 1610 998 Significatum
1640 953 1760 999 quippe
1782 955 1971 998 primarium
1997 953 2087 988 vocis

1214 1012 1373 1037 concretae
1394 1002 1516 1046 duplex
1540 1003 1636 1038 statui
1663 1004 1789 1047 potest:
1815 1004 1960 1040 totale&
1973 1004 2086 1047 partia·

1215 1052 1267 1092 le,
1294 1053 1348 1086 seu
1371 1052 1575 1096 adaequatum
1598 1054 1633 1089 ἀ
1654 1054 1893 1099 inadaequatum
1915 1079 1921 1086 .
1948 1054 2087 1099 Signifi-

1215 1114 1325 1137 catum
1348 1102 1417 1145 ejus
1440 1103 1628 1146 primarium
1648 1105 1850 1149 adaequatum
1863 1105 1907 1139 est
1922 1105 2087 1150 significa-

1214 1164 1283 1187 tum
1312 1153 1450 1187 formale
1480 1153 1571 1187 simul
1600 1165 1676 1188 cum
1700 1155 1859 1189 materiali
1899 1156 2031 1198 sumpto
2053 1154 2087 1198 in

1199 1190 1384 1237 ¹communi
1405 1203 1584 1237 secundum
1605 1203 1648 1237 se:
1682 1203 1842 1249 habetque
1864 1214 1944 1238 tunc
1968 1214 2025 1247 pro
2045 1203 2090 1236 fl-

1214 1253 1377 1297 gnificatis
1399 1253 1596 1287 secundariis
1617 1253 1770 1288 inferiora
1792 1254 1959 1297 utriusque
1983 1254 2030 1287 sui
2053 1251 2090 1283 fi·

1213 1304 1385 1347 gnificati,
1411 1304 1586 1338 materialis
1609 1303 1759 1339 videlicet
1781 1305 1814 1339 δε
1836 1303 1982 1340 formalis
2001 1327 2009 1335 .
2038 1302 2091 1335 Si-

1214 1354 1409 1398 gnificatum
1431 1353 1498 1396 ejus
1520 1353 1709 1398 primarium
1733 1354 1974 1397 inadaequatum
1985 1352 2031 1387 est
2045 1355 2092 1386 so-

1216 1403 1284 1438 lum
1309 1404 1524 1449 significatum
1551 1404 1707 1439 formale:
1733 1405 1884 1448 adeoque
1894 1415 1974 1439 tunc
1987 1414 2044 1447 pro
2057 1403 2093 1438 si-

1215 1454 1385 1498 gnisicatis
1407 1454 1603 1489 secundariis
1624 1453 1722 1489 habet
1733 1466 1802 1493 non
1815 1455 1881 1493 sola
1895 1453 2046 1491 inferiora
2057 1452 2093 1487 si-

1217 1504 1364 1548 gnificati
1388 1504 1788 1548 formalis&tnaterialis;
1810 1507 1863 1540 sed
1875 1502 2092 1547 etiamipsum

1218 1555 1434 1597 significatum
1456 1554 1622 1588 materiale
1648 1566 1655 1584 :
1694 1554 1758 1589 hoc
1780 1555 1900 1598 quippe
1923 1563 2001 1587 tunc
2025 1563 2094 1594 non

1218 1601 1509 1646 comprehenditur
1530 1602 1589 1636 sub
1602 1602 1786 1647 significato
1797 1602 1954 1645 primario
1964 1614 1979 1644 ,-
2006 1601 2091 1636 verb.

1217 1662 1298 1697 grat.
1321 1663 1514 1687 maneamus
1527 1652 1561 1686 in
1574 1663 1653 1686 voce
1672 1647 1768 1685 honio:
1798 1652 1850 1694 illi
1863 1654 1938 1687 voci
1958 1649 2095 1686 adscribi

1218 1702 1320 1745 potest
1349 1701 1472 1746 duplex
1496 1702 1716 1746 significatum
1740 1702 1949 1746 prim-arium:
1977 1700 2095 1735 videli-

1218 1762 1270 1786 cet
1291 1750 1497 1796 adaequatum
1523 1775 1534 1792 ,
1560 1751 1594 1786 δε
1618 1753 1857 1795 inadaequatum
1878 1778 1885 1786 .
1924 1751 2094 1795 Significa-

1217 1810 1288 1835 tum
1310 1802 1501 1844 primarium
1521 1801 1589 1844 ejus
1617 1801 1854 1846 inadaequatum
1880 1802 1926 1837 est
1956 1801 2025 1843 sola
2036 1799 2093 1846 hu·

1218 1851 1374 1894 manitas;
1403 1851 1624 1896 significatum
1650 1853 1727 1886 vero
1750 1852 1939 1895 primarium
1948 1850 2099 1899 pdaequa-

1216 1912 1287 1935 tum
1309 1900 1355 1935 est
1377 1910 1485 1936 totum
1498 1912 1675 1935 commune
1698 1901 1884 1935 communis
1911 1900 2095 1936 humanita-

1218 1951 1259 1981 tis
1287 1949 1505 1991 suppositum:
1533 1961 1572 1984 ac
1598 1949 1779 1994 significata
1806 1950 1995 1987 secundaria
2023 1952 2097 1993 sunt

1214 2008 1332 2032 omnes
1353 1996 1576 2033 humanitates
1597 2000 1774 2045 singulares
1795 2025 1808 2042 ‚
1833 2001 2014 2046 omniaque
2039 2001 2099 2035 sin-

1213 2047 1340 2140 {Zlaria
1353 2048 1589 2127 ssingularium
1628 2047 1872 2086 humanitatum
1912 2051 2096 2102 supposita„

1252 2107 1296 2128 uo
1308 2106 1351 2138 po
1365 2105 1416 2129 rto

1265 2154 1318 2180 12·
1345 2144 1456 2178 Facile
1475 2144 1522 2178 est
1542 2156 1736 2181 communes
1759 2148 1971 2184 definitiones
1979 2150 2094 2192 justisi-

1211 2204 1302 2227 care.
1333 2192 1498 2238 Acceptio
1519 2194 1630 2238 itaque
1652 2196 1785 2240 simplex
1805 2197 1850 2232 est
1866 2200 2017 2242 acceptio
2042 2212 2095 2235 vo·

1211 2243 1259 2276 cis
1280 2252 1352 2275 non
1373 2253 1431 2284 pro
1454 2244 1526 2277 solo
1545 2244 1604 2277 suo
1617 2246 1799 2288 significato
1810 2249 2092 2290 primarioinadae-

1210 2301 1333 2333 quat03
1361 2291 1413 2325 sed
1437 2302 1497 2334 pro
1523 2292 1592 2325 solo
1602 2293 1755 2336 primario
1769 2295 1954 2340 significato
1969 2300 2090 2334 inadae-

1210 2350 1314 2382 quato
1335 2340 1384 2374 vel
1412 2341 1598 2384 adaequato.
1626 2342 1706 2375 Vox
1731 2341 1813 2376 hamo
1841 2346 1960 2389 quippe
1983 2349 2019 2382 in
2032 2349 2092 2384 hac

1212 2389 1451 2433 propositione,
1478 2397 1570 2426 Homo
1595 2389 1773 2435 estspecies‚
1800 2389 1960 2438 accipitur
1972 2396 2095 2442 simpli-

1210 2440 1314 2482 citer;
1335 2440 1496 2484 accipitur
1517 2450 1627 2475 tamen
1641 2454 1710 2476 non
1737 2454 1795 2486 pro
1816 2444 1886 2479 solo
1897 2446 1956 2480 suo
1971 2446 2094 2491 fignifi-

1210 2497 1284 2524 cato
1311 2490 1469 2533 primario
1491 2490 1719 2535 inadaequato,
1748 2494 1838 2536 quod
1860 2494 1907 2529 est
1929 2496 2033 2532 solum
2054 2498 2092 2532 si·

1209 2539 1406 2584 gnificatum
1419 2541 1556 2575 formale
1569 2553 1578 2583 3
1605 2540 1657 2576 sed
1670 2552 1729 2585 pro
1742 2552 1816 2577 toto
1835 2545 1894 2579 suo
1907 2546 2090 2591 significato

1210 2590 1367 2633 primario
1387 2591 1557 2634 adaequato
1578 2603 1586 2622 ι
1624 2602 1683 2635 pro
1718 2593 1849 2629 formali
1876 2596 2029 2632 videlicet
2054 2598 2090 2633 dt

1210 2640 1392 2682 materiali;
1419 2642 1467 2674 uti
1488 2641 1553 2683 jam
1575 2640 1621 2675 est
1642 2642 1766 2677 dietum
1784 2668 1791 2676 .
1823 2645 1985 2690 Acceptio
2012 2649 2088 2683 vero*

1211 2689 1388 2733 personalis
1410 2690 1456 2724 est
1478 2691 1627 2734 acceptio
1647 2692 1737 2727 vocis
1750 2703 1810 2736 pro
1821 2695 1887 2728 suis
1898 2696 2089 2741 significatis

1209 2739 1428 2775 secundariis.
1456 2742 1496 2773 Id
1516 2739 1578 2780 est.-
1605 2740 1670 2776 Pro
1690 2743 1921 2788 inferioribus,
1950 2748 2090 2790 superio·

1207 2789 1297 2824 ribus
1332 2814 1344 2831 ,
1383 2790 1436 2824 vel
1471 2791 1694 2826 denominatis
1729 2792 1903 2838 significati
1942 2795 2087 2839 primarii

1208 2841 1364 2884 adaequati
1381 2853 1388 2872 z
1416 2841 1463 2874 uti
1488 2851 1575 2884 patet
1586 2842 1620 2876 in
1632 2844 1794 2887 exemplis
1806 2844 1896 2887 supra
1907 2844 2017 2880 statim
2030 2847 2088 2882 ad-

1207 2891 1330 2925 ductis.
1359 2890 1481 2924 Petunt
1493 2890 1548 2925 hic
1566 2891 1692 2936 aliqui,
1719 2904 1820 2935 quare
1832 2894 2008 2938 suppositio
2024 2907 2084 2940 pro

1207 2941 1362 2984 primario
1384 2940 1567 2986 significato
1586 2952 1720 2977 vocetur
1734 2945 1909 2988 suppositio
1923 2946 2058 2990 simplex
2070 2971 2084 2989 ‚

1206 2992 1240 3026 ὅ(
1261 3002 1362 3035 quare
1385 2991 1563 3035 suppositio
1586 3004 1644 3036 pro
1656 2994 1852 3033 secundariis
1864 3006 1998 3030 vocetur
2011 2997 2085 3041 sup-

1206 3042 1325 3085 positio
1348 3041 1548 3084 personalis?
1570 3042 1632 3077 Sed
1656 3043 1780 3078 nullam
1802 3043 1859 3080 hic
1871 3044 1967 3080 video
1978 3046 2083 3082 effica-

1204 3103 1278 3126 cem
1300 3092 1483 3134 rationem,
1510 3102 1624 3136 praeter
1647 3093 1887 3131 Auctoritatem
1911 3096 2083 3142 imponen-

1204 3152 1290 3177 tium
1302 3166 1310 3174 .

1258 3203 1310 3239 13.
1337 3190 1402 3225 Pro
1429 3189 1651 3236 dignoscenda
1674 3197 1863 3240 acceptione
1891 3180 2081 3242 simplici&

1203 3241 1365 3285 personali
1391 3239 1526 3284 quidam
1539 3253 1696 3288 magnum
1710 3258 1883 3281 numerum
1895 3256 2081 3293 congerunt

1202 3291 1406 3335 regularum:
1434 3289 1486 3325 sed
1500 3316 1512 3333 ,
1539 3294 1585 3328 uti
1599 3295 1669 3328 dixi
1685 3320 1695 3336 ,
1722 3308 1851 3340 ternpus
1861 3296 1944 3332 mihi
1962 3299 2080 3342 pretio-

1202 3342 1264 3374 sius
1288 3340 1355 3381 est,
1383 3351 1482 3384 quarn
1511 3352 1546 3377 ut
1570 3343 1652 3379 illud
1675 3346 1693 3380 a
1714 3358 1747 3381 re
1767 3358 1837 3383 tam
1860 3348 1972 3387 inutili
1995 3348 2080 3383 mihi

1204 3391 1389 3435 permittam
1415 3391 1556 3436 praeripi.
1585 3394 1640 3429 Ut
1662 3405 1771 3431 tamen
1795 3398 1920 3442 aliquid
1941 3398 2050 3433 dicam
2065 3423 2076 3438 ‚

1204 3441 1249 3475 do
1273 3442 1335 3475 tibi
1359 3440 1444 3476 hanc
1467 3443 1613 3487 regulam
1632 3448 1814 3490 generalem
1837 3472 1848 3489 ‚
1874 3459 1914 3482 ex
1937 3460 1999 3490 qua
2029 3458 2082 3480 co·

1205 3493 1343 3538 gnoscas
1362 3502 1431 3527 non
1443 3492 1544 3528 solam
1556 3497 1781 3541 acceptionem
1794 3498 1972 3543 simplicem
1987 3508 1997 3538 ;
2025 3497 2078 3532 sed

1896 3556 2030 3581 omnem
