2384 3770
374 136 466 182 188
875 135 1191 189 DlspuTAT.

344 217 475 253 dicebat
495 217 629 251 Sanetus
653 215 856 263 Augustinus
878 218 971 261 supra
983 218 1125 256 citatus,
1154 227 1209 251 vo-

344 280 417 302 cem
439 267 601 301 transferri
621 267 666 301 est
686 279 798 302 vocem
811 269 984 312 significare
994 278 1048 310 per
1060 266 1208 301 fimilitu-

341 318 454 351 dinem
467 341 478 358 ,
501 316 589 360 quod
610 328 703 352 antea
725 317 925 363 significabat
957 328 1012 360 per
1033 316 1205 359 proprieta-

342 375 428 401 tem.
455 368 561 410 Atqui
586 378 652 402 vox
674 367 750 410 risus
774 369 807 402 δε
832 368 899 401 aliae
920 367 1036 399 smiles
1047 365 1205 402 abstradae

342 428 413 452 non
434 417 563 460 possunt
583 418 799 477 significatum
822 419 912 451 suum
926 415 1099 459 principale
1112 416 1205 460 figni-

343 469 440 502 ficate
452 467 510 501 uni
530 468 647 507 inesse,
674 478 729 502 aut
741 465 781 501 ab
794 480 861 501 uno
872 465 980 500 haberi
993 465 1141 509 proprie,
1163 468 1204 500 ab

342 518 445 552 altero
468 516 663 562 improprie;
690 517 741 552 sed
765 517 828 551 hoc
850 516 924 550 solis
944 517 1104 552 concretis
1116 518 1202 551 voci·

340 567 400 602 bus
420 578 474 611 per
493 568 629 602 modum
654 567 802 602 habentis
824 565 972 600 &habiti
985 566 1201 609 significanti-

339 617 399 651 bus
421 617 580 659 quadrat.-
607 618 655 651 uti
678 617 724 651 est
747 615 972 650 manifestum.
1000 615 1092 660 Ergo
1106 627 1200 651 voces

338 667 499 702 abstractae
521 678 590 701 non
613 667 741 711 possunt
761 668 925 700 essevoces
936 665 1112 701 translatae
1138 666 1199 701 Sed

337 717 378 751 de
391 716 440 751 his
453 717 542 761 plura
564 716 717 756 Rhetor,
743 728 780 750 ac
793 716 926 750 inferior
938 714 1199 756 Grammaticus·

334 767 442 801 dicam
454 778 564 801 tamen
584 767 689 801 forsan
712 766 790 800 alibi
803 766 843 800 de
855 765 920 800 hoc
942 765 1199 809 adhucaliquid

386 814 442 864 58
463 820 597 859 Sequitur
617 817 721 849 tertia:
751 816 819 850 Ens
840 817 977 859 respestu
995 816 1058 851 Dei
1071 815 1199 851 &crea-

335 877 431 906 tuta,
457 868 594 910 respestu
617 865 801 900 substantia:
822 866 1064 907 &accidentis,
1092 877 1129 900 ac
1142 867 1198 900 tes-

333 919 429 961 peftu
452 916 603 949 omniurn
622 916 756 950 suorum
781 918 969 950 inferiorum
981 917 1042 950 effe
1054 915 1197 959 praedica

331 977 403 1001 tum
426 965 495 999 vere
519 966 721 1008 univocum3
750 977 817 1000 non
841 977 949 1000 autem
968 966 1197 1010 analogicum

332 1020 421 1048 Ratio
445 1014 502 1055 est:
529 1015 618 1063 Qia
642 1016 847 1059 praedicatum
874 1017 1051 1050 univocum
1070 1016 1138 1056 est,
1163 1016 1196 1050 id

329 1064 420 1109 quod
436 1063 622 1107 praedicatur
644 1066 685 1099 de
697 1066 825 1100 multis
818 1078 851 1099 in
863 1066 980 1100 eodem
996 1067 1052 1099 sno
1065 1066 1195 1099 formali

328 1116 513 1160 significato
538 1114 633 1158 plane
655 1116 946 1150 convenientibus:
973 1115 1027 1149 seu
1051 1116 1138 1156 quod
1164 1116 1196 1148 fi-

328 1165 468 1210 gnificat
490 1166 592 1199 multa
614 1165 702 1199 idem
729 1167 819 1200 suum
834 1165 969 1200 formale
982 1166 1195 1209 significatum

329 1215 447 1249 eodem
467 1213 569 1250 modo
594 1214 749 1251 habentia
773 1241 780 1248 .
820 1216 923 1258 Atqui
955 1226 1013 1248 ens
1037 1214 1196 1259 fignificat

330 1267 445 1299 omnia
466 1267 521 1300 sua
544 1265 716 1306 inferiora,
743 1266 861 1300 scilicet
884 1268 990 1300 Deum
1018 1265 1056 1300 &-
1073 1276 1194 1298 creatu-

331 1326 404 1355 tas,
431 1316 642 1350 substantiam
664 1317 698 1350 ὅτ.
719 1317 890 1357 accidens,
914 1316 975 1351 ἀσ-
1003 1315 1089 1347 idern
1102 1317 1192 1348 suurn

330 1366 469 1399 formale
500 1366 718 1410 significatum
754 1365 906 1400 habentia
931 1364 1047 1400 eodem
1071 1364 1193 1399 modo:

331 1426 412 1459 ergo
433 1415 572 1458 respecstu
588 1426 701 1449 eorum
721 1416 764 1449 est
779 1416 983 1459 praedicatum
997 1415 1199 1450 univocum

331 1464 481 1498 Probatur
500 1470 616 1498 minor:
643 1466 733 1512 Qia
754 1465 866 1499 omnia
881 1465 1034 1499 inferiora
1045 1465 1194 1499 entisha·

332 1515 412 1549 beut
438 1517 471 1549 in
493 1516 524 1549 se
537 1515 713 1549 Essentiam
737 1527 804 1550 non
829 1515 1058 1550 fistamavoce
1070 1526 1121 1548 ens
1133 1516 1195 1551 for-

330 1564 459 1599 maliter
479 1565 692 1609 significatam
715 1565 916 1600 essentialiter
929 1590 939 1606 ,
964 1576 1004 1599 eo
1018 1565 1119 1599 modo
1129 1576 1195 1609 quo

330 1614 488 1649 inferiora
511 1614 616 1648 solent
630 1613 747 1648 habere
759 1616 964 1658 praedicatum
978 1615 1009 1648 se
1022 1615 1138 1650 directe
1149 1616 1194 1650 su·

331 1665 459 1709 petius:
486 1675 564 1710 ergo
584 1664 696 1699 omnia
710 1663 956 1700 habenteodem
977 1665 1095 1699 modo.

386 1725 441 1761 59.
469 1717 607 1758 Sequitur
623 1718 751 1759 quarte:
779 1716 934 1758 Respecto
952 1716 1181 1749 Dei&creatu

332 1776 372 1798 rae
390 1765 461 1798 dari
483 1765 589 1809 aliqua
610 1764 775 1810 praedicata
798 1766 936 1800 univoca
953 1778 967 1806 ;
993 1765 1102 1808 aliqua
1124 1776 1184 1799 ana

330 1815 423 1859 loga.
453 1814 612 1849 Univoca
623 1817 721 1855 sunt,
748 1828 822 1856 ens,
844 1813 1195 1858 substantta,spir1tus,

333 1870 447 1898 vivens
460 1888 471 1905 ,
498 1869 698 1905 incorporeus,
723 1866 781 1898 ἐκ.
800 1866 925 1899 Omnia
945 1866 1100 1898 nimirum
1114 1864 1196 1904 illa,

329 1925 402 1956 quae
413 1924 478 1948 tam
490 1914 529 1947 de
540 1915 711 1953 creaturis,
737 1924 834 1954 quam
843 1915 887 1947 de
900 1915 975 1947 Deo
987 1914 1195 1956 praedicantnr

329 1963 562 1998 essentialiter:
589 1965 624 1997 in
647 1962 698 1997 his
725 1964 845 2007 quippe
855 1963 1129 1997 omnibuslocurn
1142 1962 1195 1996 ha-

328 2013 386 2047 bet
407 2014 492 2048 ratio
511 2013 577 2056 jam
598 2014 707 2048 statim
729 2014 830 2047 facta.
857 2013 1011 2056 Analoga
1035 2011 1111 2046 vero
1124 2013 1195 2045 sunt

324 2062 471 2108 sapiens,
490 2062 613 2104 justus,
638 2062 815 2105 misericors,
833 2061 956 2103 sciens,
979 2062 1108 2100 volens,
1136 2063 1191 2094 &c-

332 2117 422 2146 Βατία
432 2113 486 2153 est:
515 2112 605 2159 Qia
626 2111 830 2153 praedicatum
843 2110 1018 2152 analogum
1030 2110 1074 2142 est
1089 2109 1194 2148 illud,

330 2161 422 2206 quod
443 2161 602 2205 fignificat
626 2161 715 2202 plura
727 2159 811 2192 idem
824 2160 915 2192 suum
928 2159 1065 2192 formale
1079 2157 1194 2200 fignifi-

329 2222 440 2246 catum
453 2212 487 2244 in
502 2211 532 2244 se
545 2210 670 2244 diverso
683 2208 783 2243 modo
796 2207 950 2242 habentia
962 2209 1068 2250 :atqui
1080 2218 1194 2241 omnia

329 2261 391 2296 ista
402 2260 528 2304 praefata
542 2258 710 2302 praedicata
723 2258 907 2302 significant
920 2259 953 2290 in
967 2258 1052 2290 testo
1063 2258 1172 2290 Deum

327 2310 524 2348 homiuem,
550 2309 583 2342 &
611 2307 780 2351 Angelum
804 2330 815 2346 ‚
841 2306 996 2341 habentes
1014 2307 1106 2340 suum
1133 2306 1184 2339 for

328 2361 414 2395 male
435 2358 650 2402 significatum
679 2356 807 2391 diverso
833 2355 955 2391 modo:
983 2366 1061 2400 ergo
1082 2366 1194 2388 omnia

327 2410 390 2444 ista
402 2410 542 2452 respestu
566 2406 833 2441 Dei&creaturae
843 2408 916 2440 sunt
929 2406 1099 2449 praedicata
1121 2415 1182 2438 ana

327 2461 425 2505 loga.
460 2461 549 2492 Pam
560 2463 678 2491 minor:
704 2458 795 2502 Qia
818 2457 949 2490 istarum
962 2466 1081 2490 vocum
1094 2454 1175 2499 figur

329 2512 427 2545 ficata
443 2508 591 2542 formalia
619 2509 692 2541 sunt
705 2507 881 2549 sapientia,
906 2506 1046 2548 justitia,
1080 2506 1194 2539 miserr-

331 2560 468 2598 cordia,
495 2558 554 2592 &c-
570 2558 674 2600 Atqui
688 2556 751 2590 haec
763 2556 921 2591 habentur
942 2555 1009 2589 alio
1031 2555 1132 2588 modo
1154 2554 1195 2588 ab

331 2609 468 2644 homine
482 2621 492 2651 ;
505 2608 522 2642 a
535 2609 610 2642 Deo
622 2608 740 2651 quippe
754 2605 913 2640 habentur
922 2605 1139 2639 essentialiter·
1156 2604 1196 2638 ab

331 2659 470 2694 homine
493 2658 598 2692 solnm
621 2657 863 2691 accidentaliter
877 2670 888 2690 .-
916 2656 994 2689 item
1012 2657 1029 2690 a
1054 2657 1129 2689 Deo
1143 2666 1196 2698 per

331 2711 451 2744 realem
474 2708 782 2748 identificationem
815 2706 854 2740 ab
882 2704 1018 2740 homine
1039 2705 1197 2739 habentur

331 2771 386 2803 per
410 2756 569 2803 physicam
593 2758 862 2792 informationem
885 2769 895 2789 :
933 2756 987 2798 qui
1013 2757 1085 2789 sunt
1106 2754 1195 2789 modi

331 2808 472 2844 habendi
496 2807 589 2851 plane
599 2808 725 2842 diversi.
752 2806 874 2840 Omnia
886 2817 964 2849 ergo
977 2805 1033 2838 ista
1046 2804 1195 2848 praedica-

330 2869 366 2894 ta
389 2859 527 2902 respectu
547 2858 613 2892 Dei
635 2858 670 2891 &
694 2866 845 2891 creat-urae
856 2857 930 2889 sunt
942 2856 1102 2899 analoga.
1129 2864 1197 2896 quae

331 2909 373 2945 de
390 2919 526 2950 utroque
535 2919 602 2941 non
617 2907 830 2951 praedicantnr
840 2905 1068 2945 essentialiter,
1095 2902 1145 2938 sed
1158 2904 1197 2937 de

308 2971 317 2982 ·
331 2971 403 2994 uno
423 2958 654 2997 enentialiter,
680 2958 714 2992 ὃς
743 2955 782 2990 de
804 2955 869 2990 alio
889 2947 1097 2997 praedicantur
1116 2954 1196 2987 acci—

331 3009 502 3044 dentaliter
524 3033 531 3041 .
559 3008 602 3041 Et
624 3006 702 3042 hinc
727 3005 836 3041 adhuc
860 3006 964 3050 magis
983 3014 1069 3047 patet
1092 3005 1197 3043 ratio,

331 3072 388 3094 cut
407 3058 546 3096 dixerim
569 3058 660 3101 supra
692 3068 806 3091 vocem
836 3055 918 3088 bomo
940 3054 1002 3088 esse
1025 3028 1197 3098 analogarri

331 3111 476 3153 respectu
489 3106 620 3142 Petri&
635 3108 738 3141 Verbi
751 3106 854 3140 divini
869 3131 876 3138 .
1072 3118 1074 3121 v

382 3160 435 3195 60.
463 3161 600 3201 Sequitur
621 3159 746 3199 quinta:
776 3156 904 3191 Vocem
927 3154 1112 3190 abstrastam
1124 3165 1180 3188 cor

333 3207 581 3252 respondentem
590 3209 668 3243 voci
679 3217 837 3242 concretae
846 3205 992 3251 analogae
1010 3229 1021 3246 ‚
1031 3207 1092 3239 esle
1102 3215 1198 3248 quan·

334 3257 441 3300 doque
463 3257 656 3300 univocam;
684 3256 769 3291 verb.
790 3267 835 3301 gr.
858 3267 952 3291 voces
976 3266 1133 3289 concrerae
1150 3253 1199 3297 sa-

333 3310 420 3347 piens
437 3331 447 3346 ,
465 3309 560 3348 ‚iustus
576 3333 587 3350 ,
611 3306 773 3351 misericors
797 3330 808 3346 ,
834 3308 891 3340 (π.
916 3306 1053 3349 respectu
1081 3304 1199 3338 Der&

338 3352 481 3388 hominis
495 3359 566 3391 sunt
583 3358 732 3402 analogae
746 3369 755 3400 3
781 3365 924 3390 attamen
937 3366 1031 3389 voces
1043 3354 1200 3388 abstrasiae

339 3403 406 3437 illis
423 3408 704 3448 correspondentes
726 3431 737 3448 ,
772 3405 893 3440 scilicet
908 3404 1060 3449 sapientia
1089 3429 1100 3445 ,
1117 3404 1198 3445 justi·

341 3458 411 3496 *³⁴2
434 3452 648 3498 misericordia,
677 3459 733 3492 (π.
758 3457 897 3501 respectu
909 3453 1199 3492 humanae&divi-

1261 135 1318 182 X.
1389 140 1529 184 Dua.
1602 139 1701 185 VII.

1269 229 1317 255 uz
1337 219 1409 255 sunt
1429 231 1523 255 voces
1544 220 1691 255 univocae
1707 243 1715 252 .
1742 219 1887 254 Probatur
1909 233 1917 252 :

1269 270 1406 305 univoca
1436 271 1480 306 est
1506 282 1571 305 vox
1591 271 1772 315 significans
1796 270 1910 313 plura,
1934 272 2020 306 idem
2035 271 2128 303 suum

1268 319 1444 364 principale
1465 321 1680 366 significatum
1706 320 1822 354 eodem
1845 319 1956 357 modo.
1973 321 2009 355 iu
2034 321 2065 354 se
2075 317 2129 352 ha-

1268 368 1394 404 bentia:
1422 375 1511 414 atqui
1535 383 1600 405 vox
1620 371 1805 413 justitia(&
1829 369 1916 403 idem
1926 369 2126 411 estdealiis)

1265 419 1310 454 est
1331 431 1397 455 vox
1421 422 1603 464 significans
1630 422 1791 464 Iustitiam
1804 419 2128 459 humanamdedivi-

1265 479 1339 504 nam
1360 495 1371 511 ,
1398 468 1549 504 habentes
1572 473 1605 505 in
1628 472 1660 505 se
1683 472 1771 506 idem
1797 471 1890 504 suum
1912 468 2126 513 significatum

1264 518 1458 562 principale,
1483 520 1599 554 eodem
1618 520 1741 556 modo:
1767 530 1847 565 ergo
1868 519 1912 552 est
1925 519 2064 561 respestu
2076 528 2125 553 ea·

1263 580 1332 604 rum
1358 581 1421 602 vox
1442 571 1581 604 univoca
1600 595 1608 602 .
1635 570 1782 603 Probatur
1802 576 1914 604 minor:
1944 568 2035 614 Qia
2059 577 2127 602 tam

1262 619 1388 661 Justitia
1410 618 1574 660 humana,
1600 630 1697 663 quam
1719 619 1829 654 divina
1853 619 1975 654 habent
1991 618 2025 652 in
2039 617 2069 651 se
2081 628 2128 650 ra-

1261 671 1384 703 tionem
1407 669 1542 712 Justitiae
1563 671 1597 703 in
1617 680 1734 714 genere
1754 670 1772 703 a
1784 680 1862 704 voce
1866 673 1897 714 J
1901 667 1998 708 ustitia
2011 668 2129 711 princi·

1263 719 1374 761 paliter
1393 718 1604 763 fignificatam
1628 719 1863 761 effeutialiter;
1890 720 1967 753 ficut
1992 717 2126 752 inferius

1262 769 1342 803 solet
1365 767 1480 802 habere
1498 770 1588 803 suurn
1617 767 1757 812 superius
1777 781 1785 801 :
1811 779 1890 813 ergo
1911 767 2032 804 habent
2053 778 2125 801 eam

1259 819 1374 852 eodem
1387 818 1526 853 habendi
1539 818 1639 853 modo
1651 844 1658 851 .
1681 821 1726 852 Et
1737 818 1917 860 bincpatet:
1943 817 2126 866 Qomodo

1260 867 1441 904 cohaereant
1464 870 1541 911 illa,
1567 881 1637 913 quae
1656 869 1746 912 supra
1769 869 1864 908 dixi,
1892 867 2046 902 nimirum
2068 878 2123 900 vo-

1260 931 1330 952 cem
1352 918 1520 953 bumanitas
1541 920 1604 953 esse
1626 920 1799 954 univocam
1821 919 1863 953 ad
1889 915 2127 952 humanitatem

1261 969 1381 1009 Verbi,
1406 971 1438 1004 ἀ
1460 969 1693 1004 humanitatem
1711 968 1821 1009 Petri,
1847 979 1923 1003 cum
1944 977 2051 1002 tamen
2060 978 2127 1000 vox

1945 219 2036 267 Qia
2060 230 2128 253 vox

1259 1018 1340 1052 bomo
1352 1019 1392 1054 ad
1406 1019 1551 1054 Verbum
1564 1020 1597 1054 &
1612 1020 1743 1053 Petrum
1759 1019 1795 1052 sit
1807 1029 1872 1053 vox
1885 1017 2024 1062 analoga
2040 1042 2047 1049 .
2074 1020 2127 1048 Ex

1258 1081 1314 1111 quo
1325 1075 1416 1103 etiam
1426 1078 1515 1111 patet
1530 1082 1543 1108 ,-
1569 1069 1670 1116 Qod
1694 1080 1759 1102 vox
1782 1070 1862 1102 Deus
1882 1069 2020 1111 respestu
2035 1065 2130 1100 Chri·

1260 1119 1298 1152 sti
1309 1120 1343 1153 δε
1365 1119 1469 1153 Patris
1491 1120 1629 1154 univoca
1641 1144 1651 1160 ,
1677 1119 1817 1162 respestu
1829 1118 1972 1153 Patris&
1985 1116 2129 1151 hominis

1258 1167 1295 1201 fit
1310 1169 1470 1214 analoga:
1497 1178 1532 1203 ut
1542 1169 1612 1202 dixi
1623 1169 1732 1211 jamin
1746 1167 1842 1202 fimili
1853 1168 1894 1207 de
1906 1177 1986 1201 voce
2001 1165 2083 1199 bomo
2094 1190 2103 1198 .

1309 1217 1362 1254 61.
1388 1221 1526 1261 sequitur
1544 1217 1651 1261 sexta:
1679 1218 1827 1252 Eandem
1849 1227 1965 1253 vocem
1988 1227 2058 1250 non
2083 1216 2134 1249 so-

1258 1267 1325 1301 lum
1339 1268 1480 1312 tespeilu
1497 1267 1710 1310 diversorum
1738 1268 1791 1302 sed
1816 1270 1915 1302 etiam
1928 1267 2070 1310 respectu
2079 1275 2134 1299 eo-

1258 1318 1426 1359 rumdem,
1447 1318 1544 1362 idque
1567 1330 1635 1353 non
1658 1317 1764 1352 solum
1787 1318 1915 1352 ratione
1933 1316 2130 1350 diversorum

1259 1368 1511 1413 significatorum
1529 1368 1742 1408 formalium,
1767 1378 1804 1402 ut
1828 1367 1900 1402 dixi
1925 1367 2014 1408 supra
2026 1364 2096 1398 dub.
2089 1376 2131 1410 ..5

1260 1420 1297 1454 de
1322 1430 1390 1453 voce
1402 1424 1578 1461 aequiv0c0;
1604 1418 1658 1453 sed
1679 1419 1777 1452 etiam
1789 1418 1915 1451 ratione
1930 1414 2071 1458 ejusdem
2096 1414 2133 1446 fi-

1259 1468 1409 1513 gnificati
1430 1468 1607 1509 formalis,
1643 1469 1732 1511 posse
1755 1469 1817 1501 effe
1837 1467 1932 1502 simul
1955 1465 2131 1499 univocam

1259 1518 1493 1563 &analogam.
1523 1517 1631 1552 Prima
1643 1519 1751 1551 fronte
1772 1527 1902 1560 apparet
1914 1518 2053 1556 mirum;
2075 1511 2131 1549 sed

1260 1570 1351 1616 spero
1364 1570 1454 1609 fore,
1482 1578 1518 1603 ut
1530 1567 1906 1602 statimdesinasmirari.
1938 1565 2131 1607 Talesergo

1260 1629 1355 1652 voces
1367 1619 1524 1659 sunteas,
1545 1616 1733 1661 substantia,
1756 1622 1890 1657 vivens,
1917 1615 2055 1658 respectu
2066 1611 2127 1648 ho·
2181 1631 2184 1636 ·

1259 1669 1357 1702 minis
1377 1668 1411 1701 ὅ(
1439 1667 1526 1708 Dei,
1552 1668 1688 1710 respectu
1710 1666 1853 1701 hominis
1874 1667 1905 1700 &
1933 1665 2039 1702 bruti,
2063 1664 2127 1706 &c-

1260 1717 1471 1761 Accipiamus
1496 1727 1611 1752 vocem
1631 1723 1742 1751 vivens
1768 1729 1776 1749 :
1794 1715 1944 1750 omnium
1966 1716 2056 1748 enim
2079 1723 2132 1748 ea·

1258 1768 1333 1802 dem
1342 1768 1387 1800 est
1400 1768 1483 1801 ratio
1500 1791 1508 1800 .
1536 1765 1639 1814 Qod
1650 1778 1729 1811 ergo
1754 1776 1816 1800 vox
1839 1765 1907 1799 haec
1918 1766 2060 1808 respectu
2071 1761 2130 1797 hm

1259 1817 1356 1855 minis
1380 1816 1414 1851 &
1437 1816 1523 1851 bruti
1550 1817 1690 1857 univoca
1706 1817 1767 1855 fit,
1793 1825 1890 1849 nemo
1903 1814 2059 1859 negabit·
2083 1812 2125 1846 de

1259 1878 1398 1912 utroque
1411 1868 1501 1902 enim
1519 1866 1704 1911 praedicatur
1724 1863 1950 1902 essentialiter,
1975 1862 2130 1908 fignifica-

1259 1927 1394 1960 tumque
1419 1917 1486 1960 ejus
1495 1917 1652 1956 formale,
1679 1915 1803 1951 scilicet
1823 1914 1915 1954 vita,
1938 1913 1980 1948 ab
1990 1921 2130 1960 utroque

1259 1965 1394 1999 habetur
1412 1963 1530 2000 eodem
1557 1965 1657 2000 modo
1681 1978 1688 1997 :
1726 1964 1881 1998 nimirum
1897 1954 2131 2019 essentialiter,

1258 2026 1299 2048 eo
1313 2013 1435 2055 modo,
1462 2025 1530 2058 quo
1539 2023 1651 2049 natura
1660 2013 1810 2059 generica
1822 2011 1934 2047 haberi
1945 2011 2054 2048 soleta
2065 2005 2131 2049 suis

1258 2064 1440 2107 speciebus.

1307 2113 1362 2148 62.
1390 2111 1493 2158 Qod
1514 2115 1654 2154 respectu
1679 2124 1812 2153 eorum,
1837 2111 1964 2146 tatione
1987 2101 2133 2154 ejusdem

1258 2160 1304 2194 sui
1324 2160 1470 2195 formalis
1492 2160 1689 2205 significati,
1715 2160 1838 2194 scilicet
1859 2158 1956 2199 vita,
1980 2159 2020 2193 sit
2029 2159 2131 2193 etiam

1258 2210 1397 2255 analoga
1410 2234 1421 2250 ‚
1442 2209 1549 2252 probo:
1579 2210 1669 2257 Quia
1691 2220 1754 2252 vox
1773 2209 1912 2254 analoga
1933 2208 1979 2243 est
2006 2219 2073 2242 vox
2095 2206 2133 2241 sr-

1257 2260 1418 2305 gnificans
1441 2260 1531 2302 plura
1552 2282 1563 2298 ,
1589 2259 1677 2293 idem
1700 2260 1791 2293 snum
1811 2258 1947 2292 formale
1972 2258 2130 2303 significa-

1257 2320 1329 2343 tum
1351 2308 1506 2342 habentia
1527 2308 1655 2342 diverso
1678 2309 1800 2344 modo:
1827 2307 1918 2348 atqui
1944 2317 2008 2340 vox
2020 2311 2133 2340 vivens

1257 2358 1300 2392 est
1313 2358 1409 2392 talis:
1434 2357 1688 2402 fignificatenim
1701 2356 1871 2392 hominem
1883 2357 1915 2392 δι
1928 2356 2059 2391 brutum
2073 2355 2130 2395 ha,-

1257 2408 1365 2442 bentia
1389 2408 1488 2442 vitam
1506 2408 1524 2442 a
1541 2409 1569 2442 se
1581 2407 1622 2442 de
1638 2407 1767 2442 formali
1778 2407 1990 2452 significatam
2002 2405 2131 2441 diverso

1256 2457 1374 2493 modo.
1407 2458 1547 2492 Brutum
1557 2457 1645 2492 enim
1658 2457 1757 2491 habet
1769 2459 1869 2490 vitam
1883 2457 1917 2490 in
1929 2457 1961 2490 se
1986 2456 2133 2501 essentia-

1257 2509 1328 2542 liter
1351 2521 1360 2550 ;
1402 2507 1506 2542 homo
1544 2506 1622 2542 vero
1648 2506 1746 2541 habet
1773 2506 1861 2540 illam
1887 2504 2131 2539 accidentaliter

1256 2558 1499 2602 (quamtumvis
1519 2567 1627 2591 tamen
1650 2567 1722 2590 eam
1745 2554 1863 2590 habeat
1883 2565 2015 2598 quoque
2028 2553 2129 2588 effen-

1256 2608 1392 2642 tialitet.
1402 2605 1529 2651 >Ergo
1551 2607 1692 2649 respestu
1719 2616 1832 2640 eorum
1860 2617 1926 2639 vox
1949 2609 2056 2638 vivens
2081 2605 2129 2640 est

1256 2658 1354 2692 etiam
1366 2656 1525 2701 analoga.
1556 2659 1692 2688 Primam
1716 2660 1836 2688 minoris
1854 2663 1978 2696 partem
1987 2665 2068 2687 nemo
2079 2663 2131 2687 ne-

1250 2707 1358 2751 gabat:
1385 2709 1418 2740 Θ
1439 2718 1489 2750 ego
1511 2717 1623 2749 quoque
1642 2705 1733 2746 probo
1754 2704 1888 2747 efficactff
1876 2715 1932 2738 me
1922 2702 2126 2747 secundam

1258 2757 1347 2803 Qia
1370 2755 1488 2790 risibile
1512 2756 1562 2790 vel
1576 2753 1734 2789 risibilitas
1745 2754 1825 2788 mest
1839 2752 1968 2788 homini
1980 2752 2131 2788 acciden-

1257 2806 1383 2840 taliter:
1411 2816 1491 2850 ergo
1513 2806 1611 2840 etiam
1637 2806 1702 2838 vita
1716 2803 1797 2837 inest
1809 2801 2131 2838 hominiaccidenta-

1257 2856 1351 2890 liter.
1380 2856 1529 2896 Probatur
1549 2853 1663 2898 conseq.
1672 2865 1710 2887 ex
1733 2859 1834 2897 prima
1846 2854 1948 2897 regula
1970 2861 2131 2895 antepre-

1258 2906 1474 2940 dicamentalt-
1468 2931 1475 2938 .
1505 2905 1596 2953 Qia
1621 2903 1734 2939 omnia
1758 2904 1935 2937 essentialia
1959 2903 2131 2947 praedicata

1260 2956 1420 3001 praedicati
1431 2956 1542 2990 insunt
1554 2953 1694 2999 subjesto
1703 2964 1744 2988 eo
1757 2953 1858 2987 modo
1869 2977 1880 2994 ‚
1904 2964 1970 2996 quo
1985 2953 2033 2986 illi
2046 2952 2129 2987 inest

1260 3006 1464 3050 praedicatum
1477 3018 1490 3042 ·.
1513 3005 1603 3049 atqui
1624 3004 1734 3038 vivens
1756 3003 1800 3036 est
1815 3003 2018 3046 praedicatum
2031 3003 2147 3035 essem.

1259 3057 1340 3091 tiale
1353 3055 1502 3096 risibilis,
1529 3055 1563 3090 δε
1581 3054 1647 3089 vita
1671 3053 1716 3088 est
1737 3053 1944 3096 praedicatum
1966 3050 2128 3086 effentiale

1259 3106 1443 3141 rifibilitatis
1455 3118 1465 3138 :
1493 3116 1529 3139 ut
1543 3102 1598 3138 hic
1615 3115 1682 3139 non
1695 3103 1819 3147 probo,
1837 3101 1889 3136 sed
1902 3102 2048 3144 suppono
2059 3112 2130 3145 pro-

1261 3156 1392 3191 baturus
1425 3155 1507 3190 illud
1532 3151 1744 3189 efficaciffime
1764 3152 1860 3186 alibi.
1889 3151 1978 3195 Ergo
2002 3151 2066 3184 vita
2088 3155 2152 3195 eo'

1260 3204 1360 3240 modo
1382 3205 1465 3240 inest
1486 3204 1650 3244 homini,
1677 3211 1742 3248 quo
1769 3201 1818 3236 illi
1837 3200 1919 3235 inest
1945 3200 2128 3235 risibilitas.-

1261 3257 1350 3299 atqui
1363 3255 1527 3290 risibilitas
1539 3253 1619 3288 inest
1635 3252 1762 3288 homini
1775 3251 2035 3286 accidentaliter:
2049 3261 2129 3294 ergo

1261 3306 1360 3340 etiam
1383 3307 1450 3340 vita
1473 3304 1553 3340 inest
1574 3303 1700 3339 homini
1718 3301 1977 3337 accidentaliter.
2004 3299 2065 3333 Sed
2089 3298 2129 3334 de

1263 3365 1337 3391 toto
1350 3354 1413 3391 hoc
1422 3354 1562 3390 discursu
1583 3354 1659 3388 alias
1672 3353 1782 3386 latius.

1317 3406 1371 3454 63.
1399 3410 1506 3440 Dices:
1535 3403 1657 3438 Eadem
1668 3404 1793 3444 forma,
1818 3402 1967 3437 seuidem
1979 3399 2134 3445 fignifica-

1266 3465 1338 3493 tum
1359 3455 1499 3499 formale
1522 3465 1591 3490 non
1617 3453 1720 3499 potest
1732 3453 1851 3491 eisdem
1866 3450 2009 3498 subjectis
2020 3450 2081 3534 rseffe
2093 3450 2137 3484 es·

2035 3510 2089 3535 en-
