2384 3770
376 133 472 166 222

333 217 383 244 ter
421 233 433 249 ,
471 203 568 239 semel
604 201 789 246 simpliciter
819 226 830 243 ,
856 202 928 236 vvel
965 202 1174 246 personaliter
1200 227 1211 243 ,

334 268 391 292 aut
414 257 581 296 econtra3
609 253 694 288 verb.
705 262 786 297 grat.
799 263 872 287 curn
884 251 984 293 dico,
1011 257 1116 286 omnis
1130 252 1211 286 homo

332 307 369 344 est
395 305 531 338 animal:
558 309 645 347 atqui
666 304 784 336 animal
801 302 838 343 est
854 313 970 346 genus:
995 313 1061 347 ergo
1080 303 1161 335 bomo
1172 302 1210 343 est

329 366 426 400 genus
445 379 453 388 .
481 354 582 388 Muto
604 364 709 398 genus
729 352 929 395 acceptionis
953 364 960 384 :
988 364 1064 386 nam
1093 364 1208 388 vocem

331 406 451 440 animal
472 414 637 448 acceptam
659 404 694 438 in
714 402 828 446 majori
851 400 1063 445 personaliter
1090 426 1102 442 ,
1127 404 1208 437 acci·

330 456 387 498 pio
412 456 447 488 in
477 454 599 495 minori
623 453 828 497 simpliciter.
856 452 939 486 Item
952 462 1065 486 vocem
1078 451 1206 486 bomoin

330 504 445 548 majori
471 505 641 548 ‘sumptam
672 502 881 547 personaliter
912 502 1005 535 sumo
1038 502 1078 544 in·
1099 504 1207 537 conse—

332 565 454 599 quente
476 554 662 597 simpliciter
684 578 692 585 .
733 551 866 585 Mutare
896 550 974 585 vero
997 562 1099 596 genus
1122 563 1207 586 acce-

332 605 456 649 ptionis
479 606 514 638 in
538 603 795 648 propositionum
820 600 1026 644 oppositione
1049 602 1094 635 est
1109 602 1205 645 subje-

331 657 419 690 &um
439 654 537 688 unius
553 653 706 696 oppofitae
727 651 869 694 accipere
891 650 1078 694 simpliciter
1102 664 1112 694 ·,
1138 652 1207 687 sub-

329 706 446 750 iedium
469 702 546 737 vero
568 704 699 738 alterius
720 702 867 744 accipere
894 701 1104 735 materialiter
1121 724 1133 741 ,
1159 702 1208 735 vel

331 754 566 799 personaliter,
594 751 646 787 vel
664 752 682 786 ὲ
696 762 811 786 contra
825 776 834 793 ‚
865 750 948 785 verb.
963 762 1010 795 gr.
1022 761 1096 785 cum
1108 750 1185 785 dico
1198 775 1208 792 ,

332 806 449 839 Nullus
472 804 553 837 bomo
574 802 612 842 est
625 801 738 845 species
762 826 773 842 ,
799 800 881 834 bomo
903 801 940 841 est
957 799 1066 843 species
1078 825 1090 841 ,
1116 812 1209 836 muto

331 866 438 902 genus
469 851 689 895 acceptionis.-
718 853 795 896 quia
817 849 992 894 subjeetum
1017 851 1127 894 prima:
1152 862 1207 894 op-

331 904 439 950 positae
462 902 620 945 accipitur
646 900 856 945 personaliter
879 914 893 943 ;
932 901 1106 944 subjestum
1135 900 1210 936 vero

331 952 479 990 secundae
501 951 658 995 accipitur
685 950 887 994 simpliciter.

383 1012 437 1050 23.
466 1001 585 1046 Logici
604 1013 684 1046 ergo
705 1000 920 1041 damnantes,
945 1000 1030 1037 &ab
1040 1012 1206 1047 argumew

330 1052 514 1089 tationibus
530 1075 541 1092 ,
568 1050 786 1096 oppositisque
812 1050 1086 1095 propositionibus
1107 1051 1208 1086 elimi-

331 1113 449 1139 nantes
470 1102 685 1137 mutationem
708 1101 908 1145 acceptionis
928 1126 939 1142 ‚
978 1113 1047 1136 non
1072 1102 1210 1140 volunt,

331 1164 370 1189 ut
392 1154 427 1188 in
450 1149 813 1198 argumentationibus,
838 1162 895 1186 aut
922 1151 1076 1195 oppositis
1096 1162 1208 1194 propo·

331 1203 505 1239 sitionibus
529 1214 596 1238 non
617 1203 678 1236 sint
700 1202 822 1236 diversa
833 1212 950 1247 genera
962 1201 1208 1243 acceptionum.

331 1255 435 1295 Hoc,
462 1253 617 1296 inquam,
644 1252 735 1286 nulla
758 1251 883 1286 ratione
895 1250 1035 1285 volunt:
1061 1250 1150 1293 Quia
1161 1248 1208 1284 di-

331 1305 423 1338 versa
448 1303 678 1347 acceptionum
700 1313 819 1345 genera
841 1301 970 1345 reperiri
994 1301 1125 1344 possunt
1138 1312 1205 1335 tion

331 1353 544 1389 solummodo
582 1353 617 1387 in
655 1350 768 1389 eadem
801 1351 1085 1396 argumentatione
1109 1362 1119 1392 ;
1154 1351 1207 1385 sed

330 1404 433 1438 etiam
455 1404 489 1436 in
510 1401 622 1437 eadem
644 1401 778 1445 simplici
803 1400 1042 1445 propositione3
1072 1400 1207 1445 verb.gr.

329 1453 367 1487 in
393 1450 455 1487 hac
480 1451 696 1496 propositione
718 1475 729 1491 ‚
756 1459 850 1487 Homo
871 1450 910 1491 est
927 1448 1040 1493 species
1064 1474 1075 1491 ‚
1102 1450 1207 1495 subje-

329 1504 418 1537 ssum
432 1503 633 1547 simpliciter,
660 1501 868 1546 praedicatum
885 1500 960 1535 vero
974 1502 1131 1544 accipitur
1142 1511 1209 1545 per·

329 1551 482 1587 sonaliter
495 1577 502 1584 .
529 1553 567 1586 In
587 1551 650 1586 hac
662 1551 905 1594 propositione,
932 1554 1020 1584 Homo
1031 1550 1070 1591 est
1080 1561 1207 1592 nomen,

328 1601 505 1645 subjestum
526 1601 736 1635 materialiter
760 1612 769 1642 ;
808 1601 1017 1643 praedicatum
1053 1602 1209 1644 accipitur

329 1651 566 1696 personaliter:
593 1651 691 1684 Mens
713 1660 793 1696 ergo
804 1649 1009 1695 Logicorum
1019 1650 1064 1684 est
1079 1675 1091 1691 ‚
1117 1650 1208 1693 quod

328 1713 400 1736 non
426 1700 520 1744 poffit
543 1699 657 1736 variari
687 1700 889 1742 acceptionis
912 1710 1016 1744 genus
1034 1699 1070 1732 in
1092 1700 1209 1734 eodem

328 1750 498 1791 termino,
523 1750 558 1784 in
579 1749 699 1786 eodem
719 1749 879 1792 subjesto:
912 1750 1001 1792 quod
1025 1748 1113 1784 idem
1144 1760 1210 1784 rer-

327 1800 437 1835 minus
465 1809 533 1833 non
557 1799 780 1843 poffitvaccipi
800 1798 902 1834 modo
921 1798 1006 1841 hoc,
1033 1799 1210 1834 modoisto

327 1850 529 1895 acceptionis
541 1860 681 1894 genere..-
708 1860 743 1883 ut
763 1849 828 1892 jam
839 1849 969 1884 ostendi
985 1873 993 1880 .
1020 1850 1085 1884 His
1101 1848 1211 1893 positis

380 1912 435 1950 24.
465 1898 552 1942 Resp-
573 1900 607 1935 (5
635 1899 699 1931 dico
713 1901 831 1939 primo:
858 1900 896 1932 In
921 1898 1210 1942 argumentationi-

328 1950 415 1994 bus,
441 1951 475 1984 &
498 1949 654 1993 oppositis
682 1945 958 1991 propositionibus
982 1948 1103 1990 semper
1117 1946 1211 1980 vitio-

327 2002 401 2035 sum
420 2000 465 2035 est
496 2009 620 2034 mutare
644 1997 870 2042 acceptionem
882 1996 1081 2030 materialem
1098 1997 1131 2030 in
1144 1997 1212 2031 for-

327 2049 451 2093 malem
466 2074 477 2091 ‚
515 2049 576 2083 sive
611 2048 788 2091 simplicem
828 2047 890 2080 sive
914 2046 1114 2089 personalem
1136 2046 1170 2080 ἀ
1194 2046 1212 2079 ὲ

331 2109 468 2135 contra.
494 2103 540 2131 De
566 2097 699 2140 oppositis
721 2101 797 2128 ratio
817 2095 856 2134 est
867 2095 965 2126 clara:
994 2095 1084 2140 Qia
1110 2106 1211 2136 oppo-

330 2151 395 2184 sitae
417 2148 535 2183 debent
563 2146 625 2180 effe
646 2143 821 2179 affirmatio
835 2143 885 2186 ,δε
913 2143 1048 2186 negatio
1069 2142 1210 2185 ejusdem

330 2201 378 2235 rei
402 2199 444 2233 de
467 2197 579 2231 eadem
602 2205 635 2229 re
654 2208 665 2227 :
712 2192 818 2237 Atqui
843 2192 865 2225 si
897 2202 1041 2226 mutetur
1063 2192 1211 2235 acceptio

331 2247 507 2284 materialis
535 2247 568 2279 in
581 2243 778 2283 formalem,
804 2240 1032 2282 antecontra‚
1061 2253 1128 2275 non
1142 2241 1213 2284 pos·

332 2301 409 2334 sunt
431 2297 493 2331 esse
518 2294 691 2329 affirmatio
716 2293 750 2325 δε
774 2290 911 2334 negatio
938 2290 1079 2333 ejusdem
1101 2290 1146 2324 rei
1171 2290 1213 2324 de

332 2348 447 2384 eadem
469 2356 524 2379 re.-
550 2353 630 2387 ergo
653 2343 775 2385 semper
790 2340 947 2374 vitiosum
969 2340 1013 2373 est
1028 2341 1062 2374 in
1075 2340 1212 2384 proposi·

333 2397 483 2433 tionibus
501 2391 657 2438 oppositis
682 2392 784 2426 facere
811 2390 977 2424 transitum
1000 2391 1084 2426 inter
1097 2389 1213 2424 hasac·

334 2447 520 2492 ceptiones.
553 2441 702 2476 Probatur
724 2446 820 2473 minor
835 2454 846 2474 .·
871 2440 959 2486 Quia
971 2441 1050 2476 dum
1069 2441 1104 2474 in
1116 2439 1216 2482 subje-

334 2500 389 2535 610
412 2494 630 2541 oppositarum
653 2492 737 2526 inter
760 2489 818 2524 has
833 2491 1069 2533 suppositiones
1082 2491 1117 2525 fit
1131 2500 1213 2524 tran·

333 2550 411 2583 situs
425 2571 436 2587 ,
462 2543 664 2589 praedicatum
692 2551 803 2575 earum
816 2539 910 2573 semel
923 2541 1098 2574 affirmatur
1109 2540 1150 2574 de
1163 2551 1215 2574 vo-

335 2610 374 2633 ce
395 2595 553 2638 subjecta,
579 2594 614 2627 δι
635 2592 732 2625 semel
756 2599 892 2634 negatur
912 2590 953 2625 de
965 2591 1147 2635 significato
1164 2601 1214 2623 vo·

334 2648 384 2683 cis
406 2645 573 2688 subjestae3
601 2642 651 2676 vel
672 2641 693 2676 ὲ
714 2651 830 2675 contra
852 2651 990 2686 negatur
1001 2639 1040 2675 de
1053 2652 1157 2680 voce,
1183 2641 1216 2674 ὅ(

337 2697 516 2732 affirmatur
537 2693 579 2727 de
599 2692 666 2736 ejus
691 2692 893 2736 significato:
921 2689 1011 2734 atqui
1033 2702 1097 2726 vox
1111 2715 1122 2731 ,
1148 2701 1217 2734 quae

338 2749 384 2782 est
406 2744 625 2789 oppositarum
646 2741 821 2783 subjeetum
845 2765 855 2780 ‚
893 2742 927 2775 &
949 2740 1040 2775 istius
1064 2741 1155 2775 vocis
1179 2740 1216 2773 fi-

340 2796 533 2843 gnificatum
556 2803 625 2826 non
655 2793 729 2826 sunt
745 2790 857 2825 eadem
883 2802 930 2824 res
953 2803 964 2834 ·,
990 2790 1044 2824 sed
1069 2791 1216 2830 diversa,

341 2847 530 2889 realiterque
551 2841 708 2877 distinctae
732 2855 743 2874 :
769 2851 848 2885 ergo
875 2841 954 2875 dum
978 2840 1066 2876 inter,
1086 2839 1144 2875 has
1170 2850 1218 2872 ac-

344 2897 514 2940 ceptiones
535 2894 572 2927 sit
594 2891 764 2932 transitus,
792 2902 862 2926 non
886 2890 988 2935 potest
1012 2891 1074 2924 esse
1086 2890 1217 2924 affirma·

343 2949 395 2982 tio
413 2946 447 2980 δε
471 2943 603 2989 negatio
625 2941 768 2985 ejusdem
790 2940 898 2974 rei‘de
916 2940 1028 2973 eadem
1042 2951 1093 2974 re.

395 3007 454 3043 25.
478 2994 618 3029 Similiter
648 2998 680 3025 in
702 2989 1005 3035 argumentationibus
1023 2995 1170 3034 negotium
1181 2988 1218 3027 est

347 3049 478 3082 claerum:
499 3042 600 3089 *Quia
620 3042 731 3077 omnis
753 3041 809 3076 illa
827 3041 1071 3086 argumentatio
1105 3040 1219 3073 vitiosa

348 3098 392 3131 est
414 3123 425 3139 ‚
451 3106 521 3138 qua:
542 3092 650 3128 deviat
672 3092 691 3125 a
714 3091 827 3137 regula
849 3093 904 3126 sua
925 3091 1075 3125 direffiva
1096 3103 1104 3123 ε
1130 3090 1219 3132 atqui

351 3148 459 3182 omnis
480 3141 620 3180 omnino
645 3142 905 3187 argumentatio,
931 3141 993 3174 five
1015 3140 1053 3175 sit
1065 3140 1221 3183 exposito-

352 3197 398 3230 ria
423 3198 490 3231 sive
515 3194 720 3234 communis,
748 3192 810 3225 sive
831 3192 868 3226 sit
889 3190 1040 3236 negativa
1063 3191 1124 3224 five
1136 3190 1220 3224 affir-

354 3247 472 3280 mativa
490 3271 500 3288 ,
540 3244 576 3279 in
601 3254 664 3290 qua
687 3242 835 3277 transitur
853 3242 895 3277 de
926 3241 1144 3284 suppositione
1159 3240 1223 3274 for·
1281 3241 1493 3285 syllogismus
1518 3252 1587 3275 non
1623 3238 1726 3283 potest
1763 3248 1895 3282 peccare
1920 3261 1932 3277 ,

355 3295 431 3329 mali
450 3295 484 3328 in
506 3293 705 3330 materialem
728 3316 740 3333 ,
780 3292 833 3326 vel
853 3291 871 3327 ὲ
893 3302 1007 3326 eontra
1025 3316 1036 3331 ,
1076 3290 1185 3325 deviat
1207 3290 1224 3324 a
1283 3290 1478 3326 contrahere
1504 3303 1519 3332 ,-

356 3344 468 3386 regula
492 3345 544 3377 sua
569 3342 745 3378 diresiiva:
769 3353 849 3386 ergo
873 3341 956 3376 mala
974 3342 1044 3381 est,
1069 3342 1103 3376 δε
1124 3341 1224 3375 vitio·-

1247 754 1249 756 ’
1273 763 1325 786 tur
1344 750 1410 786 haec
1429 752 1542 796 regula
1566 775 1578 792 ‚

890 112 1211 160 Dispuur.
1248 113 1366 163 xm.
1405 113 1546 160 DUB.
1585 115 1669 162 1V.

1271 203 1355 239 inter
1375 202 1432 239 has
1454 201 1661 246 acceptiones
1679 200 1782 236 facere
1801 203 1968 237 transitum
1988 227 1996 235 .
2025 201 2135 234 Proba-

1269 262 1318 287 tur
1346 260 1441 288 mia-or
1468 268 1480 288 .·
1516 253 1608 301 Qia
1639 250 1748 296 regula
1767 251 1918 286 dirediva
1955 252 2135 297 syllogismi

1269 304 1454 338 communis
1477 303 1661 338 affirmativi
1686 302 1732 336 est
1754 313 1762 334 :
1784 302 1947 345 ,Quidquid
1969 304 2076 347 decitur
2095 302 2135 334 de

1267 352 1397 396 subjec‘lo
1420 352 1632 396 universiili‘ter
1654 351 1785 396 sumptio
1814 375 1826 392 ,
1850 357 1943 385 eriam
1967 353 2070 386 dicitur
2096 352 2134 384 de

1272 410 1403 446 quovis,
1430 405 1508 446 quod
1521 402 1704 446 subsumitur
1727 401 1784 446 sub
1803 401 1868 434 illo.
1899 400 2002 443 Atqui
2014 399 2078 435 baec
2091 412 2136 434 re-

1271 453 1349 498 gula
1370 453 1483 487 servari
1504 464 1571 495 non
1594 453 1697 497 potest
1721 475 1732 492 ,
1757 453 1779 485 si
1803 452 1859 486 fiat
1878 449 2025 484 transitus
2049 450 2135 485 inter

1272 502 1346 536 isias
1365 503 1570 546 acceptiones
1594 516 1605 536 .-
1629 513 1728 546 ergo,
1753 503 1816 537 &c-
1848 501 1994 535 Probatur
2018 503 2134 537 minor:

1273 551 1362 599 Qia
1378 553 1486 586 sensus
1497 552 1614 597 regular
1624 552 1668 586 est
1680 552 1735 586 hic
1747 566 1759 586 .-
1786 551 2019 587 Praedicatum‚
2047 549 2139 592 quod

1271 604 1447 636 affirmatur
1465 602 1505 636 de
1518 602 1632 647 aliquo
1656 601 1796 644 subjecto
1819 599 2039 636 universaliter
2049 609 2140 632 acce-

1272 662 1351 696 pto,
1375 652 1474 686 etiam
1492 652 1670 686 affirmatur
1699 651 1741 684 de
1761 651 1913 685 omnibus
1931 648 2140 685 inferioribus

1273 701 1331 736 sub
1350 700 1413 737 isto
1435 701 1577 744 subJecto
1595 701 1782 736 contentis.-
1810 699 1956 744 adeoque
1977 710 2014 734 ut
2041 699 2142 732 serve-

1613 760 1743 795 oportet
1765 749 1897 791 aliquod
1927 749 2139 793 praedicatum

1274 801 1381 845 primo
1399 802 1557 836 affirmare
1573 801 1614 835 dc
1635 802 1748 845 aliquo
1774 800 1917 843 subjedb
1941 798 2139 837 distributo,

1272 853 1304 887 &
1325 852 1432 896 postea
1457 852 1595 895 idipsum
1618 852 1824 895 praedicatum
1845 848 2001 884 affirmare
2022 849 2063 882 de
2084 847 2142 881 ali-

1273 913 1341 946 quo
1377 903 1469 936 istius
1490 902 1618 945 subjeeti
1641 900 1787 935 inferiori
1813 925 1820 933 .
1859 899 1963 941 Atqui
1986 897 2050 932 hoc
2070 897 2140 932 fieri

1274 964 1345 989 non
1368 952 1495 997 potest,
1523 952 1543 986 si
1567 952 1651 985 inter
1674 949 1735 986 has
1756 951 1961 994 acceptiones
1979 948 2034 982 fiat
2058 957 2141 982 tran-

1272 1003 1368 1037 situs:
1391 1014 1472 1048 ergo
1494 1002 1550 1036 hic
1570 1002 1716 1036 transitus
1739 1001 1862 1043 semper
1883 999 2019 1044 impedit
2029 998 2141 1032 obser-

1274 1053 1441 1088 vationem
1453 1051 1571 1097 regulae
1581 1051 1738 1086 direstivae
1751 1076 1758 1084 .
1785 1049 1953 1085 Minorem
1964 1049 2058 1084 facile
2070 1058 2142 1091 pro-

1273 1102 1363 1139 babis
1382 1102 1574 1138 industione
1599 1113 1608 1133 :
1646 1101 1754 1135 forma
1783 1101 1873 1134 enim
1897 1100 2023 1143 aliquos
2046 1098 2145 1140 syllo-

1271 1151 1414 1196 gismos,
1439 1154 1474 1186 in
1495 1151 1614 1196 quibus
1625 1150 1681 1184 fiat
1691 1147 1807 1185 harum
1818 1150 2046 1194 acceptionum
2059 1157 2144 1181 tran·
2171 1171 2176 1192 3

1270 1198 1394 1236 situs&
1415 1201 1555 1236 variatio
1576 1225 1588 1242 ,
1613 1202 1736 1244 semper
1755 1199 1881 1235 videbis
1903 1223 1915 1240 ,
1941 1197 2031 1243 quod
2058 1208 2145 1231 nun-

1271 1262 1368 1295 quam
1390 1250 1597 1295 praedicatum
1629 1251 1824 1286 affirmatum
1845 1248 1950 1293 primo
1971 1248 2012 1283 de
2031 1248 2146 1291 aliquo

1269 1301 1413 1345 subjeeto
1436 1300 1633 1342 distributo,
1658 1300 1766 1345 postea
1790 1300 1964 1334 affirmetur
1975 1296 2016 1332 de
2026 1298 2143 1341 aliquo

1270 1351 1359 1386 istius
1388 1351 1516 1394 subjesii
1536 1350 1703 1386 inferiori.
1730 1350 1922 1395 Eodemque
1945 1347 2047 1384 modo
2073 1344 2144 1390 phi-

1270 1399 1513 1444 losophandum
1535 1400 1582 1436 est
1603 1400 1644 1435 de
1665 1401 1786 1446 regulis
1806 1398 1987 1444 syllogismi
1999 1405 2147 1432 commu·

1271 1451 1322 1486 nis
1350 1452 1516 1497 negativi,
1542 1463 1580 1486 ac
1604 1451 1785 1495 syllogismi
1807 1446 2014 1494 expositorii.
2068 1457 2070 1460 ’

1321 1501 1378 1539 26.
1407 1503 1480 1535 nico
1493 1499 1621 1544 secundo
1634 1514 1645 1533 .-
1673 1502 1753 1535 Non
1773 1500 1826 1541 est}
1842 1510 1953 1533 tamen
1965 1499 2088 1540 semper
2097 1494 2146 1529 vi-

1272 1552 1393 1587 tiosum
1415 1550 1547 1586 transire
1570 1550 1588 1583 a
1606 1551 1826 1594 suppositione
1848 1548 1984 1591 simplici
2006 1545 2047 1580 ad
2069 1556 2143 1588 per-

1273 1602 1418 1636 sonalem
1441 1625 1453 1641 ‚
1488 1600 1539 1634 vel
1566 1600 1584 1633 ὲ
1603 1610 1717 1634 contra
1738 1599 1756 1633 a
1779 1599 1936 1643 personali
1960 1596 2000 1631 ad
2026 1594 2147 1639 simpli-

1272 1663 1344 1685 cem
1367 1663 1375 1683 :
1401 1650 1448 1685 est
1471 1649 1605 1692 quidem
1627 1649 1704 1692 saepe
1727 1650 1877 1683 vitiosum
1896 1661 1907 1690 ;
1937 1658 2005 1680 non
2032 1655 2147 1680 tamen

1273 1702 1396 1743 semper
1416 1723 1425 1732 .
1463 1698 1628 1734 Triviales
1650 1698 1768 1742 Logici
1796 1698 1881 1733 hanc
1902 1696 2147 1732 conclusionem

1274 1748 1359 1785 male
1381 1750 1537 1793 capient‚·
1567 1750 1628 1782 Sed
1646 1749 1806 1791 probatur:
1833 1747 1923 1796 Qia
1946 1746 1994 1781 12ae
2007 1744 2160 1789 proposi-'

1273 1800 1404 1839 tiones,
1429 1800 1547 1832 Nullus
1567 1798 1649 1832 bom
1669 1797 1708 1838 est
1732 1799 1946 1836 individuum,
1975 1798 2084 1829 Petrus
2106 1792 2150 1833 effi

1272 1851 1483 1892 individuum.
1510 1850 1592 1883 Sunt
1614 1848 1688 1882 vere
1713 1848 1867 1892 oppositae
1886 1843 2151 1881 &contradicto-⁴

1275 1899 1327 1934 riae
1347 1912 1355 1932 t
1382 1901 1458 1934 sunt
1480 1899 1572 1934 enirn
1590 1898 1764 1933 affirmatio
1785 1898 1820 1932 &
1846 1896 1978 1942 negatio
2002 1894 2150 1938 ejusdem

1273 1948 1319 1982 tei
1339 1949 1381 1981 'de
1397 1948 1512 1982 eadem
1533 1958 1567 1981 re
1581 1971 1589 1979 .
1616 1946 1727 1990 Atqui
1752 1946 1931 1989 subjectum
1943 1945 2053 1989 primae
2076 1942 2150 1976 unic

1274 1996 1401 2031 versalis
1422 1996 1582 2040 accipitur
1605 1995 1813 2040 personaliter
1833 2006 1844 2038 ;
1873 1994 2049 2038 subjeetum
2075 1989 2154 2026 vero

1274 2046 1421 2082 secundat
1451 2046 1620 2091 singularis
1639 2045 1798 2089 accipitur
1819 2044 2007 2089 simpliciter
2034 2054 2043 2075 i
2069 2052 2152 2087 ergo

1254 2141 1256 2144 .
1273 2096 1309 2127 in
1342 2096 1618 2137 propositionibus
1655 2096 1809 2136 oppositis
1833 2095 1919 2128 salva
1952 2091 2151 2137 quandoque

1251 2144 1376 2190 ‘potest
1400 2153 1531 2177 manere
1552 2142 1717 2186 oppositio
1737 2167 1749 2182 ,
1775 2142 1852 2176 licet
1877 2143 1912 2175 in
1937 2140 2078 2183 subjecto
2099 2151 2152 2175 ea·

1251 2191 1346 2231 irum
1369 2193 1546 2227 transeatur
1566 2190 1584 2226 ὲ
1607 2190 1828 2235 suppositione
1845 2191 2004 2234 personali
2019 2190 2061 2224 ad
2079 2189 2152 2223 sim-

1252 2237 1391 2312 'plicem
1420 2266 1429 2274 .
1464 2240 1620 2276 Similiter
1652 2241 1760 2275 bonus
1776 2240 1822 2275 est
1839 2238 1894 2274 hic
1917 2239 2148 2284 syllogismus:

1273 2295 1368 2324 omne
1389 2291 1587 2324 individuum
1608 2289 1644 2330 est
1659 2291 1781 2332 aliquod
1793 2301 1868 2323 ens:
1893 2294 1978 2332 atqui
1991 2291 2098 2326 Petrus
2111 2286 2151 2328 eff

1275 2341 1496 2374 individuum.-
1521 2351 1587 2384 ergo
1609 2343 1715 2374 Petrus
1742 2338 1781 2380 est
1803 2339 1936 2382 aliquod.
1968 2339 2014 2373 Et
2041 2348 2154 2374 tamen

1275 2390 1321 2425 ibi
1345 2391 1380 2424 in
1406 2400 1486 2425 voce
1497 2392 1607 2423 Petrus
1631 2389 1782 2425 transitur
1803 2390 1845 2424 ab
1867 2389 2060 2433 acceptione
2080 2388 2154 2422 sim·

1275 2440 1354 2486 plici
1377 2440 1418 2475 ad
1441 2440 1659 2484 personalem:
1686 2451 1752 2474 voit
1772 2441 1862 2474 enim
1875 2442 1984 2473 Petrus
1996 2439 2030 2472 in
2044 2437 2151 2473 mino-

1275 2492 1303 2525 ri
1325 2490 1541 2534 simpliciter,
1566 2491 1601 2524 in
1622 2491 1843 2532 consequente
1866 2489 2024 2532 accipitur
2046 2488 2153 2531 perso-

1277 2540 1392 2575 naliter
1415 2565 1423 2572 .
1461 2539 1617 2574 Similiter
1642 2539 1748 2573 bonus
1778 2538 1824 2573 est
1844 2535 1899 2571 hic
1922 2536 2152 2581 syllogismus:

1276 2594 1382 2624 omnis
1402 2588 1513 2632 species
1536 2594 1614 2623 entis
1632 2589 1725 2631 potes}
1747 2591 1768 2621 ἂ
1794 2590 1855 2622 Deo
1863 2593 1981 2630 creatr,
2007 2586 2154 2630 atquibu-

1275 2640 1322 2675 mo
1346 2638 1384 2679 est
1404 2641 1510 2682 aliqua
1529 2637 1640 2682 species
1653 2645 1751 2673 entis:
1778 2650 1845 2681 ergo
1855 2637 1937 2670 bomo
1951 2636 2044 2679 potest
2056 2639 2077 2670 ἂ
2090 2639 2153 2670 Deo

1276 2695 1372 2725 creari
1391 2713 1399 2721 .
1430 2689 1474 2723 Et
1494 2699 1603 2723 tamen
1627 2686 1674 2722 ibi
1695 2688 1731 2721 in
1759 2698 1839 2722 voce
1861 2686 1943 2720 bomo
1965 2686 2154 2721 transitur).

1278 2739 1495 2783 suppositione
1517 2738 1654 2782 simplici
1676 2737 1716 2772 ad
1740 2737 1958 2781 personalem:
1985 2747 2049 2771 vox
2071 2735 2155 2770 homo

1277 2791 1398 2833 quippe
1420 2790 1456 2824 iri
1489 2789 1610 2826 minori
1634 2787 1819 2832 simpliciter
1837 2812 1849 2828 ,
1884 2786 1919 2821 in
1943 2787 2154 2822 conclusione

1278 2840 1435 2884 accipitur
1456 2839 1683 2883 personaliter.
1713 2838 1803 2882 Ergo
1815 2836 1869 2871 hic
1897 2838 2046 2872 transitus
2056 2846 2154 2881 quan·

1279 2890 1388 2932 doque
1410 2890 1479 2924 fieri
1503 2888 1606 2933 potest
1633 2888 1698 2923 fine
1722 2887 1804 2922 vitio
1831 2888 2042 2931 oppositionis
2064 2911 2079 2929 ‚,
2102 2885 2154 2921 vel

1280 2939 1574 2986 argumentationis
1588 2964 1597 2972 .

1328 3000 1384 3038 27.
1411 2993 1457 3023 Ee
1482 2994 1561 3023 ratio
1580 2991 1602 3022 ἃ
1620 2993 1716 3031 priori
1735 2988 1795 3029 est:
1822 2987 1915 3036 Qia
1936 2997 2015 3022 tuuc
2037 2986 2157 3020 solum·

1279 3041 1382 3076 modo
1409 3040 1550 3076 mutatio
1575 3038 1801 3083 suppositionis
1823 3037 1952 3071 inducit
1965 3035 2079 3070 vitium
2093 3036 2155 3078 syl-

1279 3090 1411 3136 logismi
1437 3115 1449 3131 ,
1474 3087 1606 3134 quando
1629 3088 1763 3132 impedit
1783 3086 2041 3122 observationem
2062 3096 2154 3130 regu·

1278 3141 1316 3175 1ae
1339 3141 1518 3175 direaivae:
1546 3140 1569 3174 si
1593 3140 1713 3184 quippe
1733 3137 1828 3180 hujus
1845 3137 1962 3181 regulae
1973 3133 2156 3170 observatio

1282 3202 1351 3225 nori
1382 3189 1577 3235 impediatur
1597 3213 1612 3230 ‚
1647 3187 1700 3223 sed
1717 3187 1827 3232 regula
1848 3196 1919 3222 tota
1948 3186 2157 3226 observetur,

1967 3237 2001 3272 δι
2037 3236 2156 3270 vitium

1553 3300 1629 3324 cum
1672 3287 1799 3322 bonitas
1833 3287 1866 3323 &
1902 3286 2026 3331 Justitia
2047 3284 2157 3327 ,syllo-r

1282 3341 1379 3386 gismi
1403 3340 1460 3375 sita
1482 3341 1518 3375 sir
1533 3339 1568 3374 in
1590 3338 1812 3374 observatione
1832 3337 1880 3371 sui
1904 3334 2048 3370 directivi
2072 3333 2158 3376 prin-

335 3414 338 3415 ν
357 3393 390 3432 sa
416 3405 427 3429 ,-
455 3392 599 3436 adeoque
621 3396 744 3439 semper
763 3393 887 3429 malum
909 3416 922 3436 2
946 3403 983 3429 ac
1002 3390 1157 3429 vitiosum
1180 3389 1225 3428 est
1286 3391 1382 3437 cipii.
1407 3390 1514 3437 Atqui
1536 3388 1651 3428 harum
1677 3389 1908 3434 acceptionum
1930 3385 2066 3422 variatio
2086 3394 2159 3420 non

2032 3435 2111 3472 setu-
