2384 3770
564 93 730 156 Quin
766 90 861 135 er
896 87 1076 137 PRAED.
1117 90 1294 135 COMP-
1341 90 1501 157 Quin
1537 90 1656 136 INC.

1176 176 1266 207 ‘tum
1290 171 1471 208 formaliter
1493 174 1726 215 incompletum
1737 173 1783 209 est
1795 174 1895 217 illud,
1925 175 2014 219 quod
2026 174 2072 211 est

259 176 419 220 rirprima
431 197 442 214 ‚
468 172 576 207 anima
590 175 779 218 rationalis,
804 176 865 210 ἃς.
887 173 929 210 Et
942 172 1135 218 generaliter

257 227 367 260 omnis
387 224 507 269 species
529 225 643 261 infima
656 250 664 258 .
692 226 820 269 Species
839 224 958 268 quippe
972 225 1005 257 in
1017 222 1133 258 ordine

258 275 389 323 Logico
409 299 419 316 ,
465 276 517 308 seu
547 275 774 321 Metaphysieo
792 274 901 317 perfici
925 272 1133 307 solummodo

255 326 388 368 possunt
403 335 457 368 per
479 325 778 364 individualiraoes,
805 325 858 356 seu
869 322 1103 367 singularitates
1121 338 1132 362 ,-

256 386 327 416 quae
338 400 349 416 ,
375 386 409 408 ut
419 375 483 418 jam
497 375 565 410 dixi
576 399 587 415 ‚
600 386 666 408 non
679 375 751 409 sunt
764 374 976 414 perfectiones
987 375 1131 409 essentia-

256 425 303 459 les
318 451 326 459 .
354 425 526 461 Vocantur
547 424 624 459 vero
644 423 699 459 hic
709 424 920 466 perfestiones
933 421 1130 467 Metaphyfi-

255 486 323 516 cae,
350 477 404 509 seu
426 475 559 521 Logicae
573 497 585 513 ‚
610 472 672 506 illae
692 484 762 515 qua:
783 474 870 507 asuo
882 473 1072 516 perfectibus
1085 474 1129 507 di-

255 524 483 571 stinguuntur,
511 534 578 556 non
590 522 799 557 distinstione
822 524 925 565 reali,
952 536 989 558 ac
1009 523 1129 567 Physi-

255 586 313 617 ca;
340 575 391 610 sed
404 575 471 610 sola
481 572 853 616 distinstionerationis,
881 574 935 609 seu
949 574 1092 618 Logica.

304 624 360 671 69.
387 621 596 658 Praedicatum
618 621 756 665 Physice
782 625 1019 666 incompletum
1035 624 1079 657 est
1094 623 1128 656 il-

254 673 310 707 lud
323 696 334 713 ,
360 670 448 715 quod
463 670 568 707 adhuc
580 673 777 716 perfectibile
787 673 832 708 est
845 673 952 719 aliqua
966 673 1127 718 perfestioe

252 734 295 758 ne
313 721 513 758 substantiali
540 722 696 766 Physica.
724 725 823 760 Voco
844 734 952 759 autem
969 724 1022 758 hic
1031 725 1127 767 perfe-

252 774 374 808 stiones
386 770 558 818 physicas,
586 774 658 806 illas
679 774 776 817 quaea
789 775 846 809 suo
858 773 1048 818 perfestibili
1061 785 1126 808 rea·

251 823 327 857 liter
345 847 357 864 ,
382 823 437 856 seu
464 821 601 866 Phyfice
627 822 872 869 distinguuntur
891 847 898 855 .
926 823 1127 866 Hujusmodi

250 870 420 916 praedicata
444 874 518 907 sunt
537 873 669 913 anima,
695 873 829 909 materia
851 873 975 917 prima,
1001 873 1127 914 horno,

250 922 382 957 brutum
394 947 405 966 ,
431 923 492 957 &c.
507 921 631 958 Anima
643 922 732 958 enim
745 922 996 959 substantialiter
1008 922 1126 967 perfici-

249 980 301 1005 tur
313 983 367 1015 per
379 972 542 1008 materiam
554 996 565 1012 ,
590 972 624 1006 &
635 974 768 1009 materia
791 984 845 1016 per
857 973 1017 1008 animam.
1048 972 1127 1009 Bru-

248 1030 322 1056 tum
333 1021 479 1068 physice,
509 1034 546 1056 ac
559 1022 812 1059 substantialiter
821 1024 985 1067 perficitur
996 1034 1049 1066 per
1064 1024 1126 1057 for·

249 1073 480 1116 maspartiales
498 1072 665 1113 leoninas,
691 1074 849 1118 equinas,
878 1073 1033 1115 bovinas,
1061 1073 1128 1107 &c.

248 1123 371 1158 Homo
392 1122 641 1157 substantialiter
663 1122 794 1170 physice
822 1125 982 1166 perficitur
994 1135 1047 1167 per
1060 1125 1127 1157 for-

249 1183 320 1206 mas
340 1172 490 1216 partiales
509 1171 686 1210 humanas·
715 1174 768 1210 De
789 1174 905 1217 quibus
918 1173 977 1208 tibi
992 1172 1127 1208 mirabi-

248 1222 316 1256 lem
327 1223 360 1258 &
373 1234 491 1258 novam
504 1247 515 1262 ‚
542 1222 708 1267 pulchram
718 1233 826 1258 tamen
839 1249 850 1264 ,
877 1222 1126 1267 Philosophiam

249 1271 338 1305 dabo
349 1274 383 1307 in
403 1283 472 1307 mea
487 1271 641 1315 Phyfica.
670 1273 886 1308 Praedicatum
899 1275 1027 1319 physice
1040 1284 1126 1309 com-

248 1321 375 1365 pletum
386 1322 431 1356 est
447 1322 527 1357 illud
540 1347 551 1363 ‚
578 1323 668 1369 quod
679 1321 777 1359 habet
789 1334 892 1359 totam
907 1349 917 1365 ‚
942 1335 979 1358 ac
990 1334 1125 1358 omnem

249 1371 341 1405 suam
351 1371 593 1409 substantialem
607 1372 774 1417 physicam
787 1375 1015 1417 perfectionem
1032 1398 1039 1406 .
1071 1373 1126 1408 Ut

248 1432 373 1464 equus,
401 1423 483 1463 bos,
510 1424 585 1466 leo,
611 1424 720 1468 ignis,
745 1435 850 1468 aqua,
876 1425 974 1467 lapis,
1001 1424 1065 1458 &c.

300 1481 354 1517 70.
385 1472 426 1506 Et
438 1473 484 1508 hae
505 1473 574 1508 duae
586 1474 825 1516 completiones
836 1475 909 1507 sunt
921 1473 1017 1507 valde
1027 1473 1126 1507 diver-

247 1520 287 1554 !ae
298 1545 305 1553 .
334 1521 421 1564 Saepe
430 1523 551 1556 etenim
564 1534 600 1556 ea
613 1546 624 1561 ,
651 1533 719 1565 quae
731 1522 839 1565 logice
852 1523 1014 1565 completa
1029 1524 1102 1556 sunt
1112 1548 1123 1564 ,

249 1570 325 1604 sunt
343 1570 472 1614 physice
492 1571 711 1614 incompleta.
741 1571 796 1608 Ut
818 1573 949 1608 materia
962 1596 973 1612 ,
1002 1572 1126 1607 Anima

248 1621 438 1662 rationalis,
464 1619 589 1661 homo,
617 1622 770 1662 brutum,
796 1622 943 1656 &c.sunt
957 1622 1127 1664 predicata

248 1669 528 1715 logicecompleta
541 1684 548 1705 z
561 1673 634 1706 sunt
645 1671 765 1715 quippe
780 1671 947 1714 praedicata
960 1672 1106 1715 specifica
1117 1697 1128 1714 ,

248 1720 356 1755 solum
369 1719 599 1757 contrahibilia
613 1745 626 1762 ,
650 1720 684 1755 ὅ(
696 1721 904 1764 perfectibilia
918 1733 973 1764 per
984 1721 1129 1756 differen-

247 1770 541 1806 tiasindividuales
558 1796 569 1811 ,
595 1782 666 1815 quae
677 1783 744 1806 non
761 1773 834 1805 sunt
846 1771 1067 1814 'perfectiones
1084 1773 1127 1805 es-

247 1820 414 1854 rentiales.
442 1819 577 1864 physice
590 1820 666 1854 vero
679 1822 752 1855 sunt
764 1820 933 1864 pradicata
950 1822 1126 1864 incomple-

177 1866 182 1874 '
246 1879 303 1904 ta:
331 1871 407 1913 quia
419 1871 548 1913 possunt
560 1870 668 1914 perfici
689 1883 744 1915 per
757 1870 903 1915 physicas
917 1871 1127 1914 perfestioues

246 1919 489 1954 substantiales.
516 1920 719 1955 Humanitas
739 1922 860 1963 quippe
873 1945 883 1959 ,
907 1923 942 1954 δε
956 1921 1126 1954 brutalitas

248 1968 482 2012 perficiuntur,
510 1980 548 2002 ac
570 1969 604 2002 in
628 1970 687 2002 suo
705 1971 767 2003 effe
776 1970 984 2012 complentur
998 1979 1052 2012 per
1066 1969 1127 2002 for-

248 2027 318 2051 tnas
329 2018 496 2062 partiales,
521 2028 687 2064 tamquam
713 2030 767 2062 per
786 2020 942 2053 ultimum
954 2019 1044 2052 suum
1060 2018 1128 2053 sub-

246 2066 398 2102 stantiale
417 2067 583 2111 physicum
612 2070 908 2111 complementum.
939 2068 992 2101 De
1004 2079 1071 2108 quo
1085 2069 1126 2102 la·

246 2117 365 2151 tiffime
384 2118 533 2151 differam
556 2118 591 2150 in
613 2116 752 2158 Physica
772 2140 779 2148 .
814 2117 972 2149 Attamen
995 2127 1070 2149 cum
1092 2118 1126 2148 in

247 2166 375 2211 Logica
398 2166 439 2200 de
451 2166 624 2210 praedicato
644 2165 834 2208 completo,
862 2166 911 2198 vel
924 2165 1128 2207 incompleto

244 2218 375 2261 agimus
386 2240 396 2256 ,
423 2216 464 2250 de
477 2215 701 2256 completione
712 2240 722 2254 ‚
741 2226 778 2247 ac
790 2215 1051 2256 incompletione
1064 2215 1126 2248 Lo-

247 2264 478 2310 gicaintelligi
502 2263 675 2296 volumus.
701 2262 756 2295 De
777 2263 1001 2303 completione
1011 2264 1099 2295 enim
1115 2286 1125 2301 ,

247 2326 288 2349 ac
309 2313 567 2355 incompletione
593 2312 717 2356 Logica
740 2310 885 2356 Logicus
899 2335 910 2351 ,
936 2311 976 2344 de
989 2309 1126 2354 Physica

248 2364 318 2410 agit
334 2362 505 2407 Physicus.

302 2424 357 2460 71.
385 2413 475 2447 Addi
488 2411 590 2455 potest
610 2411 642 2446 δε
653 2410 715 2446 alia
726 2410 871 2455 quaedam
884 2409 999 2445 divisio
1012 2410 1125 2453 praedi-

249 2467 314 2499 cati
324 2462 515 2505 incompleti
528 2486 538 2502 ‚
550 2474 620 2506 quae
631 2473 691 2496 nec
703 2461 827 2495 inutilis
838 2484 848 2500 ‚
876 2473 936 2495 nec
947 2461 1125 2504 incongrua

249 2514 296 2548 est
314 2536 321 2544 .
337 2512 452 2546 Dividi
463 2522 541 2556 ergo
553 2512 656 2555 potest
671 2511 875 2554 praedicatum
889 2510 1123 2554 incompletum

248 2562 501 2606 inpraedicatum
525 2562 763 2605 incompletum
787 2561 1015 2607 materialiter,
1042 2562 1123 2594 acin

249 2611 456 2658 praedicatum
479 2612 717 2654 incompletum
737 2611 918 2645 formaliter
945 2636 952 2644 .
992 2610 1067 2645 Sive
1091 2613 1122 2644 in

250 2661 458 2706 praedicatum
481 2661 718 2703 incompletum
739 2660 997 2704 incompletione
1008 2662 1125 2694 forma-

251 2713 298 2753 li,
325 2712 408 2745 acin
429 2710 637 2754 praedicatum
651 2711 885 2753 incompletum
901 2711 1124 2754 incompletio·

250 2773 292 2796 ne
314 2761 474 2796 materiali
494 2784 503 2793 .
543 2760 757 2794 Praedicatum
784 2760 1019 2802 incompletum
1038 2785 1049 2801 ‚
1075 2762 1122 2794 uti

248 2812 314 2855 jam
328 2812 420 2852 dixi,
447 2809 491 2845 est
511 2809 716 2854 praedicatum
729 2810 944 2852 complebile,
970 2820 1007 2842 ac
1020 2811 1124 2852 perfe-

248 2862 357 2897 cubile
367 2862 474 2905 aliqua
488 2859 684 2905 perfectione
707 2859 865 2894 essentiali
882 2883 893 2899 ‚
920 2859 971 2892 vel
985 2859 1124 2894 substan-

250 2911 340 2946 tiali.
368 2911 461 2945 Hinc
481 2921 560 2956 ergo
572 2909 776 2953 pra-,dicatum
800 2909 1039 2952 incompletum
1060 2921 1124 2944 ma-

250 2961 406 2997 terialiter
423 2961 466 2995 est
481 2960 559 2995 illud
572 2985 584 3003 ,
608 2960 695 3003 quod
707 2961 753 2994 est
768 2958 963 3002 complebile
974 2982 985 2999 ,
1007 2970 1046 2993 ac
1060 2971 1124 3002 per-

249 3011 392 3047 festibile
417 3013 526 3056 aliqua
551 3008 987 3055 perfectione-substantiali,
1016 3010 1122 3045 veles²

250 3063 398 3103 sentiali,
425 3073 495 3105 quae
504 3060 550 3095 est
563 3061 610 3095 sui
621 3061 751 3095 materia
763 3086 770 3093 .
798 3061 846 3094 lta
867 3060 900 3093 in
914 3059 1029 3093 ordine
1042 3058 1123 3103 phy-

251 3112 316 3146 sico
348 3114 451 3147 forma
481 3112 526 3145 est
559 3122 616 3146 ens
636 3110 842 3145 materialiter
862 3108 1122 3152 incompletum:

252 3161 341 3209 Qia
361 3163 405 3195 est
428 3162 630 3205 perfectibilis
654 3173 705 3204 per
728 3161 901 3203 subjestum
915 3183 927 3199 ,
952 3170 1119 3202 tamquam

251 3223 308 3256 per
327 3212 557 3254 perfestionem
569 3211 829 3250 substantialem,
855 3220 925 3254 quae
947 3210 982 3244 sit
995 3210 1042 3243 sui
1056 3221 1119 3244 ma-

252 3261 350 3296 teria.
379 3262 422 3295 Et
443 3261 476 3294 in
495 3262 610 3297 ordine
631 3262 758 3306 Logico
778 3259 961 3295 differentia
983 3258 1028 3294 est
1054 3259 1119 3294 hoc

252 3311 353 3346 modo
365 3310 567 3356 praedicatum
579 3312 812 3355 incompletum
825 3324 835 3344 .·
860 3309 950 3357 Qia
962 3309 1006 3343 est
1020 3311 1117 3353 perfe-

252 3361 371 3397 &ibilis
384 3373 436 3404 per
447 3372 550 3407 genus
562 3362 579 3394 a
600 3363 630 3397 se
640 3363 840 3398 contraitum
851 3383 862 3400 ‚
886 3371 1053 3403 tamquam
1065 3371 1119 3403 per

254 3412 301 3448 sui
315 3412 482 3447 materiam
494 3436 505 3455 ‚
521 3423 557 3446 ac
568 3411 731 3459 Logicum
743 3412 917 3456 subjeetum
930 3435 938 3444 .
965 3408 1118 3446 Praedica·

1944 105 2042 153 279

1197 221 1394 267 perfeffibile
1404 221 1513 265 aliqua
1528 222 1718 264 perfectione
1728 226 1886 260 essentiali
1900 250 1911 266 ,
1935 225 1986 260 vel
2001 224 2072 259 sub-

1196 272 1336 308 stantiali
1349 295 1360 312 ‚
1379 282 1447 315 quae
1457 274 1493 307 fit
1506 273 1551 310 sui
1565 271 1688 306 forma.
1715 275 1763 309 lta
1776 277 1810 309 in
1823 274 1939 312 ordine
1953 273 2070 318 Physi-

1195 334 1234 356 co
1254 323 1385 358 materia
1406 323 1508 365 prima
1520 323 1564 357 est
1577 331 1635 354 ens
1647 322 1879 370 incompletum
1892 325 2071 369 incomple-

1196 374 1287 406 tione
1298 373 1454 407 formali,-
1479 373 1571 422 Qia
1599 372 1802 413 perfectibilis
1812 376 1857 412 est
1871 387 1926 419 per
1948 377 2069 414 formas

1194 422 1432 458 substantiales.
1461 424 1503 456 Et
1519 426 1551 457 in
1571 420 1689 457 ordine
1713 421 1840 467 Logico
1854 436 1954 461 omne
1964 436 2068 470 genus

1193 472 1235 506 est
1249 471 1313 505 hoc
1338 473 1439 508 modo
1465 474 1672 517 pradicatum
1690 470 1947 515 incompletum:
1973 475 2067 517 Qia

1191 522 1235 557 est
1265 522 1482 565 perfestibile,
1507 534 1545 557 ac
1565 519 1786 558 contrahibile
1811 523 2067 566 perdifferentias

1191 573 1370 609 essentiales
1381 598 1391 615 ,
1419 585 1489 621 quae
1500 574 1573 609 sunt
1587 570 1676 607 illius
1689 572 1800 610 formae
1811 597 1819 609 .

1426 723 1725 761 SEcho
1774 721 1833 759 111.

1217 824 1305 870 ,Quid
1315 820 1457 864 differant
1463 825 1626 866 praedicari
1637 824 1774 866 complete*
1789 847 1799 862 ,
1825 823 1858 856 δ’
1869 822 1920 867 effe
1931 824 2043 865 praedi·

1472 882 1571 909 catum
1591 874 1786 919 completum?

1192 983 1246 1018 72-
1376 968 1492 1007 Diierte
1511 978 1598 1009 terna
1623 989 1634 1012 .·
1660 975 1741 1010 Haec
1766 973 1835 1008 duo
1861 997 1873 1015 ‚
1901 973 2068 1006 Praedicari

1391 1027 1531 1064 completa?
1545 1050 1556 1065 ,
1580 1027 1612 1059 ὃς
1636 1026 1708 1059 Esse
1727 1025 1929 1066 praedicatum
1948 1023 2070 1062 comple-

1191 1081 1277 1111 tum,
1304 1072 1478 1118 effelonge
1499 1074 1639 1110 diversa,
1665 1075 1819 1109 Similiter
1834 1073 1926 1115 plane
1943 1072 2069 1106 diversa

1194 1122 1266 1155 sunt
1283 1121 1456 1156 Prkedicarz·
1482 1126 1674 1166 incomplete,
1701 1125 1733 1158 ἀ
1747 1125 2069 1166 Effepraedicatumin-

1191 1175 1384 1214 completum.
1414 1173 1503 1209 Nam
1527 1175 1627 1217 petest
1650 1174 1757 1220 aliqua
1781 1184 1826 1206 res
1848 1175 1910 1206 effe
1924 1171 2069 1215 praedica·

1193 1233 1262 1256 turn
1275 1223 1475 1267 completum
1489 1248 1500 1264 ‚
1527 1225 1560 1258 &
1581 1235 1692 1258 tamen
1717 1223 1878 1266 praedicari
1892 1220 2072 1264 incomple-

1193 1273 1246 1309 te;
1274 1285 1311 1307 ac
1335 1274 1354 1306 ὲ
1375 1284 1489 1309 contra
1508 1276 1610 1320 potest
1623 1273 1730 1316 aliqua
1742 1283 1790 1307 res
1803 1271 2069 1318 praedicaticom-

1194 1323 1301 1365 plere,
1331 1324 1366 1361 ὅ(
1388 1334 1495 1359 tamen
1520 1324 1581 1358 effe
1595 1324 1799 1368 praedicatum
1813 1321 2066 1364 incompletum.

1192 1373 1296 1420 Qod
1308 1373 1402 1417 poffit
1415 1375 1550 1418 aliquod
1566 1374 1769 1418 praedicatum
1780 1373 1842 1407 effe
1852 1372 2067 1415 completum,

1193 1424 1225 1457 ἀ
1238 1433 1345 1457 tamen
1357 1423 1517 1466 praedicari
1541 1423 1741 1468 incomplete
1754 1448 1763 1464 ,
1781 1422 1928 1465 probatur
1941 1436 1951 1455 .·
1979 1419 2070 1466 Qia

1192 1472 1275 1505 bomo
1285 1474 1349 1507 sine
1360 1475 1462 1507 dubio
1473 1474 1517 1506 est
1531 1476 1735 1517 praedicatum
1749 1473 1952 1516 completum
1965 1484 1975 1513 ς
1990 1472 2070 1504 item

1192 1523 1311 1559 brutum
1333 1524 1377 1556 est
1399 1525 1607 1566 praedicatum
1632 1525 1816 1568 specificum
1836 1546 1848 1562 ‚
1875 1523 1910 1556 &
1932 1522 2074 1563 comple-

1192 1575 1309 1615 tum(.
1325 1574 1379 1606 De
1397 1584 1464 1612 quo
1475 1573 1562 1607 dabo
1583 1573 1642 1615 tibi
1667 1572 1836 1614 pulchram
1856 1595 1867 1611 ,
1894 1582 1931 1604 ac
1953 1581 2074 1604 novam

1194 1621 1445 1664 Philosophiam
1460 1622 1574 1665 partim
1589 1622 1622 1655 in
1635 1620 1762 1666 Logica
1774 1644 1785 1660 ,
1811 1619 1926 1662 partim
1940 1620 1974 1652 in
1988 1618 2077 1660 Phy-

1194 1673 1277 1712 sica)
1293 1695 1300 1703 .
1325 1673 1429 1714 Atqui
1453 1681 1561 1707 tamen
1588 1671 1655 1707 haec
1680 1669 1846 1714 praedicata
1861 1669 2075 1712 praedicantur

1194 1719 1391 1764 quandoque
1401 1721 1620 1764 incomplete3
1646 1731 1726 1764 ergo
1739 1720 1841 1764 potest
1856 1719 1992 1761 aliquod
2006 1730 2078 1761 pra-.-

1194 1770 1337 1806 dicatum
1350 1773 1412 1806 efle
1425 1771 1626 1814 completum
1639 1794 1650 1810 ,
1679 1771 1713 1804 δε
1729 1777 1837 1803 tamen
1852 1769 2015 1810 praedicari
2030 1769 2078 1801 in-

1195 1821 1358 1864 complete
1372 1846 1380 1855 .
1408 1823 1454 1853 De
1475 1823 1585 1862 majori
1606 1832 1664 1853 non
1689 1821 1774 1853 credo
1786 1820 1836 1861 esse
1848 1818 2050 1860 difficultatem
2065 1832 2077 1852 :

1197 1870 1285 1904 Nam
1307 1882 1407 1904 omne
1431 1871 1641 1914 praedicatum
1663 1869 1869 1912 specificam,
1897 1870 1950 1902 seu
1964 1869 2076 1902 omnis

1199 1921 1317 1962 species
1340 1920 1454 1953 infima
1475 1920 1520 1952 est
1544 1920 1747 1960 praedicatum
1767 1917 1970 1961 completum
1995 1930 2004 1950 ε
2025 1919 2076 1952 uti

1195 1968 1259 2010 jam
1273 1966 1361 2002 dixi.
1392 1968 1498 2012 Atqui
1519 1973 1610 2002 Homo
1634 1969 1799 2003 &brutum
1810 1969 1883 2002 sunt
1897 1968 2076 2010 speciesin·

1195 2018 1296 2052 fimae:
1321 2026 1356 2051 ut
1369 2018 1445 2052 alibi
1456 2018 1645 2061 probaturus
1657 2021 1725 2053 sum
1734 2017 1963 2053 efficaciffime.
1981 2018 2073 2063 Ergo

1197 2070 1269 2100 sunt
1283 2067 1450 2109 praedicata
1461 2070 1624 2110 completa
1635 2093 1643 2102 .

1246 2126 1300 2162 73.
1318 2119 1415 2147 Minor
1425 2117 1655 2159 ergoprobatur:
1668 2118 1758 2162 Qia
1776 2117 1935 2163 praedicari
1947 2119 2075 2152 incom-

1196 2163 1281 2207 plete
1291 2163 1335 2198 est
1348 2162 1555 2206 praedicatum
1582 2177 1649 2200 non
1663 2166 1838 2210 importare
1852 2170 1962 2202 omnia
1974 2170 2077 2202 essen-

1195 2214 1283 2245 tialia
1297 2236 1307 2252 ,
1334 2224 1403 2255 quae
1415 2214 1633 2257 importantur
1645 2227 1698 2257 per
1710 2215 1886 2258 subjectum
1903 2230 1910 2249 ι
1935 2219 2024 2261 atqui
2038 2217 2074 2251 in

1195 2262 1245 2294 his
1261 2262 1540 2304 praedicatiouibus
1555 2286 1565 2301 ‚
1593 2266 1700 2296 Petrus
1714 2265 1750 2303 est
1759 2265 1841 2297 homo
1851 2290 1861 2305 ‚
1892 2269 2016 2301 Faunus
2030 2267 2070 2307 est

1193 2310 1277 2342 homo
1289 2334 1300 2350 ,
1328 2312 1370 2343 leo
1380 2311 1418 2348 eli
1433 2312 1555 2345 brutum
1569 2336 1580 2351 ,
1605 2323 1696 2354 equus
1707 2312 1744 2350 est
1756 2314 1875 2346 brutum
1887 2339 1898 2354 ,
1925 2318 1982 2349 erc,
1996 2328 2074 2359 prz-

1192 2360 1298 2394 dicata
1323 2372 1391 2394 non
1416 2362 1593 2403 important
1617 2363 1731 2395 omnia
1752 2363 1930 2398 essentialia
1951 2388 1963 2405 ,
1998 2376 2069 2407 quae

1194 2421 1411 2453 importantur
1438 2422 1493 2454 per
1514 2411 1686 2454 subjectum
1704 2424 1710 2443 :
1736 2423 1815 2456 ergo
1827 2414 2068 2455 praedicataisla

1195 2461 1616 2505 praedicanturincomplete
1666 2462 1815 2496 Probatur
1827 2468 1921 2496 minor
1936 2477 1948 2497 .·
1974 2464 2066 2512 Qia.

1193 2512 1360 2553 Homo(de
1382 2511 1511 2544 formali
1529 2510 1679 2545 videlicet
1692 2513 1704 2553 )
1718 2512 1873 2554 importat
1887 2513 1989 2547 solam
2009 2515 2068 2547 hu-

1192 2571 1404 2603 manitatem3
1433 2564 1541 2595 Petrus
1566 2561 1664 2602 vero,
1690 2562 1721 2595 ἀ
1736 2565 1862 2597 Faunus
1883 2575 1949 2597 non
1963 2564 2068 2598 solam

1191 2608 1425 2644 humanitatem
1450 2622 1525 2646 cum
1550 2612 1603 2645 sua
1619 2610 1832 2654 haecceitate;
1871 2613 1923 2647 sed
1948 2614 1981 2647 &
2002 2613 2067 2647 for-

1191 2671 1257 2694 mas
1281 2658 1349 2694 suas
1364 2661 1509 2703 partiales
1533 2661 1703 2704 organicas
1715 2685 1726 2702 ‚
1754 2662 1805 2698 seu
1819 2663 1907 2696 suam
1920 2664 2067 2707 organei-

1191 2721 1289 2744 tatem
1313 2713 1325 2751 (
1349 2711 1442 2745 liceat
1468 2712 1512 2744 ita
1540 2710 1761 2753 barbarizare)
1783 2711 1841 2744 sibi
1864 2713 2065 2748 essentialem

1192 2762 1371 2803 important
1394 2784 1401 2792 .
1442 2761 1600 2795 Similiter
1622 2764 1751 2794 Brutum
1781 2762 1935 2805 importat
1961 2763 2064 2797 solam

1191 2809 1431 2852 brutalitatem;
1458 2821 1490 2844 at
1504 2821 1579 2844 vero
1592 2814 1649 2846 Leo
1664 2835 1674 2851 ,
1697 2822 1787 2859 eguus
1796 2823 1863 2845 non
1877 2811 1978 2845 solam
1991 2812 2065 2846 bru-

1190 2862 1354 2895 talitatem
1367 2885 1378 2901 ,
1405 2860 1457 2894 sed
1472 2862 1600 2904 insuper
1610 2863 1823 2904 equinitatern
1840 2885 1851 2902 ‚
1875 2861 2064 2896 acleonini-

1189 2920 1289 2944 tatem
1304 2935 1314 2951 ‚
1339 2910 1400 2944 five
1411 2910 1530 2945 formas
1543 2911 1689 2956 partiales
1701 2912 1834 2955 equinas
1848 2935 1858 2951 ,
1870 2911 2062 2947 &leoninas

1190 2959 1245 2994 fibi
1258 2960 1437 2996 effentiales
1450 2961 1627 3004 important
1645 2985 1652 2993 .
1679 2962 1731 2996 De
1742 2962 1953 3008 quo,iterum
1971 2962 2062 3004 dico,

1188 3010 1274 3045 dabo
1297 3010 1357 3046 tibi
1384 3010 1550 3055 pulchram
1574 3010 1819 3054 Philosophiam
1844 3013 1876 3045 in
1902 3010 2060 3053 Physica.

1190 3061 1278 3105 Ergo
1290 3069 1383 3098 Homo
1394 3072 1461 3094 non
1477 3062 1630 3103 importat
1643 3063 1755 3095 omnia
1768 3061 1942 3096 effentialia
1959 3086 1970 3102 ,
1996 3072 2059 3107 que

1189 3112 1366 3154 important
1384 3113 1491 3144 Petra:
1511 3112 1542 3147 ὅ(
1557 3116 1704 3152 Faunus,
1731 3123 1835 3157 neque
1847 3114 1979 3144 Brutum
1989 3124 2058 3146 om-

1189 3163 1241 3194 nia
1253 3159 1440 3202 effenrialia,
1457 3172 1526 3204 quae
1539 3164 1716 3204 important
1732 3163 1825 3198 Leo&
1837 3173 1938 3203 equus.
1953 3161 2059 3197 Unde

1186 3210 1279 3244 caute
1292 3209 1447 3255 distingui
1461 3210 1555 3244 debet
1568 3212 1650 3244 inter
1665 3211 1720 3246 has
1732 3213 1984 3254 praedicationes,
2000 3214 2057 3246 Pe-

1186 3270 1250 3293 trus
1259 3259 1295 3299 est
1306 3259 1387 3291 homo
1399 3283 1410 3299 ‚
1421 3260 1454 3293 &
1466 3264 1519 3294 Htc'
1531 3261 1612 3294 bomo
1622 3260 1660 3302 est
1671 3262 1752 3295 homo
1764 3286 1771 3294 .
1796 3263 1884 3297 Nam
1897 3262 1999 3304 prima
2011 3261 2057 3296 est

1187 3310 1385 3352 incompleta
1399 3334 1410 3351 ,
1437 3321 1473 3344 ut
1499 3311 1564 3355 jam
1586 3312 1678 3350 dixu
1706 3313 1803 3345 altera
1816 3312 1894 3346 vero
1911 3311 1955 3344 est
1969 3322 2057 3346 com-

1187 3360 1271 3403 pleta
1285 3383 1296 3399 ‚
1323 3369 1358 3393 ut
1378 3360 1448 3394 dixi
1471 3361 1503 3394 in
1523 3362 1629 3404 capite
1643 3361 1737 3404 hujus
1749 3361 1861 3396 dubii.
1891 3361 2057 3405 Ratioque

1186 3409 1374 3445 diversitatis
1384 3410 1507 3447 desumi
1517 3410 1614 3447 debet
1623 3423 1666 3447 ex
1684 3412 1808 3448 diversa
1819 3412 2058 3458 significatione

1874 3471 1994 3496 vocum
