2384 3770
87 734 172 778 Cap.
191 734 244 771 18.

50 1820 53 1822 .
94 1777 197 1821 Epist·
213 1791 243 1818 2.

94 1841 120 1864 c-
132 1840 182 1866 11.

709 89 1043 135 sineri

285 197 349 221 aret
371 189 464 220 crucis
491 207 498 217 .

258 198 409 272 erientiam
417 232 584 276 subjaceat.
621 231 669 266 Hi
682 239 798 266 omnes
805 236 946 263 canones
956 223 1138 258 etiamnum

264 289 298 322 in
325 287 382 321 usu
403 285 478 319 sunt
498 293 535 317 ac
553 280 650 316 viridi
674 278 879 315 observantia
893 300 900 309 .
928 274 1062 309 Etenim
1076 273 1140 307 cle-

263 337 324 372 rici
351 334 494 370 minoi-es
517 344 583 367 non
597 339 736 367 utuntur
756 326 858 366 stola,
879 323 1057 360 sacerdotes
1068 334 1138 358 eam

262 398 319 432 per
342 395 519 429 utrumque
550 381 720 416 humerum
743 400 754 415 ‚
786 375 931 411 Diaconi
967 374 1139 409 dumtaxat

264 446 396 481 portant
418 434 452 469 in
477 444 561 467 uno.
588 428 697 463 Modo
724 437 833 461 tamen
861 433 992 471 portant
1019 424 1052 457 in
1077 424 1139 458 sca·

263 487 339 530 pula
360 486 470 520 dextra
489 494 498 516 :
524 480 681 524 quoniam
705 478 803 511 etiam
826 488 862 511 ea
900 475 1043 518 portatio
1065 486 1138 517 apta

263 537 308 570 est
333 537 424 571 sacrae
444 530 695 577 fignificationi.
723 527 771 562 Ar
793 526 834 561 de
858 525 923 560 hoc
950 526 1059 559 orario
1072 536 1137 557 non

265 587 413 631 loquitur
436 582 559 617 Auctor
583 580 641 613 iste
666 578 879 622 incognitus:
910 575 1000 610 Absit
1028 574 1139 613 enirn,

264 647 300 670 ut
324 634 504 670 sacrificans
516 629 710 675 Fulgentius
725 627 872 663 omiserit
887 626 1080 661 consuetum
1104 624 1136 659 in

266 683 405 720 Ecclesia
429 680 578 718 habitum
601 678 804 714 Sacerdotis.
829 677 875 711 At
901 677 1052 717 inquies,
1081 685 1140 707 cur

263 746 342 778 ergo
357 732 480 768 Austor-
493 732 551 766 iste
563 730 669 764 subdit
683 754 690 762 .
717 731 783 763 suae
794 731 987 760 continentiae
1002 729 1062 760 Deo
1072 723 1138 759 teste

259 784 373 829 fiducta
394 794 501 829 gerens
518 806 527 821 ,
555 786 588 812 in
613 792 674 823 qua
699 784 801 813 tunica
813 777 1002 816 dormiebat,
1029 771 1138 819 inipsa

260 833 473 878 sacrificabat,
500 833 534 867 ό·
559 836 592 862 in
618 837 745 870 tempore
766 826 904 870 sacrificis·
931 826 1078 860 mutanda
1089 823 1139 865 effe

263 886 351 919 corda
373 883 495 924 potius,
524 891 612 924 quam
637 878 816 919 vestimenta
828 877 961 910 dicebat.
991 874 1138 916 Respon-

262 935 326 969 deo
347 932 516 977 Fulgentii
542 929 635 965 verba
664 928 757 963 fuisse
781 926 991 962 sanfiiffima.
1021 923 1138 966 Neque

262 986 352 1018 enim
377 983 463 1018 dixit
502 978 712 1016 sacerdotalia
750 987 943 1011 ornamenta
969 975 987 1009 a
1016 973 1137 1008 sacrifi-

263 1030 367 1068 cantex
388 1044 456 1067 non
482 1030 545 1065 ess'e
573 1028 862 1072 superinduenda3
895 1025 988 1059 nullo
1016 1021 1137 1057 modo:

262 1083 363 1119 Dixit
376 1080 533 1118 mutanda
562 1091 631 1115 non
659 1081 721 1113 esse
735 1078 927 1111 vestimenta
942 1075 1048 1108 nostra
1061 1084 1138 1118 quo·

262 1131 407 1174 tidiana,
437 1133 471 1165 in
485 1130 604 1175 quibus
615 1128 795 1164 dormimus
821 1138 876 1162 aut
893 1126 1043 1160 manibus
1064 1135 1137 1167 ope-

261 1194 395 1222 ramur,
413 1192 578 1225 tamquam
597 1191 634 1214 ea
662 1177 830 1214 immunda
858 1188 912 1210 aut
941 1177 1016 1210 Deo
1040 1174 1139 1207 invisa

263 1232 350 1272 sint,
377 1231 613 1273 hominemque
626 1231 683 1263 suo
695 1228 854 1271 contagio
866 1227 1035 1269 polluant:
1066 1224 1136 1257 Mu*

265 1282 364 1315 tanda
393 1291 461 1315 non
487 1279 570 1313 dixit
588 1280 687 1311 corda
716 1278 807 1319 sola3
835 1276 937 1310 abfit:
968 1273 1100 1309 Etenim
1113 1284 1135 1307 e-

264 1332 347 1364 tiam
374 1330 565 1364 vestimenta
595 1326 711 1362 mutati
740 1327 897 1369 possunt,
924 1334 956 1356 at
983 1324 1139 1358 mutanda

264 1381 341 1415 sunt
368 1379 468 1415 corda
496 1376 627 1422 potius.
655 1377 753 1411 Dixit
781 1376 814 1411 &
843 1373 1076 1408 faeciravitista
1089 1373 1139 1406 ad-

265 1430 390 1465 versum
419 1428 653 1473 superstitiosos
675 1426 786 1462 sibilos
821 1424 958 1459 istorum
992 1422 1139 1466 aspidum

266 1480 529 1525 AEgyptiorum:
545 1478 677 1513 Etenim
693 1478 724 1510 in
738 1475 895 1521 AEgypto
907 1473 1065 1515 ejusmodi
1078 1484 1140 1505 nu-

264 1540 322 1575 gas
336 1529 493 1574 serviliter
507 1527 741 1566 observabant,
771 1537 809 1558 ac
834 1524 921 1559 hisce
947 1525 1141 1558 forsantem·

263 1578 398 1624 poribus
422 1590 476 1623 per
489 1578 638 1613 Africam
651 1575 838 1612 cruciabant
853 1598 859 1606 .
888 1575 1002 1608 Altera
1014 1584 1094 1618 ergo
1107 1585 1140 1606 o·

263 1629 338 1664 rarii
361 1628 559 1674 fignificatio
580 1628 740 1672 significat
765 1636 836 1661 eam
853 1624 1042 1659 vestimenti
1058 1648 1068 1663 ,
1090 1622 1141 1655 vel

264 1681 374 1723 potius
391 1678 577 1713 ornamenti
605 1687 727 1719 partem
747 1699 757 1715 ,
782 1686 880 1719 quam
912 1685 973 1708 nos
998 1673 1143 1709 dicimus

263 1730 402 1764 collare.
430 1730 466 1764 In
481 1728 541 1763 hac
551 1728 698 1770 loquitur
711 1727 740 1760 S.
757 1726 986 1767 Hieronymus
1005 1723 1144 1758 scribens

264 1779 457 1823 Nepotiano
481 1803 489 1811 .
528 1782 600 1812 Non
612 1776 720 1822 absque
747 1774 856 1810 amrc‘lu
881 1776 956 1808 lineo
991 1774 1143 1813 incedere,

259 1829 315 1874 fied
336 1835 468 1871 prmum
495 1827 620 1867 vestium
643 1828 795 1859 linearum
821 1836 878 1857 non
905 1823 1011 1858 babere
1037 1848 1047 1864 ,
1081 1824 1142 1857 lau-

264 1879 361 1913 dabile
388 1879 424 1918 esi
438 1903 446 1910 .
476 1878 614 1922 Alioquin
639 1874 978 1915 ridiculum&plenum
991 1875 1142 1908 dedecoris

263 1930 325 1970 est,
353 1929 464 1971 referto
476 1926 647 1970 marsupio,
675 1930 755 1971 quod
776 1924 933 1967 sudarium
961 1930 1144 1964 orariumque

265 1990 323 2011 non
344 1978 477 2017 babeas,
507 1978 653 2020 gloriari.
681 1977 726 2009 Et
753 1974 894 2008 Pontius
916 1974 1088 2019 Diaconus
1110 1974 1143 2005 in

267 2026 411 2070 passione
421 2025 551 2070 gloriosi
565 2024 715 2068 martyris
726 2020 882 2066 Cypriani
896 2045 903 2051 .
934 2025 1060 2054 Fratres
1076 2020 1144 2062 flen—

266 2075 312 2109 tes
338 2072 524 2110 linteamina
551 2076 585 2106 (⁴7
605 2079 713 2114 ,oraria
739 2083 809 2105 ante
836 2081 902 2102 eum
910 2070 1082 2109 ponebant,
1109 2081 1146 2103 ne

260 2123 384 2169 sancYus
410 2134 495 2156 cruor
521 2121 651 2163 defluens
676 2117 884 2163 absorberetur
908 2119 929 2148 a*
953 2125 1037 2150 terra
1059 2141 1066 2150 .
1104 2118 1141 2150 ld

264 2174 310 2208 est
324 2197 334 2213 ,
370 2183 446 2206 ante
468 2182 545 2205 eum
566 2168 734 2213 ponebant
758 2169 907 2208 sudaria,
924 2167 1057 2201 collaria
1072 2190 1082 2206 ‚
1110 2168 1143 2203 ὅ(

264 2221 424 2268 quidquid
447 2221 531 2265 apud
554 2220 584 2254 se
608 2217 769 2254 habebant
788 2217 871 2257 lini,
900 2219 1021 2252 sacrum
1047 2217 1142 2252 istum

266 2274 459 2317 sanguinem
471 2271 633 2314 excepturi
651 2294 659 2302 .
688 2268 811 2303 Eadem
837 2267 1075 2314 significatione
1096 2266 1131 2302 10
1149 2266 1151 2269 ’

267 2324 379 2366 quitur
392 2322 532 2364 primurn
544 2319 728 2352 concilium
750 2318 989 2352 Aurelianense
1002 2341 1012 2357 ‚
1037 2319 1142 2353 oraria

267 2383 306 2407 ac
319 2381 419 2405 zonas
431 2367 602 2403 monachis
615 2368 822 2402 interdicens.
835 2365 960 2402 Verum
974 2368 1053 2411 quid
1064 2379 1142 2401 con-

267 2412 483 2455 cssiumistud
496 2418 554 2452 fibi
568 2417 636 2451 vult
658 2429 715 2461 per
726 2418 850 2454 zonas?
878 2415 933 2451 An
957 2418 1064 2450 forsan
1090 2418 1141 2452 in-

267 2466 579 2505 terdicitmonachis
592 2467 800 2508 zonasistas,
827 2476 906 2510 quas
928 2467 1042 2502 Helias
1064 2466 1143 2504 Pro-

267 2520 387 2565 pheta,
416 2520 558 2564 Joannes
586 2516 730 2562 Baptista
754 2541 764 2557 ,
792 2516 971 2559 Apostolus
998 2517 1143 2557 Paulus,

267 2581 367 2615 atque
387 2580 502 2604 eorum
524 2569 678 2611 exemplo
705 2578 822 2603 omues
832 2567 961 2610 antiqui
983 2567 1141 2603 monachi

268 2618 490 2666 gestaverunt?
525 2618 631 2653 Nullo
644 2618 746 2652 modo
760 2641 768 2651 .
798 2617 889 2652 Absit
902 2616 935 2649 id
955 2618 973 2651 ὲ
994 2618 1139 2654 ίειηέὶὶίῖὶ-

268 2671 331 2706 mis
357 2671 424 2703 istis
448 2668 616 2713 Episcopis
638 2667 842 2703 Gallicanis.
882 2666 1000 2713 Aliqui
1026 2678 1142 2712 putant

267 2719 435 2764 prohiberi
456 2718 662 2756 zonasistas‚
688 2716 729 2750 de
740 2716 857 2760 quibus
869 2716 957 2751 dixit
981 2718 1142 2763 Magister

269 2772 362 2806 Deus
383 2769 418 2803 in
435 2767 640 2815 Evangelio,
686 2771 792 2810 Neque
814 2775 972 2810 pecuniam
997 2775 1029 2801 in
1055 2776 1140 2804 zonis

267 2820 373 2861 vestris
385 2844 395 2860 ‚
423 2818 455 2852 id
470 2818 513 2852 est
525 2840 535 2857 ‚
561 2817 728 2852 occultam
742 2817 969 2861 proprietatem
981 2841 988 2851 .
1015 2818 1140 2854 Vertim

268 2871 329 2904 iste
344 2870 453 2903 sensus
467 2868 511 2903 est
528 2868 668 2902 nimium
684 2867 907 2912 mysteriosus,
920 2870 1025 2912 neque
1034 2870 1139 2905 solent

268 2918 476 2964 Episcopalia
488 2918 629 2952 concilia
641 2919 714 2951 suos
726 2928 869 2952 canones
881 2928 976 2958 ,quos
986 2918 1031 2952 ob
1044 2919 1139 2954 omni

268 2971 395 3014 populo
414 2968 598 3002 intellestos
619 2978 718 3012 atque
735 2968 922 3002 observatos
936 2979 1067 3011 oportet
1093 2980 1139 3003 ta-

268 3022 351 3056 lium
364 3021 574 3062 aenigmatum
595 3017 774 3051 involucris
791 3016 958 3051 obvelare.
984 3017 1072 3053 Dico
1094 3030 1136 3055 ei·-

267 3083 314 3116 go
336 3071 400 3104 este
415 3069 532 3102 faedum
545 3078 643 3110 atque
661 3069 695 3101 in
718 3067 867 3103 Gratiani
880 3067 1138 3104 decreto&con·

268 3121 423 3155 ciliorum
443 3119 542 3153 tomis
559 3119 791 3163 corrigendum
813 3117 970 3151 mendum
991 3129 998 3149 ε
1030 3119 1138 3164 legen-

266 3171 348 3205 dum
361 3169 406 3204 est
418 3193 429 3209 ,
451 3167 614 3202 zanchas.
643 3169 719 3216 Qa
734 3179 814 3202 voce
825 3167 1014 3203 Trebellius
1027 3168 1136 3205 Pollio

268 3219 428 3255 barbarici
449 3219 547 3253 calcei
572 3229 675 3263 genus
698 3218 743 3251 ait
767 3217 957 3261 significari.
986 3219 1033 3252 Ea
1045 3221 1136 3263 quip-

1115 85 1661 129 Aucusrrur.

535 184 568 215 si
593 184 660 226 quis
691 179 782 214 aliter
804 178 922 223 elegerit
942 201 952 217 ,
979 183 1140 208 excommu-
1181 171 1456 222 ¹irrepserantque
1469 169 1518 203 illi
1536 181 1610 202 cum
1625 167 1696 202 aliis
1708 166 1920 203 Barbarorum
1930 167 2074 202 moribus

1194 3228 1320 3261 pertus.
1351 3221 1397 3253 At
1429 3218 1548 3264 quale,
1575 3220 1732 3264 inquies,

1976 91 2037 140 45

1202 232 1267 255 non
1282 220 1387 253 solum
1401 220 1433 251 in
1448 219 1606 261 populum
1622 230 1658 250 ac
1672 219 1795 252 clerum
1807 240 1816 256 ,
1843 218 1895 252 sed
1907 219 2007 253 etiam
2035 221 2072 254 in

1200 268 1400 308 monachos,
1430 268 1528 309 idque
1541 279 1633 302 tanto
1646 268 1786 309 impetu,
1811 280 1845 303 ut
1858 271 1990 313 publico
2003 283 2075 316 pro·

1201 319 1351 355 vincialis
1379 317 1504 362 Synodi
1530 317 1660 352 decreto
1693 316 1862 356 debuerint
1885 321 2074 364 prohiberi.

1202 368 1364 405 Prohibet
1382 368 1490 411 itaque
1502 367 1657 412 synodus
1669 365 1725 401 ista
1748 366 1765 400 a
1780 369 1948 405 monachis
1956 371 2074 417 gestari

1201 429 1358 455 cornutos
1374 419 1501 455 calceos
1524 419 1559 455 δε
1577 417 1702 458 oraria,
1731 417 1762 451 id
1775 417 1819 450 est
1832 442 1841 458 ,
1867 420 1984 455 bellula
2009 421 2075 456 col.

1202 471 1276 506 laria
1290 493 1300 509 ,
1325 480 1468 513 apertam
1482 469 1661 504 vanitatem
1672 491 1682 507 ,
1711 478 1808 510 quam
1822 479 1952 505 omnem
1968 473 2074 507 rursus

1203 521 1267 556 hoc
1291 520 1401 553 nostro
1413 530 1557 562 tempore
1579 519 1612 552 in
1635 517 1828 561 quibusdam
1847 519 2075 556 Ecclesiasticis

1204 571 1351 606 videmus
1373 568 1572 604 redivivam.
1604 566 1783 611 Ambaeque
1795 566 1842 601 hae
1865 568 2076 612 significatio-

1205 632 1257 655 nes
1278 618 1534 664 suntlegitimae.
1563 618 1716 653 Orarium
1737 617 1857 661 quippe
1878 630 1944 651 non
1957 619 1997 653 ab
2009 633 2075 662 ore,

1203 682 1238 707 ut
1264 671 1399 713 quidam
1421 680 1549 709 errant,
1577 668 1628 703 sed
1642 667 1682 702 ab
1693 678 1748 701 ora
1759 668 1940 709 derivatur,
1967 670 2008 703 ab
2021 682 2076 704 ora

1205 721 1407 760 vestimenti,
1435 720 1475 753 de
1498 731 1560 761 qua
1584 720 1709 753 sanstus
1731 718 1936 762 Augustinus
1956 743 1963 751 .
1990 722 2080 764 ,Quid
2093 703 2213 739 psalm·

1203 772 1239 811 est
1267 784 1318 803 ora
1329 771 1516 810 vestimenti?
1543 775 1605 802 ora
1623 769 1696 811 finis
1710 768 1876 811 vestimenti
1901 770 1937 810 est
1953 793 1960 801 .
1989 770 2079 818 Qia
2097 762 2173 800 132.

1204 833 1282 866 ergo
1300 832 1367 855 tam
1389 819 1595 854 sacerdotalis
1621 819 1720 858 stola,
1749 830 1846 863 quam
1868 819 2082 863 quodviscol-

1205 873 1267 904 lare
1278 872 1354 905 sunt
1365 895 1376 911 ‚
1404 881 1472 904 non
1484 870 1556 913 ipsae
1569 868 1836 905 vestimentorum
1847 881 1911 903 orae
1923 871 1974 903 seu
1987 869 2082 911 fines,

1204 922 1256 956 sed
1274 922 1393 956 finium
1407 922 1461 955 seu
1482 930 1612 954 orarum
1636 919 1838 960 obvolucra,
1866 920 2029 954 velamina
2043 932 2082 953 ac

1202 981 1394 1006 ornamenta
1406 996 1417 1013 ,
1443 970 1526 1006 recte
1543 980 1700 1004 vocantur
1716 970 1840 1004 oraria.
1873 970 1917 1004 Et
1936 969 2001 1004 hoc
2026 982 2084 1013 po·

1204 1022 1315 1054 sterius
1327 1019 1373 1053 est
1393 1022 1540 1055 orarium
1554 1020 1638 1054 istud
1650 1045 1661 1061 ,
1687 1031 1754 1067 quo
1766 1021 1877 1057 fratres
1898 1021 1999 1057 fausti
2014 1020 2084 1058 Aa·

1201 1070 1326 1118 gustini
1349 1080 1417 1104 non
1442 1070 1637 1105 utebantur.

1429 1168 1709 1206 CAPUT
1769 1169 1858 1205 XX.

1365 1272 1411 1305 De
1438 1270 1586 1315 Augustini
1611 1271 1721 1304 curalio
1745 1281 1780 1303 ac
1803 1270 1917 1311 pallio.

1316 1319 1400 1355 Atio
1424 1323 1523 1363 porro
1546 1319 1640 1363 hujus
1662 1323 1706 1355 est
1733 1319 1858 1366 ..Quia
1881 1318 2087 1364 Augustinus

1331 1382 1369 1404 ac
1392 1370 1543 1405 Eremitae
1563 1371 1632 1414 ejus
1643 1370 1883 1407 amiciebantur
1895 1369 2020 1413 capitio
2031 1369 2087 1404 seu

1205 1421 1338 1455 cucullo
1352 1446 1363 1462 ,
1385 1422 1533 1464 adeoque
1544 1422 1654 1456 nullus
1671 1423 1703 1455 in
1718 1422 1763 1455 eis
1781 1431 1850 1455 erat
1863 1421 1970 1454 orario
1983 1420 2092 1453 locus..

1207 1470 1354 1505 Collatia
1376 1473 1512 1516 quippe,
1537 1472 1707 1516 praesertim
1718 1471 1858 1514 politula
1872 1469 1952 1510 ista,
1977 1468 2088 1503 cucul-

1208 1522 1240 1553 lo
1263 1522 1442 1563 quadrant,
1464 1521 1636 1566 quomodo
1649 1533 1764 1557 aureus
1788 1521 1931 1555 annulus
1954 1518 2089 1553 naribus

1208 1574 1294 1612 porci
1309 1598 1316 1605 .
1346 1572 1505 1607 Eremitas
1528 1571 1625 1615 porro
1647 1573 1719 1606 suos
1737 1571 1921 1605 cucullatos
1941 1569 2089 1606 fuiffete-

1206 1622 1305 1655 statur
1317 1622 1522 1666 Augustinus
1535 1622 1595 1663 ,fic
1608 1621 1771 1657 dicensad
1782 1620 1942 1664 populum
1955 1644 1962 1652 .
1977 1620 2087 1653 Videas
2104 1600 2222 1635 Psalm'

1206 1671 1330 1714 transire
1353 1670 1460 1715 servos
1472 1674 1528 1705 Dei
1542 1696 1552 1711 ,
1578 1670 1748 1720 cognoscunt
1761 1669 1822 1713 1·pr
1848 1670 1956 1704 babitu
1970 1669 2023 1703 vel
2030 1681 2087 1704 ve·
2109 1660 2185 1700 ¹47·

1202 1722 1256 1762 stis
1285 1724 1336 1757 vel
1353 1728 1481 1764 capitis.
1511 1722 1579 1757 Hic
1601 1724 1724 1769 quippe
1745 1722 1946 1757 distinctivus
1969 1719 2087 1763 capitis

1208 1771 1339 1808 habitus
1359 1783 1426 1808 erat
1451 1772 1613 1818 capicium
1639 1796 1646 1803 .
1687 1773 1782 1807 Hinc
1800 1773 1891 1806 enim
1915 1780 2087 1814 exponens

1209 1824 1332 1858 versum
1356 1823 1499 1863 Psalmi,
1527 1826 1607 1855 Sicut
1634 1832 1839 1867 unguentum,
1865 1823 1946 1862 quod
1969 1818 2089 1862 descen-

1206 1873 1254 1905 dit
1280 1879 1312 1905 in
1338 1886 1420 1905 oram
1447 1873 1611 1912 vestimenti
1637 1875 1701 1917 ejus
1726 1896 1737 1912 ‚
1774 1873 1814 1904 sic
1842 1871 1941 1906 dicit.
1971 1872 2086 1904 Ubiex·
2104 1865 2224 1902 Psalm-

1207 1925 1303 1956 tendit
1323 1923 1424 1962 fullo,
1450 1921 1506 1962 nist
1528 1929 1560 1954 m
1585 1925 1664 1965 ligno
1683 1923 1700 1953 ,2
1741 1922 1881 1954 Videmus
1906 1922 2035 1965 quotidie
2064 1923 2083 1953 ἃ
2111 1927 2183 1967 132.
2206 1948 2216 1963 Δ

1199 1970 1367 2011 fullonibus
1395 1974 1512 2005 tunicas
1540 1972 1754 2013 quodammodo
1779 1969 1928 2015 crucifigi.
1956 1972 2087 2014 ,Quomo-

1208 2023 1244 2053 do
1270 2021 1490 2064 intelligimur,
1514 2025 1548 2056 in
1573 2032 1661 2061 quam
1686 2033 1768 2053 oram
1795 2022 1877 2055 dicat
1899 2044 1909 2060 ‚
1936 2022 2013 2063 quod
2035 2030 2088 2062 po-

1206 2076 1264 2103 tuit
1273 2067 1445 2110 descendere
1466 2072 1667 2113 unguentum?
1696 2075 1768 2103 Non
1792 2078 1887 2111 puto,
1915 2073 1993 2113 quod
2004 2082 2089 2103 oram

1207 2118 1372 2155 vestimenti
1397 2124 1429 2150 in
1455 2117 1601 2152 lateribus
1629 2118 1722 2152 voluit
1749 2121 1876 2162 intelligi
1892 2146 1901 2161 ‚
1924 2120 1995 2163 sunt
2009 2129 2089 2155 enlm

1206 2178 1263 2200 orae
1291 2174 1324 2200 in
1335 2167 1494 2202 lateribus:
1522 2169 1583 2202 sed
1606 2169 1626 2199 ἃ
1652 2167 1747 2200 barba
1773 2168 1946 2213 descendere
1958 2183 2087 2214 unguen.

1206 2227 1270 2250 tum
1295 2219 1338 2250 ad
1365 2229 1446 2251 oram
1470 2213 1591 2258 posuit,
1619 2228 1685 2261 quae
1697 2224 1833 2262 incapite
1859 2219 1920 2259 est,
1947 2220 1997 2252 ubi
2019 2230 2090 2263 ape-

1204 2273 1282 2300 ntur
1293 2272 1455 2310 capitium.
1484 2269 1570 2300 Tales
1588 2268 1690 2312 sunt,
1718 2268 1965 2309 quibabitantin
1978 2282 2085 2313 unum,

1206 2328 1239 2351 ut
1265 2319 1403 2359 quomodo
1426 2325 1482 2358 per
1507 2328 1574 2349 oras
1599 2317 1668 2357 istas
1694 2317 1792 2351 intrat
1817 2328 1907 2362 caput
1933 2319 2061 2355 hominis
2076 2346 2087 2362 ‚

1205 2377 1239 2401 us
1263 2365 1368 2406 vestiat
1389 2365 1446 2410 se,
1471 2367 1527 2402 &a
1557 2366 1657 2404 plene
1682 2364 1736 2401 hic
1751 2368 1907 2404 babemus
1925 2372 2086 2406 monasti-

1205 2428 1277 2452 cam
1292 2416 1543 2461 A‘ugustinianae
1556 2417 1648 2452 vestis
1660 2418 1798 2453 formam
1811 2444 1818 2451 .
1851 2419 1965 2454 Primo
1978 2445 1988 2460 ,
2017 2433 2086 2456 erat

1206 2467 1316 2503 tunica
1339 2466 1718 2503 consuetaafuiionibus
1741 2469 1772 2503 in
1795 2468 1888 2513 ligno
1910 2471 2083 2516 crucifigi:

1206 2518 1285 2554 Hoc
1304 2518 1349 2552 est
1364 2542 1374 2557 ,
1399 2528 1467 2552 non
1481 2528 1547 2550 erat
1559 2517 1730 2554 colobium
1743 2543 1753 2558 ‚
1776 2519 1827 2555 sed
1843 2520 1956 2554 tunica
1980 2522 2086 2556 mani-

1205 2579 1296 2601 cata·
1325 2567 1476 2606 Deinde',
1503 2567 1607 2601 homo
1621 2568 1712 2602 illam
1727 2570 1865 2605 induens
1888 2571 2007 2606 intrare
2031 2571 2085 2607 de·

1205 2618 1300 2654 bebat
1312 2629 1368 2661 per
1378 2629 1469 2653 oram
1482 2618 1697 2662 superiorem:
1726 2619 1804 2653 Hoc
1827 2620 1872 2655 cst
1893 2645 1904 2661 ‚
1931 2631 1998 2653 non
2014 2633 2084 2657 erat

1205 2670 1279 2701 ante
1292 2679 1424 2711 aperta,
1451 2669 1504 2703 sed
1527 2669 1633 2705 clausa
1653 2679 1708 2712 per
1731 2681 1841 2705 toturn
1855 2695 1862 2702 .
1891 2670 2083 2713 Postremo,

1205 2717 1345 2754 habebat
1356 2729 1476 2759 oram,
1503 2717 1558 2753 ubi
1570 2720 1773 2761 aperiebatur
1797 2721 1975 2764 capitium:
2003 2722 2082 2755 Hoc

1204 2770 1248 2803 est
1261 2793 1272 2808 ‚
1284 2777 1349 2802 erat
1363 2779 1456 2802 verus
1467 2768 1720 2803 bardocucullus
1732 2794 1744 2810 ‚
1767 2771 1898 2816 qualem
1912 2770 2012 2805 hodie
2022 2782 2082 2816 ge-

1203 2829 1278 2856 runt
1289 2821 1402 2855 fratres
1413 2818 1563 2855 Minores
1583 2820 1766 2863 Capuccini
1780 2845 1787 2853 .
1816 2821 1867 2855 De
1880 2821 2081 2858 manicarum

1203 2870 1308 2904 forma
1323 2869 1370 2904 nil
1384 2868 1489 2905 habeo
1501 2870 1590 2913 quod
1603 2869 1709 2905 dicam
1723 2895 1730 2902 .
1761 2872 1804 2905 Et
1828 2869 1883 2903 hic
1905 2871 2081 2908 bardocuc-

1201 2920 1308 2954 cullus
1318 2920 1361 2955 est
1376 2919 1608 2963 palliumistud
1622 2944 1632 2959 ,
1659 2920 1700 2956 de
1713 2931 1779 2963 quo
1799 2920 1878 2952 dicir
1902 2922 2014 2955 austor
2032 2923 2080 2955 in·

1200 2972 1355 3014 cognitus
1370 2971 1402 3002 in
1418 2970 1484 3003 vita
1498 2969 1526 3002 S.
1542 2970 1709 3013 Fulgentii
1724 2994 1731 3001 .
1759 2968 1899 3012 Cafielam
1914 2970 2078 3017 pretiosam
2095 2966 2175 3014 Cap.
2192 2968 2243 3008 18.

1201 3021 1253 3052 vel
1260 3019 1378 3063 superbi
1388 3021 1489 3052 coloris
1502 3030 1553 3052 nec
1564 3019 1625 3061 ipse
1637 3021 1733 3052 docuit
1747 3043 1757 3059 ‚
1783 3031 1835 3053 nec
1845 3021 1998 3054 monachos
2006 3021 2077 3064 suos

1200 3069 1309 3105 habere
1317 3069 1466 3111 permifis.
1494 3071 1604 3104 Subtus
1614 3068 1743 3111 casulam
1758 3070 1860 3114 nigello
1880 3072 1931 3103 vel
1949 3072 2077 3105 lac‘lineo

1195 3122 1292 3162 pallio
1314 3121 1513 3153 circumdatus
1539 3120 1663 3162 inceffi13
1691 3123 1811 3161 quando
1838 3127 1995 3162 temperies
2022 3134 2076 3155 ae-

1198 3176 1241 3202 ris
1268 3170 1441 3210 invitabas,
1469 3166 1528 3212 solo
1550 3171 1644 3212 pallio
1670 3175 1755 3205 intra
1781 3170 1982 3208 monasterium
2007 3183 2074 3204 coo·

1785 3220 1921 3264 pallium
1962 3220 2044 3257 istud
2057 3223 2074 3254 ,ἒ

266 3283 307 3316 pe
320 3268 725 3313 AurelianensisSynodus
747 3265 859 3303 habita
882 3267 927 3300 est
949 3268 987 3301 iis
1012 3280 1132 3313 tempo·
1177 2849 1417 3313 iRespondeo,
1444 3268 1618 3311 antiquum
1632 3271 1784 3304 omnium
1806 3267 2072 3307 Christianorum

265 3319 500 3364 ribus,quibus
513 3317 1067 3360 Gothi,Franci,aliiqueBarbari
1079 3331 1134 3364 per
1195 3322 1330 3362 pallium
1352 3343 1364 3361 ,
1402 3318 1551 3354 adversus
1586 3320 1676 3366 quod
1705 3319 1758 3353 hic
1785 3320 1929 3356 famosus
1966 3323 2074 3367 genti—

249 3371 390 3416 ›Gallias
415 3369 656 3415 grassabantur.
685 3368 817 3404 Barbari
840 3367 936 3412 porro
958 3368 1010 3403 isti
1029 3372 1134 3415 gesta·
1195 3370 1275 3404 lium
1301 3369 1472 3405 sarcasmus
1492 3393 1500 3402 .
1540 3372 1585 3403 De
1610 3379 1678 3412 toga
1703 3370 1747 3404 ad
1771 3369 1900 3404 pallium
1924 3395 1935 3412 ,
1971 3373 2072 3414 quod-

263 3422 344 3458 bant
368 3418 541 3464 superbum
554 3418 656 3455 calcei
669 3430 774 3466 genus
787 3443 799 3462 ,
823 3419 950 3455 calceos
963 3430 1131 3467 cor-numa
1192 3428 1256 3464 que
1280 3429 1322 3455 ex
1349 3417 1525 3459 intervallo
1549 3419 1592 3456 ad
1618 3419 1705 3455 solos
1730 3420 1915 3458 monachos
1934 3423 2069 3465 transiit,

1993 3482 2043 3509 uti
