2384 3770
387 140 484 176 226

341 226 427 256 nem;
445 221 581 255 eamque
594 210 627 244 in
643 207 698 244 illa
709 210 839 246 caussat.
854 212 936 246 Sunt
949 223 1028 257 ergo
1040 212 1104 246 isiae
1119 214 1239 254 voces‚¹

343 268 429 310 figna
466 263 692 305 acceptionem
706 262 908 306 personalem
931 263 1063 298 alterius
1085 265 1173 297 vocis
1192 264 1224 298 fi·

342 312 538 360 gnificantia
551 337 559 345 .

391 375 421 410 7.
452 362 576 406 Aliqui
597 361 787 396 definitioni
816 362 931 397 nossrae
957 363 1082 406 aliquid
1104 362 1225 398 adden-

338 413 418 448 dum
431 423 546 457 putant
563 425 573 456 ς
600 424 638 447 ac
661 411 866 448 formandam
881 412 945 445 hoc
957 412 1069 447 modo:
1083 415 1219 458 Signum

339 465 384 498 est
399 475 463 497 vox
476 463 622 499 caussans
635 475 672 497 ac
687 463 876 508 significans
889 463 1142 505 suppositionem
1157 476 1220 508 per-

340 515 489 549 sonalem
501 514 589 547 vocis
602 515 634 547 se
648 515 795 557 proxime
820 514 1001 556 sequentis.
1030 515 1092 548 Sed
1113 526 1219 558 perpe-

338 576 430 606 tam,
453 565 486 599 ἀ
504 565 570 598 sine
583 565 709 600 caussa.-
746 563 835 611 Qia
849 564 890 596 de
910 564 1043 597 essentia
1070 563 1165 607 hujus
1186 565 1219 597 sr—

339 617 398 660 gni
412 625 618 658 nequaquam
631 614 676 647 est
692 616 831 646 caussare
848 613 883 647 ὃς
903 613 1083 657 significare
1108 617 1219 658 suppo-

337 666 491 700 sitionem
517 664 608 697 vocis
634 662 781 707 proxime
804 665 996 705 sequentis;
1035 664 1219 699 dummodo

337 716 456 750 causset
480 715 515 751 ὅ(
549 714 709 758 significet
737 715 937 756 personalem
962 714 1216 756 suppositionem

339 765 429 800 vocis
450 765 631 809 sequentis;
655 763 718 797 hoc
731 764 807 797 satis
826 763 891 797 est:
918 765 981 798 sive
1003 765 1134 798 interim
1161 766 1216 799 illa

338 818 488 860 sequatur
505 813 653 857 proximo
665 837 675 852 ,
702 814 767 847 five
780 813 904 847 remoto
917 838 927 854 ,
940 814 972 847 id
987 825 1099 858 parum
1112 815 1213 850 refert.

337 868 384 899 Et
396 866 541 908 probatur
556 874 564 895 :
594 863 684 909 Quia
695 863 716 897 si
738 865 778 898 de
791 863 885 906 hujus
898 864 1122 907 signiessentia-
1132 866 1217 900 foret

335 914 520 950 cauffare&
544 913 727 957 significare
753 914 1006 958 suppositionem
1035 915 1125 950 vocis
1145 928 1214 959 pro-

335 964 426 1000 xime
449 965 638 1008 sequentiS,
663 974 743 998 tunc
766 975 868 998 omne
890 964 1016 1009 signum
1041 964 1075 998 id
1088 964 1215 1000 deberet

335 1017 462 1057 facere3
491 1013 525 1047 id
554 1013 646 1047 omni
676 1015 770 1059 signo
783 1016 851 1048 sore
874 1014 1005 1050 deberet
1027 1016 1215 1051 essentiale.-

334 1064 495 1110 quidquid
522 1064 612 1098 enim
637 1065 680 1098 est
700 1068 742 1100 de
764 1067 895 1099 effentia
920 1066 1049 1109 generis
1071 1091 1082 1107 ,
1115 1068 1212 1101 etiam

334 1115 380 1150 est
406 1115 447 1150 de
458 1114 589 1149 essentia
604 1116 758 1149 omnium
771 1115 951 1160 specierum
963 1140 974 1156 ,
1005 1117 1213 1160 aliorumque

335 1166 490 1201 omnium
515 1164 749 1200 subiicibilium
785 1166 835 1198 isti
855 1167 965 1210 generi
988 1166 1211 1200 subordinato·

335 1227 407 1251 rum
423 1240 430 1247 .
459 1216 564 1259 Atqui
580 1215 643 1249 hoc
654 1217 768 1250 falsum
784 1216 829 1250 est
846 1215 1009 1259 :quaedarn
1022 1218 1109 1249 enim
1122 1217 1211 1261 signa

336 1268 485 1301 caussant
507 1266 542 1298 &
564 1266 746 1311 significant
770 1266 1023 1310 suppositionem
1043 1264 1145 1301 solius
1156 1279 1212 1302 vo·

336 1320 383 1351 cis
396 1318 543 1359 proxime
556 1317 723 1361 sequentis
738 1342 748 1357 ‚
785 1318 927 1360 quaedam
940 1317 1040 1362 solius
1060 1318 1149 1351 vocis
1161 1329 1212 1352 re-

336 1367 427 1401 mete
441 1367 606 1409 sequentis
626 1391 636 1406 ‚
663 1367 806 1410 quaedam
822 1367 897 1400 vero
918 1368 949 1400 &
962 1366 1052 1400 vocis
1065 1367 1213 1410 proxime

334 1418 521 1461 sequentis,
542 1417 574 1449 ὃ(
589 1415 787 1450 simulvocis
808 1417 931 1450 remote
957 1418 1120 1461 sequentis
1145 1419 1212 1461 sup-

336 1468 531 1511 positionem
555 1468 727 1507 caussant,
751 1479 787 1501 ac
819 1467 1019 1511 significant.
1054 1467 1143 1513 Ergo
1164 1480 1209 1501 ca-

334 1518 442 1552 ussare
464 1528 501 1550 ac
512 1510 693 1560 signisi'care
718 1518 972 1560 suppositionem
992 1519 1083 1552 vocis
1107 1519 1212 1562 proxi·

297 1579 301 1583 ·
335 1567 390 1601 me
411 1569 575 1609 sequentis
601 1578 668 1599 non
693 1567 795 1608 potest
820 1568 886 1600 esse
906 1565 946 1600 de
968 1568 1105 1601 essentia
1119 1567 1212 1610 hujus

335 1618 418 1661 signi
446 1619 478 1649 in
501 1626 616 1660 genere
637 1616 783 1659 sumpti;
822 1617 874 1655 sed
902 1617 942 1651 de
970 1618 1056 1651 illius
1076 1619 1211 1652 essentia

339 1665 550 1701 solummodo
561 1665 605 1698 est
634 1667 798 1706 caussam,
819 1667 852 1700 ὅ(
873 1667 1056 1711 significare
1077 1669 1210 1710 supposi-

336 1720 464 1750 tionem
489 1716 691 1760 personalem
704 1716 839 1758 alicujus
851 1718 940 1750 vocis
953 1716 1210 1760 quomodocum-

335 1778 401 1810 que
414 1790 426 1807 ‚
449 1778 487 1800 ac
496 1766 776 1810 qualitercumque
788 1767 962 1809 sequentis.
995 1767 1145 1800 Probatur
1157 1774 1211 1800 inr-

337 1828 409 1850 nor:
428 1816 520 1863 Qia
532 1814 566 1861 in
590 1815 650 1850 hac
669 1817 839 1852 oratione.
869 1822 957 1850 Novi
977 1818 1106 1860 aliquem
1122 1817 1211 1850 homi-

337 1878 405 1901 nem
419 1891 428 1906 ‚
449 1872 500 1908 qut·
522 1874 647 1898 vocante
666 1869 813 1911 Joannes
827 1892 838 1907 ,
867 1867 995 1911 signum
1016 1869 1146 1909 aliquem
1163 1878 1213 1901 ca·

338 1918 423 1951 ussat
446 1941 456 1957 ,
481 1917 514 1950 δι
538 1915 699 1959 fignificat
722 1914 978 1958 suppositionem
1001 1917 1102 1949 solius
1124 1918 1214 1950 vocis

337 1967 484 2002 hominem
509 1964 656 2010 proxime
670 1967 830 2009 sequentis
841 1989 848 1997 .
877 1965 914 1998 ln
929 1965 989 1998 hac
1002 1964 1077 1999 vero
1094 1965 1215 1998 oratio·

338 2030 403 2058 ne,
432 2021 539 2051 Omnis
556 2017 636 2048 bomo
645 2015 682 2055 est
692 2016 829 2056 animal,
852 2011 982 2059 sigrium
1006 2021 1100 2049 omnis
1122 2014 1214 2060 signi·

338 2070 413 2103 fleat
435 2069 468 2102 δε
481 2067 704 2109 acceptionem
717 2067 808 2098 vocis
822 2065 905 2096 homo
916 2090 926 2104 ,
949 2066 980 2098 &
991 2066 1214 2107 acceptionem

339 2120 432 2153 vocis
447 2118 571 2150 animal:
588 2119 621 2147 in
636 2124 717 2147 voce
725 2114 806 2145 bomo
817 2113 949 2152 quidem
964 2113 1214 2155 suppositionem

338 2168 584 2211 copulativam:
614 2164 648 2196 in
673 2174 753 2196 voce
770 2162 845 2194 vero
866 2162 984 2194 animal
1003 2163 1124 2195 caussat
1149 2186 1159 2202 ,
1182 2163 1214 2195 dt

339 2218 504 2263 significat
528 2213 783 2257 suppositionem
796 2212 990 2245 confusam:
1013 2211 1103 2254 juxta
1127 2222 1214 2255 regu-

340 2269 406 2304 lam
420 2263 715 2301 Summulisticam:
746 2263 783 2294 ln
799 2261 1020 2303 propositione
1042 2262 1214 2294 universali

339 2316 535 2351 affirmativa
557 2311 734 2354 subjectum
773 2310 968 2353 supponitur
1005 2310 1216 2354 copulative,

341 2365 548 2411 praedicatum
574 2362 651 2395 vero
675 2359 834 2394 confuse.
864 2361 901 2395 ln
925 2360 986 2394 hac
1013 2372 1122 2394 autem
1145 2371 1216 2404 prae-

340 2418 528 2454 diutione,
558 2419 651 2447 Homo
670 2423 727 2444 non
748 2411 785 2451 est
806 2422 895 2452 equus
910 2436 919 2450 ‚
941 2412 1067 2455 signum
1088 2423 1145 2444 non
1161 2422 1215 2444 ca-

339 2470 427 2502 ussat
449 2477 485 2499 ac
505 2462 666 2508 significat
687 2461 941 2504 suppositionem
969 2462 1066 2495 solius
1089 2463 1178 2495 vocis
1190 2471 1216 2493 e·

342 2529 417 2562 quus
429 2514 553 2550 remote
571 2514 601 2547 se
613 2514 776 2556 sequentis
787 2534 796 2543 .
827 2512 916 2556 Ergo
929 2512 1013 2545 inter
1026 2513 1116 2556 figna
1131 2511 1217 2551 haec‘,

342 2567 492 2613 quapdam
513 2563 697 2609 significant
722 2573 759 2595 ac
781 2563 943 2605 caussant¹
961 2562 1215 2605 suppositionem

342 2619 443 2653 solius
459 2615 546 2648 voci-s
569 2615 726 2657 proximae
741 2637 750 2651 ,
773 2611 935 2655 quaedam,
958 2612 1058 2646 solius
1075 2621 1218 2649 remotae,

342 2666 488 2712 quaedam
502 2674 634 2699 remotae
646 2663 735 2696 simul
747 2674 784 2696 ac
800 2661 1109 2706 proximaezadeoque
1120 2662 1160 2696 de
1171 2663 1219 2695 es-

343 2718 444 2754 sentia
461 2715 553 2757 hujus
565 2715 647 2759 signi
669 2725 735 2747 non
747 2713 791 2746 est
814 2713 957 2746 caussare
979 2725 1016 2746 ac
1039 2712 1219 2757 significare

343 2766 596 2812 suppositionem
609 2764 699 2798 vocis
714 2763 915 2807 proximaeJd
925 2763 1026 2807 quide
1039 2763 1115 2797 huic
1127 2763 1219 2807 signo

343 2818 422 2861 saepe
442 2815 620 2856 convenit3
649 2814 699 2847 sed
723 2825 789 2847 non
809 2815 966 2847 convenit
987 2814 1218 2847 essentialiter.

395 2861 435 2906 8(
458 2866 586 2902 Dixiin
599 2859 816 2903 definitione,
841 2866 962 2908 signum
984 2862 1021 2903 est
1033 2875 1093 2896 vox
1118 2864 1220 2905 aliqua

345 2918 483 2961 caussam
507 2914 718 2959 &fignificans
734 2912 918 2958 personalem
935 2911 1158 2956 suppofinonem
1170 2924 1218 2946 vo·

345 2974 389 3003 cls
402 2966 576 3012 sequentis:
605 2964 694 3012 Qia
717 2964 782 2998 haec
796 2965 884 3007 signa
897 2974 963 2997 non
976 2964 1108 3006 possunt
1133 2964 1224 3002 causq

345 3020 413 3053 sare
425 3042 435 3058 ,
459 3027 564 3060 neque
575 3016 755 3059 significare
768 3015 1020 3057 suppositionem
1038 3024 1155 3046 vocum
1167 3025 1220 3046 an-

345 3068 592 3107 tecedentium3
620 3066 670 3098 sed
690 3064 898 3099 solummodo
910 3075 1028 3097 vocum
1055 3064 1219 3105 sequeuti-

347 3129 421 3154 um:
439 3129 475 3152 ut
487 3116 582 3152 facile
597 3117 718 3158 patebit
733 3115 922 3148 inducendo
935 3114 1084 3156 exempla
1100 3138 1106 3145 .
1135 3114 1176 3148 V.
1190 3126 1221 3158 g.

348 3159 521 3202 cum‘dico
536 3191 546 3207 ‚
569 3169 656 3199 Homo
666 3166 701 3205 est
715 3165 836 3208 aliquod
844 3166 962 3197 animal
971 3189 981 3205 ,
1006 3163 1089 3197 homo
1115 3164 1153 3204 est
1167 3166 1219 3197 ali·

349 3220 426 3259 quod
446 3218 545 3251 album
560 3241 570 3256 ,
583 3218 640 3250 syc.
665 3216 712 3250 Ibi
728 3216 856 3259 signum
869 3215 992 3257 aliquod
1003 3226 1068 3247 non
1084 3217 1222 3253 caussat,

353 3276 456 3311 neque
479 3266 640 3311 significat
663 3267 917 3309 suppositionem
939 3267 1029 3301 vocis
1052 3263 1221 3308 hom03sed

352 3310 558 3350 solummodo
583 3316 674 3351 vocis
694 3316 832 3356 animal,
853 3316 885 3350 δε
907 3319 994 3349 vocis
1020 3315 1122 3348 album
1142 3341 1149 3349 .
1178 3319 1224 3347 Et
1246 3328 1257 3340 ·

353 3370 432 3398 ratio
448 3367 497 3406 effe
513 3367 604 3406 potest
621 3392 627 3399 .
657 3367 747 3413 Quia
761 3366 920 3409 posterius
943 3377 1038 3411 agere
1051 3377 1219 3408 nunquam

841 126 1106 174 Drspuri
1123 142 1158 173 τ.
1198 125 1386 178 XV.=1)
1405 148 1480 177 un.
1519 135 1585 179 Π.

1286 226 1429 261 gnorum
1443 217 1648 260 sequentium
1661 241 1668 249 .
1697 217 1749 251 Ex
1762 228 1829 262 quo
1840 231 1947 257 eruere
1957 221 2057 267 potest
2080 222 2155 266 quis'

1285 267 1319 301 &
1348 267 1432 301 illud
1454 280 1461 299 :
1493 268 1598 315 Qod
1621 269 1708 314 signa
1728 269 1902 305 afficientia
1924 273 2154 317 propositionis

1284 317 1488 359 praedicatum
1504 319 1758 362 suppositionem
1771 319 1871 353 solius
1883 322 2154 368 ptaedimti;figna

1285 366 1360 399 vero
1385 367 1559 402 afficientia
1585 369 1758 413 subjectum
1780 381 1847 404 tam
1868 370 1998 414 subieffi
2017 395 2028 414 ,
2052 384 2152 417 quam

1284 415 1444 459 praedicati
1456 418 1708 462 suppositionem
1720 422 1865 455 caussent
1876 446 1887 462 ,
1900 431 1937 454 ac
1947 421 2145 466 significent.

1338 476 1367 512 9.
1392 467 1628 511 obiiciesprzma
1641 484 1653 504 :
1667 471 1804 515 Signum
1817 471 2014 515 quandoque
2026 482 2092 506 nou
2102 484 2152 507 ca.

1284 517 1387 557 ussae,
1413 518 1465 552 sed
1480 518 1689 555 solummodo
1709 519 1871 566 significat
1896 520 2150 564 suppositionem

1283 569 1375 600 vocis
1388 568 1567 611 sequentis:
1586 581 1666 614 ergo
1678 572 1762 617 male
1777 572 1898 606 dicitur
1908 572 1973 606 esse
1985 571 2026 604 de
2048 572 2154 605 esserr-

1282 616 1327 650 tia
1349 615 1447 660 hujus
1458 619 1540 664 signi
1552 644 1562 660 ,
1581 620 1671 663 quod
1685 621 1936 664 suppositionem
1948 619 2151 665 personalem

1281 667 1371 700 vocis
1396 669 1557 710 sequentis
1579 670 1738 714 significet
1752 671 1844 705 simul
1863 672 2049 706 deerrasset.
2072 674 2151 703 Con-

1277 714 1434 760 sequentia
1455 719 1492 759 est
1502 720 1631 753 evidens
1645 745 1653 753 .
1681 722 1858 754 antecedens
1867 721 2012 763 probatur
2022 745 2030 753 .
2056 721 2150 767 Qia

1282 769 1314 800 in
1328 766 1390 801 hac
1402 769 1631 812 praedicatione
1642 794 1654 811 ,
1675 775 1781 804 Omnis
1794 769 1878 805 bomo
1891 772 1929 812 est
1938 772 2077 811 animal,
2095 770 2149 817 .s¹··

1280 828 1383 862 gnum
1394 825 1489 852 omnis
1509 821 1763 864 suppositionem
1776 822 1866 856 vocis
1890 820 1973 855 homo
1990 819 2150 864 copulati·

1281 879 1352 901 vam
1376 893 1386 908 ,
1409 870 1442 903 dc
1468 870 1558 904 vocis
1577 874 1695 904 animal
1713 871 1883 906 confusam
1908 882 1976 906 uon
1999 871 2148 911 caussat,

1282 919 1332 952 sed
1345 919 1385 953 ad
1396 920 1557 955 summum
1570 922 1730 966 significat
1746 936 1757 956 :
1769 933 1848 967 ergo
1860 922 1988 966 signum
2000 920 2065 955 hoc
2076 921 2151 962 sup-

1280 967 1474 1011 positionem
1496 971 1585 1005 vocis
1606 973 1772 1016 sequentis
1784 971 1964 1016 aliquando
1976 983 2044 1007 non
2057 970 2148 1005 cans-

1280 1019 1347 1061 sat;
1370 1019 1423 1054 sed
1438 1021 1650 1055 solummodo
1660 1021 1822 1066 significat
1835 1047 1844 1056 .
1869 1023 2020 1056 Probatur
2034 1030 2152 1054 antece·

1279 1071 1374 1102 dent:
1400 1070 1490 1119 Qia
1504 1070 1584 1106 illud
1596 1095 1606 1111 ,
1629 1071 1695 1106 sine
1709 1082 1776 1116 quo
1791 1072 1893 1116 potest
1903 1074 1981 1116 poni
1996 1073 2030 1107 δι
2041 1081 2152 1104 mane-

1278 1130 1311 1152 re
1332 1118 1451 1164 aliquis
1469 1122 1600 1156 effeetus
1613 1145 1623 1162 ‚
1648 1120 1715 1156 non
1739 1122 1783 1155 est
1795 1122 1889 1157 istius
1908 1123 2039 1157 effeetus
2060 1120 2151 1155 caus·

1279 1169 1327 1201 sa:
1352 1169 1443 1211 atqui
1457 1171 1491 1204 in
1513 1172 1644 1215 praefata
1659 1171 1717 1205 ista
1730 1171 1984 1216 praedicatione,
2007 1172 2041 1205 i·n
2055 1180 2150 1204 voce

1268 1218 1358 1264 >bomo
1376 1219 1454 1253 esset
1468 1231 1505 1254 ac
1518 1231 1661 1256 maneret
1685 1222 1860 1266 suppositio
1882 1223 2090 1265 copulativa,
2114 1220 2150 1253 &

1278 1270 1311 1302 in
1337 1279 1418 1303 voce
1429 1273 1551 1304 animal
1559 1272 1733 1316 suppositio
1745 1273 1881 1306 confusa
1895 1296 1907 1312 ,
1926 1270 2151 1315 quamtumvis

1246 1358 1249 1361 μ
1278 1319 1408 1363 signum
1422 1327 1518 1355 omnis
1529 1322 1765 1356 essetablatum
1779 1347 1789 1363 ,
1813 1323 1865 1357 vel
1879 1332 2049 1366 nunquam
2071 1319 2148 1354 fuis·

1278 1370 1321 1402 set
1348 1371 1508 1412 positum:
1527 1383 1564 1406 ac
1576 1373 1766 1416 simpliciter
1776 1371 1884 1408 fuisset
1905 1373 2047 1410 dietum,
2069 1369 2153 1401 ΜΝ

1278 1419 1315 1459 esi
1326 1422 1459 1454 animal:
1485 1422 1662 1467 propositio
1682 1423 1772 1456 enirn
1786 1419 1895 1456 istaest
1905 1418 2093 1457 doctrinalis
2116 1417 2153 1451 de

1278 1471 1456 1504 essentialis
1467 1483 1477 1512 3
1499 1474 1648 1516 adeoque
1667 1474 1713 1506 est
1735 1472 1944 1512 universalis,
1963 1482 2032 1505 non
2044 1466 2152 1503 solum

1280 1520 1413 1564 quando
1433 1523 1477 1554 esi
1493 1522 1510 1555 ὲ
1533 1522 1623 1568 signo
1646 1522 1855 1564 modificara3
1877 1522 1930 1555 sed
1943 1521 2154 1562 etiam'quan-

1276 1573 1321 1604 do
1343 1570 1408 1604 sine
1422 1571 1514 1614 signo
1525 1572 1773 1607 estindefinita.
1805 1572 1893 1616 Ergo
1906 1571 2031 1616 signum
2053 1573 2152 1601 omnis

1277 1621 1594 1664 ibissupposrtionem
1619 1633 1737 1656 vocum
1761 1623 1891 1656 istarum
1913 1632 1981 1656 non
2003 1620 2153 1658 mussat,-

1277 1672 1328 1704 sed
1353 1670 1563 1704 solummodo
1585 1671 1766 1715 significat.
1793 1670 2003 1716 Argumento
2026 1668 2105 1704 huic
2117 1668 2155 1701 fi·

1276 1724 1320 1755 eri
1332 1721 1435 1760 potest
1447 1721 1523 1755 satis
1533 1720 1663 1756 duobus
1677 1722 1799 1756 modis.
2138 1735 2141 1739 ·

1329 1779 1380 1807 10.
1407 1769 1493 1813 Resp.
1509 1773 1613 1813 itaqu?
1621 1774 1722 1813 primo
1739 1796 1749 1811 ,
1761 1771 1895 1814 negando
1904 1767 2017 1812 conseq.
2043 1767 2156 1815 Qir,

1277 1832 1351 1855 cum
1365 1820 1488 1854 dixide
1499 1821 1634 1855 essentia
1646 1821 1740 1864 hujus
1751 1820 1849 1866 signi,
1878 1821 1947 1854 esse
1959 1842 1970 1859 ,
1991 1821 2082 1862 quod
2098 1826 2154 1849 vo-

1277 1873 1324 1904 cis
1344 1871 1507 1914 sequentis
1528 1872 1727 1915 personalem
1752 1871 2007 1914 suppositionem
2031 1866 2155 1911 fignifi-

1278 1932 1331 1955 cet
1343 1921 1486 1954 simul&
1512 1921 1659 1961 causset,
1687 1919 1932 1965 intelligendus
1946 1929 2016 1951 non
2040 1918 2088 1950 fui
2110 1917 2154 1949 de

1279 1969 1485 2002 caussatione
1497 1970 1612 2002 actuali
1627 1981 1642 2012 2>
1659 1969 1711 2003 sed
1720 1969 1761 2002 de
1774 1967 1988 2012 potentiali&
1999 1963 2155 2008 aptitudi-

1282 2018 1368 2060 nali‚
1393 2029 1428 2051 ut
1444 2019 1532 2052 fieret
1544 2018 1598 2052 hic
1613 2020 1734 2053 sensus:
1759 2020 1900 2063 Signum
1923 2017 1969 2051 est
1990 2027 2056 2050 vox
2079 2024 2155 2057 apta

1281 2070 1425 2101 caussare
1445 2069 1668 2110 &significare
1682 2070 1954 2113 suppositionem,
1983 2067 2046 2099 διο.
2075 2065 2156 2099 νεῖν

1281 2117 1319 2149 ba
1342 2117 1463 2159 quippe
1486 2116 1719 2149 definitionum
1741 2128 1809 2149 non
1823 2118 1939 2149 sonant
1950 2117 2076 2152 adium,
2097 2112 2156 2147 sed.

1280 2166 1496 2209 aptitudinem
1508 2164 1540 2198 δι
1553 2164 1734 2207 potentiam
1744 2189 1752 2198 .
1782 2166 1947 2208 Adeoque
1961 2165 2003 2198 de
2014 2164 2154 2197 essentia.

1280 2216 1362 2260 figni
1382 2217 1414 2248 in
1432 2225 1551 2258 genere
1562 2214 1645 2248 resto
1658 2214 1779 2248 dicitur
1788 2217 1879 2253 esse,
1903 2215 1995 2256 quod
2008 2212 2156 2256 supposi-

1281 2267 1406 2298 tionem
1418 2265 1540 2296 causset
1552 2275 1590 2297 ac
1608 2263 1787 2308 significet:
1811 2265 1888 2307 quia
1910 2264 1986 2296 licet
2008 2262 2156 2304 quaedam

1281 2316 1369 2358 signa
1382 2316 1466 2347 hanc
1479 2314 1732 2356 suppositionem
1747 2314 1911 2347 interdum
1923 2323 1991 2346 non
2005 2313 2156 2346 caussent

1282 2366 1376 2404 astu,
1399 2363 1547 2398 caussant
1569 2372 1678 2397 tamen
1692 2364 1814 2408 semper
1824 2362 2029 2407 aptitudine,
2053 2363 2156 2405 &po-

1282 2416 1402 2449 tentia.
1428 2411 1514 2455 Resp.
1527 2410 1655 2455 secundo
1677 2415 1812 2457 negando
1834 2415 2029 2447 antecedens:
2063 2412 2156 2458 Qia

1283 2467 1316 2499 in
1342 2465 1400 2497 ista
1421 2463 1640 2507 propositione
1658 2475 1723 2497 vox
1747 2463 1830 2496 homo
1849 2488 1860 2504 ,
1892 2464 1927 2497 δε
1953 2472 2018 2495 vox
2039 2464 2159 2494 animae

1284 2514 1404 2548 habent
1431 2519 1520 2547 suam
1546 2513 1798 2556 suppositionem
1822 2525 1862 2546 ex
1877 2512 2003 2555 duplici
2024 2512 2154 2544 caussa.-

1282 2563 1381 2598 semel
1401 2575 1443 2598 ex
1466 2574 1578 2596 natura
1592 2562 1822 2605 propositionis
1836 2561 2014 2597 essentialis
2029 2584 2041 2600 ,
2064 2561 2097 2594 ὃ(
2111 2562 2157 2594 se·

1283 2614 1349 2649 mel
1362 2625 1400 2647 ex
1416 2614 1509 2657 signo
1519 2617 1634 2645 omm's.
1663 2612 1883 2647 Nihilautem
1908 2621 1994 2646 vetat
2009 2611 2154 2645 eundem

1282 2664 1428 2698 effectum
1453 2663 1588 2705 produci
1609 2662 1628 2695 a
1652 2662 1797 2705 pluribus
1807 2661 1903 2697 simul
1923 2660 2058 2700 caussis,
2079 2670 2156 2704 qua-

1283 2715 1354 2749 r'um
1369 2713 1456 2746 nulla
1466 2710 1682 2746 determinato
1691 2713 1729 2746 sit
1739 2713 1915 2746 necessaria
1927 2711 1968 2746 ad
1978 2711 2064 2744 illius
2075 2710 2156 2753 posi·

1284 2765 1409 2798 tionem
1432 2788 1442 2804 ,
1462 2763 1510 2795 vel
1538 2762 1819 2797 conservationem
1842 2786 1853 2802 ,
1873 2763 1907 2796 &
1930 2762 1995 2796 sine
2014 2771 2154 2805 quarum

1285 2814 1430 2859 qualibet
1444 2812 1571 2846 effeetus
1585 2813 1663 2856 poni
1679 2812 1771 2855 possit
1783 2837 1793 2853 ‚
1816 2823 1854 2846 ac
1865 2822 1996 2846 manere
2007 2834 2018 2844 .

1339 2875 1389 2901 11.
1414 2861 1697 2905 obiiciessecundo:
1726 2864 1864 2906 Signum
1876 2860 1941 2896 hoc
1963 2861 1996 2895 in
2010 2872 2090 2896 voce
2111 2861 2154 2895 se·

1286 2916 1400 2960 quenti
1413 2925 1480 2948 non
1495 2915 1618 2956 semper
1628 2912 1770 2953 caussat,
1797 2913 1902 2947 immo
1916 2923 2023 2957 neque
2034 2911 2156 2956 fignifi-

1286 2979 1339 3001 cat
1362 2962 1613 3009 suppositionem
1644 2962 1843 3009 personalem
1859 2975 1872 2996 .·
1901 2973 1981 3007 ergo
1999 2961 2155 2995 definitio

1288 3028 1354 3050 non
1367 3015 1412 3050 est
1423 3016 1505 3048 resta
1515 3037 1522 3045 .
1554 3012 1703 3047 Probatur
1709 3014 1886 3047 antecedens
1899 3023 1908 3043 :
1921 3012 2012 3058 Qia
2023 3010 2154 3053 signum

1288 3067 1321 3100 in
1347 3077 1428 3100 voce
1449 3063 1595 3107 sequenti
1616 3074 1683 3098 non
1694 3063 1842 3103 caussat,
1865 3073 1971 3104 neque
1993 3059 2156 3105 fignificat

1288 3117 1381 3150 illam
1395 3114 1645 3159 suppositionem
1658 3138 1669 3155 ,
1689 3112 1805 3157 quaein
1819 3123 1899 3146 voce
1910 3121 1978 3144 non
1992 3110 2037 3144 est
2051 3122 2058 3142 :
2072 3110 2156 3144 illud

1289 3167 1398 3205 enim,
1421 3165 1512 3209 quod
1528 3166 1561 3198 in
1575 3174 1654 3198 voce
1673 3163 1833 3198 caussatur
1850 3186 1861 3202 ,
1881 3162 1915 3195 ὅ(
1937 3161 2154 3206 significatur,

1289 3218 1324 3250 in
1339 3228 1418 3250 voce
1433 3218 1498 3250 esse
1510 3213 1619 3248 debet.
1649 3212 1752 3256 Atqui
1766 3211 1800 3246 in
1815 3223 1895 3246 voce
1907 3236 1918 3251 ,
1929 3223 2000 3253 quae
2013 3210 2156 3254 sequitur

1289 3267 1414 3310 signum
1426 3292 1436 3307 ,
1466 3264 1665 3309 quandoque
1679 3274 1745 3298 non
1758 3263 1802 3296 est
1824 3261 2002 3305 suppositio
2010 3261 2158 3303 persona-

1294 3318 1334 3350 lis
1358 3330 1365 3349 :
1393 3328 1473 3361 ergo
1495 3317 1623 3360 signum
1647 3313 1710 3347 hoc
1735 3314 1935 3357 personalem
1966 3310 2159 3354 suppositio-

1293 3378 1366 3400 nem
1389 3364 1585 3410 quandoque
1612 3373 1717 3407 neque
1729 3364 1853 3398 caussat
1867 3388 1878 3404 ,
1903 3373 2008 3404 neque
2029 3360 2159 3404 signifi-

355 3413 459 3458 potest
482 3415 515 3446 in
540 3416 632 3448 suum
656 3418 742 3458 prius
767 3430 774 3449 :
814 3416 962 3460 adeoque
989 3427 1083 3449 voces
1103 3427 1223 3450 antece·

355 3463 584 3501 denteslibetae
604 3466 635 3498 ὅ(
660 3476 817 3511 exemptae
832 3468 906 3501 sunt
925 3467 943 3500 a
965 3466 1169 3502 caussalitate
1191 3467 1223 3500 si-

1293 3427 1345 3450 cat
1371 3442 1377 3448 .
1416 3417 1562 3450 Probatur
1583 3419 1679 3447 minor
1700 3428 1710 3454 ;
1744 3413 1833 3461 Quia
1858 3423 1934 3447 cum
1956 3411 2033 3446 dico
2053 3434 2064 3451 ,
2092 3414 2163 3443 Om-

1295 3479 1331 3502 ne
1357 3466 1438 3502 bomo
1463 3467 1501 3507 <st
1526 3475 1628 3500 nomen
1653 3486 1664 3504 ‚
1690 3465 1724 3499 in
1752 3475 1834 3500 voce
1858 3463 1940 3498 homo
1956 3472 2025 3497 non
2044 3460 2090 3495 est
2114 3462 2164 3494 a‘e-

2067 3521 2119 3545 ce-
