<?xml version="1.0" encoding="UTF-8"?>
<!DOCTYPE html PUBLIC "-//W3C//DTD XHTML 1.0 Transitional//EN"
    "http://www.w3.org/TR/xhtml1/DTD/xhtml1-transitional.dtd">
<html xmlns="http://www.w3.org/1999/xhtml" xml:lang="en" lang="en">
 <head>
  <title>
</title>
<meta http-equiv="Content-Type" content="text/html;charset=utf-8" />
  <meta name='ocr-system' content='tesseract 3.04.00' />
  <meta name='ocr-capabilities' content='ocr_page ocr_carea ocr_par ocr_line ocrx_word'/>
</head>
<body>
  <div class='ocr_page' id='page_1' title='image "./operaomniastudio12lupuuoft/operaomniastudio12lupuuoft_0232.png"; bbox 0 0 2384 3770; ppageno 0'>
   <div class='ocr_carea' id='block_1_1' title="bbox 373 144 468 194">
    <p class='ocr_par' dir='ltr' id='par_1_1' title="bbox 373 144 468 194">
     <span class='ocr_line' id='line_1_1' title="bbox 373 144 468 194; baseline -0.042 0"><span class='ocrx_word' id='word_1_1' title='bbox 373 144 468 194; x_wconf 83' lang='lat'>218</span> 
     </span>
    </p>
   </div>
   <div class='ocr_carea' id='block_1_2' title="bbox 314 221 1209 2375">
    <p class='ocr_par' dir='ltr' id='par_1_2' title="bbox 323 221 1209 720">
     <span class='ocr_line' id='line_1_2' title="bbox 323 221 1209 272; baseline -0.001 -11"><span class='ocrx_word' id='word_1_2' title='bbox 323 226 411 261; x_wconf 68' lang='lat' dir='ltr'>litio</span> <span class='ocrx_word' id='word_1_3' title='bbox 435 221 631 258; x_wconf 76' lang='lat' dir='ltr'>materialia.</span> <span class='ocrx_word' id='word_1_4' title='bbox 659 221 805 258; x_wconf 68' lang='lat' dir='ltr'>Probatur</span> <span class='ocrx_word' id='word_1_5' title='bbox 824 225 941 257; x_wconf 72' lang='lat' dir='ltr'>mlnor:</span> <span class='ocrx_word' id='word_1_6' title='bbox 967 222 1057 272; x_wconf 84' lang='lat' dir='ltr'>Qia</span> <span class='ocrx_word' id='word_1_7' title='bbox 1070 225 1209 269; x_wconf 81' lang='lat' dir='ltr'>supposi-</span> 
     </span>
     <span class='ocr_line' id='line_1_3' title="bbox 329 273 1207 319; baseline 0 -9"><span class='ocrx_word' id='word_1_8' title='bbox 329 277 380 310; x_wconf 88' lang='lat' dir='ltr'>tio</span> <span class='ocrx_word' id='word_1_9' title='bbox 392 273 437 308; x_wconf 85' lang='lat' dir='ltr'>est</span> <span class='ocrx_word' id='word_1_10' title='bbox 449 274 616 318; x_wconf 82' lang='lat' dir='ltr'>usurpatio</span> <span class='ocrx_word' id='word_1_11' title='bbox 641 273 730 309; x_wconf 85' lang='lat' dir='ltr'>vocis</span> <span class='ocrx_word' id='word_1_12' title='bbox 743 285 802 318; x_wconf 89' lang='lat' dir='ltr'>pro</span> <span class='ocrx_word' id='word_1_13' title='bbox 814 275 873 308; x_wconf 89' lang='lat' dir='ltr'>suo</span> <span class='ocrx_word' id='word_1_14' title='bbox 883 273 1088 319; x_wconf 87' lang='lat' dir='ltr'>significato:</span> <span class='ocrx_word' id='word_1_15' title='bbox 1115 275 1207 319; x_wconf 89' lang='lat' dir='ltr'>atqui</span> 
     </span>
     <span class='ocr_line' id='line_1_4' title="bbox 326 323 1208 369; baseline 0.003 -12"><span class='ocrx_word' id='word_1_16' title='bbox 326 323 446 369; x_wconf 82' lang='lat' dir='ltr'>positio</span> <span class='ocrx_word' id='word_1_17' title='bbox 461 323 551 359; x_wconf 89' lang='lat' dir='ltr'>vocis</span> <span class='ocrx_word' id='word_1_18' title='bbox 565 334 625 369; x_wconf 90' lang='lat' dir='ltr'>pro</span> <span class='ocrx_word' id='word_1_19' title='bbox 645 325 788 368; x_wconf 87' lang='lat' dir='ltr'>seipsain</span> <span class='ocrx_word' id='word_1_20' title='bbox 811 324 984 358; x_wconf 87' lang='lat' dir='ltr'>individuo</span> <span class='ocrx_word' id='word_1_21' title='bbox 1006 335 1073 359; x_wconf 84' lang='lat' dir='ltr'>non</span> <span class='ocrx_word' id='word_1_22' title='bbox 1092 325 1137 359; x_wconf 87' lang='lat' dir='ltr'>est</span> <span class='ocrx_word' id='word_1_23' title='bbox 1151 337 1208 369; x_wconf 83' lang='lat' dir='ltr'>po·</span> 
     </span>
     <span class='ocr_line' id='line_1_5' title="bbox 328 373 1206 420; baseline 0.001 -11"><span class='ocrx_word' id='word_1_24' title='bbox 328 374 404 409; x_wconf 83' lang='lat' dir='ltr'>sitio</span> <span class='ocrx_word' id='word_1_25' title='bbox 430 374 522 409; x_wconf 87' lang='lat' dir='ltr'>vocis</span> <span class='ocrx_word' id='word_1_26' title='bbox 543 385 603 418; x_wconf 91' lang='lat' dir='ltr'>pro</span> <span class='ocrx_word' id='word_1_27' title='bbox 623 375 682 409; x_wconf 90' lang='lat' dir='ltr'>suo</span> <span class='ocrx_word' id='word_1_28' title='bbox 702 375 887 420; x_wconf 80' lang='lat' dir='ltr'>significato</span> <span class='ocrx_word' id='word_1_29' title='bbox 900 387 912 408; x_wconf 85' lang='grc'>.-</span> <span class='ocrx_word' id='word_1_30' title='bbox 938 373 987 408; x_wconf 92' lang='lat' dir='ltr'>uti</span> <span class='ocrx_word' id='word_1_31' title='bbox 1008 374 1052 408; x_wconf 85' lang='lat' dir='ltr'>est</span> <span class='ocrx_word' id='word_1_32' title='bbox 1065 376 1206 410; x_wconf 83' lang='lat' dir='ltr'>manife-</span> 
     </span>
     <span class='ocr_line' id='line_1_6' title="bbox 327 423 1204 471; baseline 0.001 -12"><span class='ocrx_word' id='word_1_33' title='bbox 327 423 413 459; x_wconf 76' lang='lat' dir='ltr'>stum</span> <span class='ocrx_word' id='word_1_34' title='bbox 428 450 436 458; x_wconf 92' lang='lat'><strong><em>.</em></strong></span> <span class='ocrx_word' id='word_1_35' title='bbox 463 425 554 471; x_wconf 83' lang='lat' dir='ltr'>Ergo</span> <span class='ocrx_word' id='word_1_36' title='bbox 567 435 634 459; x_wconf 86' lang='lat' dir='ltr'>nou</span> <span class='ocrx_word' id='word_1_37' title='bbox 645 424 691 460; x_wconf 85' lang='lat' dir='ltr'>est</span> <span class='ocrx_word' id='word_1_38' title='bbox 705 425 882 469; x_wconf 76' lang='lat' dir='ltr'>suppositio</span> <span class='ocrx_word' id='word_1_39' title='bbox 895 448 902 455; x_wconf 93' lang='lat'><em>.</em></span> <span class='ocrx_word' id='word_1_40' title='bbox 931 426 1067 457; x_wconf 76' lang='lat' dir='ltr'>Deinde:</span> <span class='ocrx_word' id='word_1_41' title='bbox 1082 426 1204 470; x_wconf 88' lang='lat' dir='ltr'>Suppo-</span> 
     </span>
     <span class='ocr_line' id='line_1_7' title="bbox 326 474 1204 518; baseline 0.003 -10"><span class='ocrx_word' id='word_1_42' title='bbox 326 475 400 509; x_wconf 85' lang='lat' dir='ltr'>sitio</span> <span class='ocrx_word' id='word_1_43' title='bbox 414 475 460 510; x_wconf 81' lang='lat' dir='ltr'>est</span> <span class='ocrx_word' id='word_1_44' title='bbox 481 474 516 509; x_wconf 88' lang='lat' dir='ltr'>in</span> <span class='ocrx_word' id='word_1_45' title='bbox 539 475 648 509; x_wconf 85' lang='lat' dir='ltr'>locum</span> <span class='ocrx_word' id='word_1_46' title='bbox 661 498 672 514; x_wconf 93' lang='lat'>,</span> <span class='ocrx_word' id='word_1_47' title='bbox 697 486 735 509; x_wconf 93' lang='lat' dir='ltr'>ac</span> <span class='ocrx_word' id='word_1_48' title='bbox 744 476 847 508; x_wconf 88' lang='lat' dir='ltr'>vicem</span> <span class='ocrx_word' id='word_1_49' title='bbox 862 475 991 508; x_wconf 85' lang='lat' dir='ltr'>alterius</span> <span class='ocrx_word' id='word_1_50' title='bbox 1003 476 1142 518; x_wconf 86' lang='lat' dir='ltr'>positio:</span> <span class='ocrx_word' id='word_1_51' title='bbox 1168 487 1204 511; x_wconf 89' lang='lat' dir='ltr'>ut</span> 
     </span>
     <span class='ocr_line' id='line_1_8' title="bbox 325 523 1202 571; baseline 0.002 -12"><span class='ocrx_word' id='word_1_52' title='bbox 325 525 398 560; x_wconf 83' lang='lat' dir='ltr'>dixi</span> <span class='ocrx_word' id='word_1_53' title='bbox 409 523 485 571; x_wconf 73' lang='lat' dir='ltr'>disp.</span> <span class='ocrx_word' id='word_1_54' title='bbox 498 526 624 569; x_wconf 71' lang='lat' dir='ltr'>preced.</span> <span class='ocrx_word' id='word_1_55' title='bbox 646 525 747 561; x_wconf 84' lang='lat' dir='ltr'>dub.1.</span> <span class='ocrx_word' id='word_1_56' title='bbox 773 524 881 569; x_wconf 78' lang='lat' dir='ltr'>Atqui</span> <span class='ocrx_word' id='word_1_57' title='bbox 894 535 982 564; x_wconf 86' lang='lat' dir='ltr'>vox,</span> <span class='ocrx_word' id='word_1_58' title='bbox 1006 535 1078 567; x_wconf 84' lang='lat' dir='ltr'>quae</span> <span class='ocrx_word' id='word_1_59' title='bbox 1088 537 1147 570; x_wconf 89' lang='lat' dir='ltr'>pro</span> <span class='ocrx_word' id='word_1_60' title='bbox 1159 527 1202 560; x_wconf 92' lang='lat' dir='ltr'>se-</span> 
     </span>
     <span class='ocr_line' id='line_1_9' title="bbox 325 574 1201 620; baseline 0.002 -11"><span class='ocrx_word' id='word_1_61' title='bbox 325 575 395 620; x_wconf 80' lang='lat' dir='ltr'>ipsa</span> <span class='ocrx_word' id='word_1_62' title='bbox 415 576 448 610; x_wconf 91' lang='lat' dir='ltr'>in</span> <span class='ocrx_word' id='word_1_63' title='bbox 462 575 634 611; x_wconf 89' lang='lat' dir='ltr'>individuo</span> <span class='ocrx_word' id='word_1_64' title='bbox 646 576 779 619; x_wconf 88' lang='lat' dir='ltr'>ponitur</span> <span class='ocrx_word' id='word_1_65' title='bbox 790 597 802 614; x_wconf 91' lang='lat'>,</span> <span class='ocrx_word' id='word_1_66' title='bbox 823 576 857 608; x_wconf 90' lang='lat' dir='ltr'>in</span> <span class='ocrx_word' id='word_1_67' title='bbox 872 574 980 608; x_wconf 89' lang='lat' dir='ltr'>locum</span> <span class='ocrx_word' id='word_1_68' title='bbox 992 576 1121 610; x_wconf 85' lang='lat' dir='ltr'>alterius</span> <span class='ocrx_word' id='word_1_69' title='bbox 1134 587 1201 611; x_wconf 87' lang='lat' dir='ltr'>non</span> 
     </span>
     <span class='ocr_line' id='line_1_10' title="bbox 324 623 1202 672; baseline 0 -11"><span class='ocrx_word' id='word_1_70' title='bbox 324 628 486 671; x_wconf 82' lang='lat' dir='ltr'>ponitur.-</span> <span class='ocrx_word' id='word_1_71' title='bbox 513 637 593 672; x_wconf 87' lang='lat' dir='ltr'>ergo</span> <span class='ocrx_word' id='word_1_72' title='bbox 624 637 693 660; x_wconf 87' lang='lat' dir='ltr'>non</span> <span class='ocrx_word' id='word_1_73' title='bbox 717 626 933 669; x_wconf 79' lang='lat' dir='ltr'>supponitur3</span> <span class='ocrx_word' id='word_1_74' title='bbox 959 623 1108 669; x_wconf 79' lang='lat' dir='ltr'>adeoque</span> <span class='ocrx_word' id='word_1_75' title='bbox 1127 626 1202 662; x_wconf 90' lang='lat' dir='ltr'>talis</span> 
     </span>
     <span class='ocr_line' id='line_1_11' title="bbox 324 676 825 720; baseline -0.006 -9"><span class='ocrx_word' id='word_1_76' title='bbox 324 676 446 720; x_wconf 85' lang='lat' dir='ltr'>positio</span> <span class='ocrx_word' id='word_1_77' title='bbox 468 687 538 711; x_wconf 88' lang='lat' dir='ltr'>non</span> <span class='ocrx_word' id='word_1_78' title='bbox 549 676 594 710; x_wconf 84' lang='lat' dir='ltr'>est</span> <span class='ocrx_word' id='word_1_79' title='bbox 608 676 801 720; x_wconf 87' lang='lat' dir='ltr'>suppositio.</span> <span class='ocrx_word' id='word_1_80' title='bbox 818 711 825 718; x_wconf 64' lang='grc'><strong><em>,</em></strong></span> 
     </span>
    </p>

    <p class='ocr_par' dir='ltr' id='par_1_3' title="bbox 314 724 1204 1761">
     <span class='ocr_line' id='line_1_12' title="bbox 372 724 1203 773; baseline 0.004 -14"><span class='ocrx_word' id='word_1_81' title='bbox 372 737 410 773; x_wconf 87' lang='lat'>4.</span> <span class='ocrx_word' id='word_1_82' title='bbox 437 727 557 772; x_wconf 86' lang='lat' dir='ltr'>Neque</span> <span class='ocrx_word' id='word_1_83' title='bbox 572 726 636 760; x_wconf 90' lang='lat' dir='ltr'>dici</span> <span class='ocrx_word' id='word_1_84' title='bbox 650 725 753 770; x_wconf 90' lang='lat' dir='ltr'>potest</span> <span class='ocrx_word' id='word_1_85' title='bbox 766 749 777 765; x_wconf 87' lang='lat'>,</span> <span class='ocrx_word' id='word_1_86' title='bbox 802 724 1002 769; x_wconf 69' lang='lat' dir='ltr'>quod¹etiam</span> <span class='ocrx_word' id='word_1_87' title='bbox 1017 725 1135 769; x_wconf 87' lang='lat' dir='ltr'>positio</span> <span class='ocrx_word' id='word_1_88' title='bbox 1148 737 1203 762; x_wconf 82' lang='lat' dir='ltr'>vo-</span> 
     </span>
     <span class='ocr_line' id='line_1_13' title="bbox 321 771 1202 821; baseline 0.001 -10"><span class='ocrx_word' id='word_1_89' title='bbox 321 775 370 811; x_wconf 88' lang='lat' dir='ltr'>cis</span> <span class='ocrx_word' id='word_1_90' title='bbox 394 787 455 821; x_wconf 87' lang='lat' dir='ltr'>pro</span> <span class='ocrx_word' id='word_1_91' title='bbox 478 777 578 821; x_wconf 83' lang='lat' dir='ltr'>seipsa</span> <span class='ocrx_word' id='word_1_92' title='bbox 600 777 634 810; x_wconf 87' lang='lat' dir='ltr'>in</span> <span class='ocrx_word' id='word_1_93' title='bbox 657 776 762 819; x_wconf 87' lang='lat' dir='ltr'>specie</span> <span class='ocrx_word' id='word_1_94' title='bbox 787 781 856 810; x_wconf 85' lang='lat' dir='ltr'>non</span> <span class='ocrx_word' id='word_1_95' title='bbox 869 771 989 810; x_wconf 76' lang='lat' dir='ltr'>sit‘vera</span> <span class='ocrx_word' id='word_1_96' title='bbox 1001 776 1202 821; x_wconf 88' lang='lat' dir='ltr'>suppositio:</span> 
     </span>
     <span class='ocr_line' id='line_1_14' title="bbox 314 824 1204 871; baseline 0 -10"><span class='ocrx_word' id='word_1_97' title='bbox 314 824 388 861; x_wconf 83' lang='lat' dir='ltr'>·hoc</span> <span class='ocrx_word' id='word_1_98' title='bbox 411 828 531 871; x_wconf 82' lang='lat' dir='ltr'>quippe</span> <span class='ocrx_word' id='word_1_99' title='bbox 553 837 628 860; x_wconf 90' lang='lat' dir='ltr'>cum</span> <span class='ocrx_word' id='word_1_100' title='bbox 644 826 782 860; x_wconf 88' lang='lat' dir='ltr'>veritate</span> <span class='ocrx_word' id='word_1_101' title='bbox 797 826 866 861; x_wconf 89' lang='lat' dir='ltr'>dici</span> <span class='ocrx_word' id='word_1_102' title='bbox 878 836 945 859; x_wconf 88' lang='lat' dir='ltr'>non</span> <span class='ocrx_word' id='word_1_103' title='bbox 959 827 1062 870; x_wconf 85' lang='lat' dir='ltr'>potest</span> <span class='ocrx_word' id='word_1_104' title='bbox 1076 851 1084 858; x_wconf 88' lang='lat'><strong>.</strong></span> <span class='ocrx_word' id='word_1_105' title='bbox 1108 829 1204 871; x_wconf 78' lang='lat' dir='ltr'>,Quod</span> 
     </span>
     <span class='ocr_line' id='line_1_15' title="bbox 317 876 1202 923; baseline 0.002 -13"><span class='ocrx_word' id='word_1_106' title='bbox 317 877 410 920; x_wconf 80' lang='lat' dir='ltr'>probo</span> <span class='ocrx_word' id='word_1_107' title='bbox 422 890 433 910; x_wconf 94' lang='lat'>.·</span> <span class='ocrx_word' id='word_1_108' title='bbox 460 876 550 923; x_wconf 82' lang='lat' dir='ltr'>Qia</span> <span class='ocrx_word' id='word_1_109' title='bbox 571 876 752 919; x_wconf 87' lang='lat' dir='ltr'>suppositio</span> <span class='ocrx_word' id='word_1_110' title='bbox 774 876 820 911; x_wconf 86' lang='lat' dir='ltr'>est</span> <span class='ocrx_word' id='word_1_111' title='bbox 837 876 956 920; x_wconf 81' lang='lat' dir='ltr'>positio</span> <span class='ocrx_word' id='word_1_112' title='bbox 968 878 1059 911; x_wconf 89' lang='lat' dir='ltr'>vocis</span> <span class='ocrx_word' id='word_1_113' title='bbox 1072 889 1130 921; x_wconf 88' lang='lat' dir='ltr'>pro</span> <span class='ocrx_word' id='word_1_114' title='bbox 1144 879 1202 912; x_wconf 87' lang='lat' dir='ltr'>suo</span> 
     </span>
     <span class='ocr_line' id='line_1_16' title="bbox 321 925 1201 972; baseline 0.003 -12"><span class='ocrx_word' id='word_1_115' title='bbox 321 927 506 972; x_wconf 86' lang='lat' dir='ltr'>significato</span> <span class='ocrx_word' id='word_1_116' title='bbox 515 948 525 964; x_wconf 91' lang='lat'>‚</span> <span class='ocrx_word' id='word_1_117' title='bbox 550 925 596 959; x_wconf 88' lang='lat' dir='ltr'>est</span> <span class='ocrx_word' id='word_1_118' title='bbox 609 926 723 969; x_wconf 87' lang='lat' dir='ltr'>positio</span> <span class='ocrx_word' id='word_1_119' title='bbox 736 926 827 961; x_wconf 82' lang='lat' dir='ltr'>vocis</span> <span class='ocrx_word' id='word_1_120' title='bbox 839 928 874 960; x_wconf 89' lang='lat' dir='ltr'>iu</span> <span class='ocrx_word' id='word_1_121' title='bbox 887 927 998 961; x_wconf 89' lang='lat' dir='ltr'>locum</span> <span class='ocrx_word' id='word_1_122' title='bbox 1008 952 1020 968; x_wconf 91' lang='lat'>,</span> <span class='ocrx_word' id='word_1_123' title='bbox 1048 937 1086 962; x_wconf 82' lang='lat' dir='ltr'>ac</span> <span class='ocrx_word' id='word_1_124' title='bbox 1098 928 1201 963; x_wconf 87' lang='lat' dir='ltr'>vicem</span> 
     </span>
     <span class='ocr_line' id='line_1_17' title="bbox 319 976 1200 1023; baseline 0.002 -12"><span class='ocrx_word' id='word_1_125' title='bbox 319 976 453 1011; x_wconf 86' lang='lat' dir='ltr'>alterius</span> <span class='ocrx_word' id='word_1_126' title='bbox 468 1000 479 1015; x_wconf 90' lang='lat'>,</span> <span class='ocrx_word' id='word_1_127' title='bbox 492 976 525 1009; x_wconf 89' lang='lat' dir='ltr'>in</span> <span class='ocrx_word' id='word_1_128' title='bbox 539 976 586 1010; x_wconf 89' lang='lat' dir='ltr'>sui</span> <span class='ocrx_word' id='word_1_129' title='bbox 600 977 752 1011; x_wconf 86' lang='lat' dir='ltr'>videlicet</span> <span class='ocrx_word' id='word_1_130' title='bbox 764 976 874 1011; x_wconf 90' lang='lat' dir='ltr'>locum</span> <span class='ocrx_word' id='word_1_131' title='bbox 886 976 1058 1023; x_wconf 86' lang='lat' dir='ltr'>significati</span> <span class='ocrx_word' id='word_1_132' title='bbox 1074 990 1082 1010; x_wconf 76' lang='grc' dir='ltr'><strong><em>ε</em></strong></span> <span class='ocrx_word' id='word_1_133' title='bbox 1110 979 1200 1023; x_wconf 89' lang='lat' dir='ltr'>atqui</span> 
     </span>
     <span class='ocr_line' id='line_1_18' title="bbox 317 1026 1202 1074; baseline 0.003 -14"><span class='ocrx_word' id='word_1_134' title='bbox 317 1026 480 1065; x_wconf 83' lang='lat' dir='ltr'>dumvox</span> <span class='ocrx_word' id='word_1_135' title='bbox 491 1026 601 1068; x_wconf 88' lang='lat' dir='ltr'>aliqua</span> <span class='ocrx_word' id='word_1_136' title='bbox 615 1037 673 1070; x_wconf 90' lang='lat' dir='ltr'>pro</span> <span class='ocrx_word' id='word_1_137' title='bbox 687 1027 741 1062; x_wconf 93' lang='lat' dir='ltr'>sua</span> <span class='ocrx_word' id='word_1_138' title='bbox 755 1027 861 1071; x_wconf 90' lang='lat' dir='ltr'>specie</span> <span class='ocrx_word' id='word_1_139' title='bbox 873 1028 1007 1071; x_wconf 89' lang='lat' dir='ltr'>ponitur</span> <span class='ocrx_word' id='word_1_140' title='bbox 1017 1050 1028 1067; x_wconf 92' lang='lat'>‚</span> <span class='ocrx_word' id='word_1_141' title='bbox 1050 1038 1130 1063; x_wconf 89' lang='lat' dir='ltr'>tuuc</span> <span class='ocrx_word' id='word_1_142' title='bbox 1143 1040 1202 1074; x_wconf 90' lang='lat' dir='ltr'>pro</span> 
     </span>
     <span class='ocr_line' id='line_1_19' title="bbox 317 1076 1196 1122; baseline 0.003 -12"><span class='ocrx_word' id='word_1_143' title='bbox 317 1076 435 1120; x_wconf 82' lang='lat' dir='ltr'>aliquo</span> <span class='ocrx_word' id='word_1_144' title='bbox 445 1077 503 1110; x_wconf 91' lang='lat' dir='ltr'>suo</span> <span class='ocrx_word' id='word_1_145' title='bbox 514 1076 702 1122; x_wconf 86' lang='lat' dir='ltr'>significato</span> <span class='ocrx_word' id='word_1_146' title='bbox 717 1078 870 1121; x_wconf 81' lang='lat' dir='ltr'>ponitur:</span> <span class='ocrx_word' id='word_1_147' title='bbox 901 1079 981 1113; x_wconf 86' lang='lat' dir='ltr'>item</span> <span class='ocrx_word' id='word_1_148' title='bbox 992 1078 1027 1112; x_wconf 89' lang='lat' dir='ltr'>in</span> <span class='ocrx_word' id='word_1_149' title='bbox 1042 1077 1146 1113; x_wconf 82' lang='lat' dir='ltr'>vicem</span> <span class='ocrx_word' id='word_1_150' title='bbox 1158 1091 1196 1114; x_wconf 87' lang='lat' dir='ltr'>ac</span> 
     </span>
     <span class='ocr_line' id='line_1_20' title="bbox 318 1126 1201 1173; baseline 0.003 -13"><span class='ocrx_word' id='word_1_151' title='bbox 318 1126 433 1162; x_wconf 80' lang='lat' dir='ltr'>locum</span> <span class='ocrx_word' id='word_1_152' title='bbox 451 1126 590 1170; x_wconf 83' lang='lat' dir='ltr'>alicujus</span> <span class='ocrx_word' id='word_1_153' title='bbox 613 1127 746 1162; x_wconf 88' lang='lat' dir='ltr'>alterius</span> <span class='ocrx_word' id='word_1_154' title='bbox 758 1127 893 1172; x_wconf 88' lang='lat' dir='ltr'>ponitur</span> <span class='ocrx_word' id='word_1_155' title='bbox 905 1153 914 1162; x_wconf 79' lang='lat'><em>.</em></span> <span class='ocrx_word' id='word_1_156' title='bbox 941 1129 1032 1173; x_wconf 87' lang='lat' dir='ltr'>Ergo</span> <span class='ocrx_word' id='word_1_157' title='bbox 1042 1127 1114 1162; x_wconf 75' lang='lat' dir='ltr'>vere</span> <span class='ocrx_word' id='word_1_158' title='bbox 1126 1130 1201 1172; x_wconf 78' lang='lat' dir='ltr'>sup-</span> 
     </span>
     <span class='ocr_line' id='line_1_21' title="bbox 317 1177 1203 1222; baseline 0.002 -11"><span class='ocrx_word' id='word_1_159' title='bbox 317 1177 476 1221; x_wconf 85' lang='lat' dir='ltr'>ponitur;</span> <span class='ocrx_word' id='word_1_160' title='bbox 503 1178 653 1220; x_wconf 79' lang='lat' dir='ltr'>adeoque</span> <span class='ocrx_word' id='word_1_161' title='bbox 673 1178 747 1212; x_wconf 85' lang='lat' dir='ltr'>talis</span> <span class='ocrx_word' id='word_1_162' title='bbox 767 1179 887 1222; x_wconf 82' lang='lat' dir='ltr'>positio</span> <span class='ocrx_word' id='word_1_163' title='bbox 907 1177 954 1213; x_wconf 81' lang='lat' dir='ltr'>est</span> <span class='ocrx_word' id='word_1_164' title='bbox 979 1189 1054 1212; x_wconf 89' lang='lat' dir='ltr'>vera</span> <span class='ocrx_word' id='word_1_165' title='bbox 1066 1178 1203 1222; x_wconf 87' lang='lat' dir='ltr'>supposi-</span> 
     </span>
     <span class='ocr_line' id='line_1_22' title="bbox 317 1226 1199 1276; baseline 0.001 -14"><span class='ocrx_word' id='word_1_166' title='bbox 317 1227 369 1262; x_wconf 85' lang='lat' dir='ltr'>tio</span> <span class='ocrx_word' id='word_1_167' title='bbox 379 1252 387 1260; x_wconf 93' lang='lat'>.</span> <span class='ocrx_word' id='word_1_168' title='bbox 417 1226 567 1261; x_wconf 81' lang='lat' dir='ltr'>Probatur</span> <span class='ocrx_word' id='word_1_169' title='bbox 579 1234 695 1262; x_wconf 72' lang='lat' dir='ltr'>minor:</span> <span class='ocrx_word' id='word_1_170' title='bbox 717 1229 807 1276; x_wconf 83' lang='lat' dir='ltr'>Qia</span> <span class='ocrx_word' id='word_1_171' title='bbox 817 1228 970 1274; x_wconf 71' lang='lat' dir='ltr'>quaelibet</span> <span class='ocrx_word' id='word_1_172' title='bbox 985 1239 1051 1262; x_wconf 83' lang='lat' dir='ltr'>vox</span> <span class='ocrx_word' id='word_1_173' title='bbox 1065 1228 1099 1262; x_wconf 92' lang='lat' dir='ltr'>in</span> <span class='ocrx_word' id='word_1_174' title='bbox 1112 1239 1199 1263; x_wconf 88' lang='lat' dir='ltr'>com-</span> 
     </span>
     <span class='ocr_line' id='line_1_23' title="bbox 319 1277 1201 1323; baseline 0.001 -11"><span class='ocrx_word' id='word_1_175' title='bbox 319 1277 415 1312; x_wconf 88' lang='lat' dir='ltr'>muni</span> <span class='ocrx_word' id='word_1_176' title='bbox 430 1278 474 1311; x_wconf 83' lang='lat' dir='ltr'>est</span> <span class='ocrx_word' id='word_1_177' title='bbox 487 1278 705 1322; x_wconf 83' lang='lat' dir='ltr'>significatum</span> <span class='ocrx_word' id='word_1_178' title='bbox 731 1279 961 1322; x_wconf 81' lang='lat' dir='ltr'>cujuscumque</span> <span class='ocrx_word' id='word_1_179' title='bbox 970 1278 1017 1313; x_wconf 90' lang='lat' dir='ltr'>sui</span> <span class='ocrx_word' id='word_1_180' title='bbox 1030 1278 1201 1323; x_wconf 84' lang='lat' dir='ltr'>singularis</span> 
     </span>
     <span class='ocr_line' id='line_1_24' title="bbox 318 1327 1198 1373; baseline 0.003 -12"><span class='ocrx_word' id='word_1_181' title='bbox 318 1327 424 1362; x_wconf 82' lang='lat' dir='ltr'>subse</span> <span class='ocrx_word' id='word_1_182' title='bbox 445 1330 595 1363; x_wconf 85' lang='lat' dir='ltr'>contenti</span> <span class='ocrx_word' id='word_1_183' title='bbox 610 1353 622 1369; x_wconf 89' lang='lat'>‚</span> <span class='ocrx_word' id='word_1_184' title='bbox 648 1340 718 1373; x_wconf 88' lang='lat' dir='ltr'>v.g.</span> <span class='ocrx_word' id='word_1_185' title='bbox 743 1340 808 1363; x_wconf 89' lang='lat' dir='ltr'>vox</span> <span class='ocrx_word' id='word_1_186' title='bbox 821 1328 904 1362; x_wconf 84' lang='lat' dir='ltr'>homo</span> <span class='ocrx_word' id='word_1_187' title='bbox 918 1328 951 1362; x_wconf 88' lang='lat' dir='ltr'>in</span> <span class='ocrx_word' id='word_1_188' title='bbox 964 1329 1138 1363; x_wconf 85' lang='lat' dir='ltr'>communi</span> <span class='ocrx_word' id='word_1_189' title='bbox 1153 1330 1198 1364; x_wconf 87' lang='lat' dir='ltr'>est</span> 
     </span>
     <span class='ocr_line' id='line_1_25' title="bbox 318 1377 1199 1424; baseline 0.003 -13"><span class='ocrx_word' id='word_1_190' title='bbox 318 1377 541 1423; x_wconf 84' lang='lat' dir='ltr'>significatum</span> <span class='ocrx_word' id='word_1_191' title='bbox 556 1378 788 1422; x_wconf 85' lang='lat' dir='ltr'>cujuscumque</span> <span class='ocrx_word' id='word_1_192' title='bbox 810 1380 901 1414; x_wconf 88' lang='lat' dir='ltr'>vocis</span> <span class='ocrx_word' id='word_1_193' title='bbox 921 1379 1004 1412; x_wconf 80' lang='lat' dir='ltr'>homo</span> <span class='ocrx_word' id='word_1_194' title='bbox 1015 1379 1050 1413; x_wconf 88' lang='lat' dir='ltr'>in</span> <span class='ocrx_word' id='word_1_195' title='bbox 1064 1379 1199 1424; x_wconf 83' lang='lat' dir='ltr'>singula-</span> 
     </span>
     <span class='ocr_line' id='line_1_26' title="bbox 316 1428 1198 1475; baseline 0.001 -13"><span class='ocrx_word' id='word_1_196' title='bbox 316 1428 367 1462; x_wconf 85' lang='lat' dir='ltr'>ri:</span> <span class='ocrx_word' id='word_1_197' title='bbox 395 1437 432 1462; x_wconf 88' lang='lat' dir='ltr'>ut</span> <span class='ocrx_word' id='word_1_198' title='bbox 453 1428 523 1461; x_wconf 89' lang='lat' dir='ltr'>dixi</span> <span class='ocrx_word' id='word_1_199' title='bbox 549 1428 641 1472; x_wconf 87' lang='lat' dir='ltr'>supra</span> <span class='ocrx_word' id='word_1_200' title='bbox 663 1428 774 1475; x_wconf 56' lang='grc' dir='ltr'>ἄψις.</span> <span class='ocrx_word' id='word_1_201' title='bbox 793 1429 907 1464; x_wconf 77' lang='lat' dir='ltr'>dub.2.&#39;</span> <span class='ocrx_word' id='word_1_202' title='bbox 926 1430 1010 1464; x_wconf 87' lang='lat' dir='ltr'>Item</span> <span class='ocrx_word' id='word_1_203' title='bbox 1023 1430 1144 1473; x_wconf 86' lang='lat' dir='ltr'>species</span> <span class='ocrx_word' id='word_1_204' title='bbox 1153 1430 1198 1465; x_wconf 85' lang='lat' dir='ltr'>est</span> 
     </span>
     <span class='ocr_line' id='line_1_27' title="bbox 317 1476 1200 1524; baseline 0.003 -13"><span class='ocrx_word' id='word_1_205' title='bbox 317 1476 399 1522; x_wconf 85' lang='lat' dir='ltr'>quid</span> <span class='ocrx_word' id='word_1_206' title='bbox 423 1478 553 1512; x_wconf 78' lang='lat' dir='ltr'>realiter</span> <span class='ocrx_word' id='word_1_207' title='bbox 576 1478 776 1522; x_wconf 71' lang='lat' dir='ltr'>inadaequate</span> <span class='ocrx_word' id='word_1_208' title='bbox 787 1479 951 1515; x_wconf 84' lang='lat' dir='ltr'>diversum</span> <span class='ocrx_word' id='word_1_209' title='bbox 961 1479 979 1514; x_wconf 74' lang='lat' dir='ltr'>a</span> <span class='ocrx_word' id='word_1_210' title='bbox 991 1480 1125 1524; x_wconf 87' lang='lat' dir='ltr'>singulis</span> <span class='ocrx_word' id='word_1_211' title='bbox 1137 1480 1200 1514; x_wconf 89' lang='lat' dir='ltr'>suis</span> 
     </span>
     <span class='ocr_line' id='line_1_28' title="bbox 316 1526 1200 1576; baseline 0.006 -16"><span class='ocrx_word' id='word_1_212' title='bbox 316 1526 499 1561; x_wconf 85' lang='lat' dir='ltr'>individuis</span> <span class='ocrx_word' id='word_1_213' title='bbox 509 1528 640 1562; x_wconf 83' lang='lat' dir='ltr'>seorsim</span> <span class='ocrx_word' id='word_1_214' title='bbox 651 1529 790 1573; x_wconf 82' lang='lat' dir='ltr'>sumptis</span> <span class='ocrx_word' id='word_1_215' title='bbox 800 1542 811 1563; x_wconf 94' lang='grc'>.·</span> <span class='ocrx_word' id='word_1_216' title='bbox 823 1540 859 1564; x_wconf 93' lang='lat' dir='ltr'>ut</span> <span class='ocrx_word' id='word_1_217' title='bbox 874 1529 982 1564; x_wconf 85' lang='lat' dir='ltr'>dicam</span> <span class='ocrx_word' id='word_1_218' title='bbox 994 1530 1073 1565; x_wconf 88' lang='lat' dir='ltr'>alibi</span> <span class='ocrx_word' id='word_1_219' title='bbox 1091 1553 1100 1564; x_wconf 74' lang='lat'><em>.</em></span> <span class='ocrx_word' id='word_1_220' title='bbox 1110 1530 1200 1576; x_wconf 88' lang='lat' dir='ltr'>Ergo</span> 
     </span>
     <span class='ocr_line' id='line_1_29' title="bbox 317 1577 1199 1624; baseline 0.006 -14"><span class='ocrx_word' id='word_1_221' title='bbox 317 1578 399 1611; x_wconf 87' lang='lat' dir='ltr'>dum</span> <span class='ocrx_word' id='word_1_222' title='bbox 411 1588 475 1611; x_wconf 82' lang='lat' dir='ltr'>vox</span> <span class='ocrx_word' id='word_1_223' title='bbox 488 1578 596 1620; x_wconf 89' lang='lat' dir='ltr'>aliqua</span> <span class='ocrx_word' id='word_1_224' title='bbox 610 1577 782 1623; x_wconf 86' lang='lat' dir='ltr'>singularis</span> <span class='ocrx_word' id='word_1_225' title='bbox 795 1589 854 1622; x_wconf 86' lang='lat' dir='ltr'>pro</span> <span class='ocrx_word' id='word_1_226' title='bbox 868 1580 921 1614; x_wconf 85' lang='lat' dir='ltr'>sua</span> <span class='ocrx_word' id='word_1_227' title='bbox 935 1580 1039 1624; x_wconf 88' lang='lat' dir='ltr'>specie</span> <span class='ocrx_word' id='word_1_228' title='bbox 1051 1581 1199 1624; x_wconf 87' lang='lat' dir='ltr'>ponitur,</span> 
     </span>
     <span class='ocr_line' id='line_1_30' title="bbox 317 1627 1199 1673; baseline 0.006 -12"><span class='ocrx_word' id='word_1_229' title='bbox 317 1635 391 1662; x_wconf 90' lang='lat' dir='ltr'>tum</span> <span class='ocrx_word' id='word_1_230' title='bbox 411 1638 469 1671; x_wconf 89' lang='lat' dir='ltr'>pro</span> <span class='ocrx_word' id='word_1_231' title='bbox 491 1627 551 1661; x_wconf 91' lang='lat' dir='ltr'>suo</span> <span class='ocrx_word' id='word_1_232' title='bbox 564 1627 750 1672; x_wconf 83' lang='lat' dir='ltr'>significato</span> <span class='ocrx_word' id='word_1_233' title='bbox 763 1630 920 1673; x_wconf 87' lang='lat' dir='ltr'>ponitur,</span> <span class='ocrx_word' id='word_1_234' title='bbox 945 1629 1030 1664; x_wconf 87' lang='lat' dir='ltr'>acin</span> <span class='ocrx_word' id='word_1_235' title='bbox 1049 1631 1199 1666; x_wconf 84' lang='lat' dir='ltr'>vicem&amp;</span> 
     </span>
     <span class='ocr_line' id='line_1_31' title="bbox 317 1677 1199 1725; baseline 0.006 -15"><span class='ocrx_word' id='word_1_236' title='bbox 317 1677 431 1712; x_wconf 85' lang='lat' dir='ltr'>locum</span> <span class='ocrx_word' id='word_1_237' title='bbox 447 1677 578 1712; x_wconf 89' lang='lat' dir='ltr'>alterius</span> <span class='ocrx_word' id='word_1_238' title='bbox 604 1678 762 1723; x_wconf 85' lang='lat' dir='ltr'>ponitur:</span> <span class='ocrx_word' id='word_1_239' title='bbox 788 1678 938 1724; x_wconf 79' lang='lat' dir='ltr'>adeoque</span> <span class='ocrx_word' id='word_1_240' title='bbox 961 1678 1034 1714; x_wconf 70' lang='lat' dir='ltr'>vere</span> <span class='ocrx_word' id='word_1_241' title='bbox 1045 1681 1199 1725; x_wconf 89' lang='lat' dir='ltr'>supponi·</span> 
     </span>
     <span class='ocr_line' id='line_1_32' title="bbox 316 1735 390 1761; baseline -0.027 0"><span class='ocrx_word' id='word_1_242' title='bbox 316 1735 390 1761; x_wconf 83' lang='lat' dir='ltr'>tur.</span> 
     </span>
    </p>

    <p class='ocr_par' dir='ltr' id='par_1_4' title="bbox 314 1775 1201 2375">
     <span class='ocr_line' id='line_1_33' title="bbox 367 1775 1199 1823; baseline 0.006 -15"><span class='ocrx_word' id='word_1_243' title='bbox 367 1786 400 1822; x_wconf 84' lang='lat'>5.</span> <span class='ocrx_word' id='word_1_244' title='bbox 429 1775 482 1810; x_wconf 79' lang='lat' dir='ltr'>Ex</span> <span class='ocrx_word' id='word_1_245' title='bbox 501 1789 569 1823; x_wconf 85' lang='lat' dir='ltr'>quo</span> <span class='ocrx_word' id='word_1_246' title='bbox 591 1779 771 1823; x_wconf 85' lang='lat' dir='ltr'>sequuntur</span> <span class='ocrx_word' id='word_1_247' title='bbox 792 1776 885 1814; x_wconf 76' lang='lat' dir='ltr'>duo.-</span> <span class='ocrx_word' id='word_1_248' title='bbox 913 1780 1015 1812; x_wconf 62' lang='lat' dir='ltr'>Primi</span> <span class='ocrx_word' id='word_1_249' title='bbox 1034 1777 1171 1823; x_wconf 73' lang='lat' dir='ltr'>sequitur</span> <span class='ocrx_word' id='word_1_250' title='bbox 1187 1792 1199 1813; x_wconf 82' lang='lat'>.-</span> 
     </span>
     <span class='ocr_line' id='line_1_34' title="bbox 316 1825 1196 1874; baseline 0.005 -14"><span class='ocrx_word' id='word_1_251' title='bbox 316 1825 422 1874; x_wconf 80' lang='lat' dir='ltr'>Qod</span> <span class='ocrx_word' id='word_1_252' title='bbox 442 1825 558 1861; x_wconf 84' lang='lat' dir='ltr'>divifio</span> <span class='ocrx_word' id='word_1_253' title='bbox 575 1828 808 1871; x_wconf 86' lang='lat' dir='ltr'>suppositionis</span> <span class='ocrx_word' id='word_1_254' title='bbox 829 1829 864 1863; x_wconf 88' lang='lat' dir='ltr'>iu</span> <span class='ocrx_word' id='word_1_255' title='bbox 888 1829 1060 1864; x_wconf 79' lang='lat' dir='ltr'>formalem</span> <span class='ocrx_word' id='word_1_256' title='bbox 1084 1830 1119 1864; x_wconf 78' lang='grc' dir='ltr'>δι</span> <span class='ocrx_word' id='word_1_257' title='bbox 1133 1841 1196 1864; x_wconf 91' lang='lat' dir='ltr'>ma·</span> 
     </span>
     <span class='ocr_line' id='line_1_35' title="bbox 316 1876 1197 1924; baseline 0.002 -14"><span class='ocrx_word' id='word_1_258' title='bbox 316 1876 462 1911; x_wconf 83' lang='lat' dir='ltr'>terialem</span> <span class='ocrx_word' id='word_1_259' title='bbox 473 1878 511 1912; x_wconf 88' lang='lat' dir='ltr'>fit</span> <span class='ocrx_word' id='word_1_260' title='bbox 522 1876 642 1911; x_wconf 86' lang='lat' dir='ltr'>divisio</span> <span class='ocrx_word' id='word_1_261' title='bbox 649 1879 792 1912; x_wconf 84' lang='lat' dir='ltr'>univoca</span> <span class='ocrx_word' id='word_1_262' title='bbox 802 1903 812 1919; x_wconf 93' lang='lat'>,</span> <span class='ocrx_word' id='word_1_263' title='bbox 824 1889 863 1913; x_wconf 86' lang='lat' dir='ltr'>ac</span> <span class='ocrx_word' id='word_1_264' title='bbox 874 1879 1003 1924; x_wconf 86' lang='lat' dir='ltr'>generis</span> <span class='ocrx_word' id='word_1_265' title='bbox 1012 1878 1046 1912; x_wconf 88' lang='lat' dir='ltr'>in</span> <span class='ocrx_word' id='word_1_266' title='bbox 1060 1880 1179 1923; x_wconf 88' lang='lat' dir='ltr'>species</span> <span class='ocrx_word' id='word_1_267' title='bbox 1190 1904 1197 1912; x_wconf 88' lang='lat'><strong>.</strong></span> 
     </span>
     <span class='ocr_line' id='line_1_36' title="bbox 316 1926 1200 1974; baseline 0 -13"><span class='ocrx_word' id='word_1_268' title='bbox 316 1931 409 1961; x_wconf 74' lang='lat' dir='ltr'>Ratio</span> <span class='ocrx_word' id='word_1_269' title='bbox 421 1926 458 1966; x_wconf 85' lang='lat' dir='ltr'>est</span> <span class='ocrx_word' id='word_1_270' title='bbox 471 1930 553 1962; x_wconf 80' lang='lat' dir='ltr'>clara</span> <span class='ocrx_word' id='word_1_271' title='bbox 564 1940 575 1960; x_wconf 90' lang='lat'>.·</span> <span class='ocrx_word' id='word_1_272' title='bbox 601 1928 692 1974; x_wconf 79' lang='lat' dir='ltr'>Qa</span> <span class='ocrx_word' id='word_1_273' title='bbox 704 1927 880 1970; x_wconf 77' lang='lat' dir='ltr'>suppositio</span> <span class='ocrx_word' id='word_1_274' title='bbox 893 1928 1040 1961; x_wconf 76' lang='lat' dir='ltr'>formalis</span> <span class='ocrx_word' id='word_1_275' title='bbox 1053 1930 1086 1962; x_wconf 76' lang='grc' dir='ltr'>δε</span> <span class='ocrx_word' id='word_1_276' title='bbox 1099 1939 1200 1962; x_wconf 85' lang='lat' dir='ltr'>mate·</span> 
     </span>
     <span class='ocr_line' id='line_1_37' title="bbox 316 1975 1200 2023; baseline -0.002 -10"><span class='ocrx_word' id='word_1_277' title='bbox 316 1977 407 2013; x_wconf 81' lang='lat' dir='ltr'>rialis</span> <span class='ocrx_word' id='word_1_278' title='bbox 433 1978 630 2022; x_wconf 89' lang='lat' dir='ltr'>participant</span> <span class='ocrx_word' id='word_1_279' title='bbox 650 1978 868 2023; x_wconf 78' lang='lat' dir='ltr'>significatum</span> <span class='ocrx_word' id='word_1_280' title='bbox 882 1976 1020 2011; x_wconf 83' lang='lat' dir='ltr'>formale</span> <span class='ocrx_word' id='word_1_281' title='bbox 1033 1977 1122 2011; x_wconf 87' lang='lat' dir='ltr'>vocis</span> <span class='ocrx_word' id='word_1_282' title='bbox 1127 1975 1200 2020; x_wconf 86' lang='lat' dir='ltr'>sup-</span> 
     </span>
     <span class='ocr_line' id='line_1_38' title="bbox 314 2025 1199 2072; baseline 0 -11"><span class='ocrx_word' id='word_1_283' title='bbox 314 2026 417 2071; x_wconf 77' lang='lat' dir='ltr'>pofiuo</span> <span class='ocrx_word' id='word_1_284' title='bbox 427 2028 546 2063; x_wconf 85' lang='lat' dir='ltr'>eodem</span> <span class='ocrx_word' id='word_1_285' title='bbox 559 2027 772 2072; x_wconf 88' lang='lat' dir='ltr'>participandi</span> <span class='ocrx_word' id='word_1_286' title='bbox 785 2027 912 2069; x_wconf 86' lang='lat' dir='ltr'>modo;</span> <span class='ocrx_word' id='word_1_287' title='bbox 938 2036 974 2060; x_wconf 89' lang='lat' dir='ltr'>ut</span> <span class='ocrx_word' id='word_1_288' title='bbox 986 2037 1074 2070; x_wconf 86' lang='lat' dir='ltr'>patet</span> <span class='ocrx_word' id='word_1_289' title='bbox 1087 2039 1128 2061; x_wconf 83' lang='lat' dir='ltr'>ex</span> <span class='ocrx_word' id='word_1_290' title='bbox 1142 2025 1199 2061; x_wconf 88' lang='lat' dir='ltr'>ha·</span> 
     </span>
     <span class='ocr_line' id='line_1_39' title="bbox 318 2076 1201 2119; baseline -0.002 -7"><span class='ocrx_word' id='word_1_291' title='bbox 318 2080 431 2112; x_wconf 68' lang='lat' dir='ltr'>&amp;enus</span> <span class='ocrx_word' id='word_1_292' title='bbox 456 2078 571 2113; x_wconf 74' lang='lat' dir='ltr'>dictis:</span> <span class='ocrx_word' id='word_1_293' title='bbox 598 2078 747 2119; x_wconf 83' lang='lat' dir='ltr'>adeoque</span> <span class='ocrx_word' id='word_1_294' title='bbox 768 2077 842 2109; x_wconf 88' lang='lat' dir='ltr'>sunt</span> <span class='ocrx_word' id='word_1_295' title='bbox 861 2076 1140 2118; x_wconf 83' lang='lat' dir='ltr'>univocataejus,</span> <span class='ocrx_word' id='word_1_296' title='bbox 1164 2077 1201 2110; x_wconf 77' lang='grc' dir='ltr'>δι</span> 
     </span>
     <span class='ocr_line' id='line_1_40' title="bbox 317 2123 1199 2172; baseline -0.005 -10"><span class='ocrx_word' id='word_1_297' title='bbox 317 2128 438 2172; x_wconf 84' lang='lat' dir='ltr'>species</span> <span class='ocrx_word' id='word_1_298' title='bbox 461 2127 547 2169; x_wconf 83' lang='lat' dir='ltr'>ejus.</span> <span class='ocrx_word' id='word_1_299' title='bbox 573 2127 663 2169; x_wconf 84' lang='lat' dir='ltr'>Ergo</span> <span class='ocrx_word' id='word_1_300' title='bbox 688 2123 806 2159; x_wconf 87' lang='lat' dir='ltr'>divisio</span> <span class='ocrx_word' id='word_1_301' title='bbox 828 2123 886 2156; x_wconf 84' lang='lat' dir='ltr'>ista</span> <span class='ocrx_word' id='word_1_302' title='bbox 908 2123 954 2157; x_wconf 89' lang='lat' dir='ltr'>est</span> <span class='ocrx_word' id='word_1_303' title='bbox 970 2124 1134 2163; x_wconf 83' lang='lat' dir='ltr'>univoca,</span> <span class='ocrx_word' id='word_1_304' title='bbox 1160 2136 1199 2158; x_wconf 84' lang='lat' dir='ltr'>ac</span> 
     </span>
     <span class='ocr_line' id='line_1_41' title="bbox 318 2170 1198 2222; baseline -0.005 -12"><span class='ocrx_word' id='word_1_305' title='bbox 318 2178 446 2222; x_wconf 85' lang='lat' dir='ltr'>generis</span> <span class='ocrx_word' id='word_1_306' title='bbox 470 2177 505 2210; x_wconf 91' lang='lat' dir='ltr'>in</span> <span class='ocrx_word' id='word_1_307' title='bbox 530 2175 653 2219; x_wconf 86' lang='lat' dir='ltr'>species</span> <span class='ocrx_word' id='word_1_308' title='bbox 670 2199 677 2207; x_wconf 92' lang='lat'><strong>.</strong></span> <span class='ocrx_word' id='word_1_309' title='bbox 704 2173 836 2207; x_wconf 68' lang='lat' dir='ltr'>secunda</span> <span class='ocrx_word' id='word_1_310' title='bbox 853 2170 989 2216; x_wconf 74' lang='lat' dir='ltr'>sequitur</span> <span class='ocrx_word' id='word_1_311' title='bbox 1018 2187 1030 2206; x_wconf 86' lang='lat'>.-</span> <span class='ocrx_word' id='word_1_312' title='bbox 1056 2173 1141 2220; x_wconf 76' lang='lat' dir='ltr'>Qiae</span> <span class='ocrx_word' id='word_1_313' title='bbox 1160 2172 1198 2208; x_wconf 84' lang='lat' dir='ltr'>fit</span> 
     </span>
     <span class='ocr_line' id='line_1_42' title="bbox 317 2222 1201 2270; baseline -0.005 -9"><span class='ocrx_word' id='word_1_314' title='bbox 317 2227 404 2261; x_wconf 87' lang='lat' dir='ltr'>ratio</span> <span class='ocrx_word' id='word_1_315' title='bbox 421 2250 433 2267; x_wconf 91' lang='lat'>,</span> <span class='ocrx_word' id='word_1_316' title='bbox 453 2226 498 2260; x_wconf 94' lang='lat' dir='ltr'>ob</span> <span class='ocrx_word' id='word_1_317' title='bbox 518 2236 615 2270; x_wconf 87' lang='lat' dir='ltr'>quam</span> <span class='ocrx_word' id='word_1_318' title='bbox 642 2223 709 2258; x_wconf 87' lang='lat' dir='ltr'>haec</span> <span class='ocrx_word' id='word_1_319' title='bbox 732 2224 883 2265; x_wconf 78' lang='lat' dir='ltr'>ac‘c‘eptio</span> <span class='ocrx_word' id='word_1_320' title='bbox 894 2232 1026 2256; x_wconf 88' lang='lat' dir='ltr'>vocetur</span> <span class='ocrx_word' id='word_1_321' title='bbox 1037 2222 1201 2257; x_wconf 70' lang='lat' dir='ltr'>ordinarie</span> 
     </span>
     <span class='ocr_line' id='line_1_43' title="bbox 317 2271 1198 2316; baseline -0.009 -4"><span class='ocrx_word' id='word_1_322' title='bbox 317 2276 498 2312; x_wconf 85' lang='lat' dir='ltr'>materialis</span> <span class='ocrx_word' id='word_1_323' title='bbox 523 2301 531 2308; x_wconf 93' lang='lat'>.</span> <span class='ocrx_word' id='word_1_324' title='bbox 567 2279 660 2307; x_wconf 73' lang='lat' dir='ltr'>Rana</span> <span class='ocrx_word' id='word_1_325' title='bbox 690 2283 757 2316; x_wconf 77' lang='lat' dir='ltr'>ergo</span> <span class='ocrx_word' id='word_1_326' title='bbox 784 2271 875 2312; x_wconf 82' lang='lat' dir='ltr'>hujus</span> <span class='ocrx_word' id='word_1_327' title='bbox 898 2272 1124 2305; x_wconf 74' lang='lat' dir='ltr'>nmenclamrae</span> <span class='ocrx_word' id='word_1_328' title='bbox 1141 2272 1198 2312; x_wconf 73' lang='lat' dir='ltr'>est:</span> 
     </span>
     <span class='ocr_line' id='line_1_44' title="bbox 317 2321 1201 2375; baseline -0.007 -15"><span class='ocrx_word' id='word_1_329' title='bbox 317 2325 410 2375; x_wconf 83' lang='lat' dir='ltr'>Qia</span> <span class='ocrx_word' id='word_1_330' title='bbox 433 2335 488 2369; x_wconf 89' lang='lat' dir='ltr'>per</span> <span class='ocrx_word' id='word_1_331' title='bbox 507 2323 595 2359; x_wconf 88' lang='lat' dir='ltr'>hanc</span> <span class='ocrx_word' id='word_1_332' title='bbox 613 2321 874 2366; x_wconf 85' lang='lat' dir='ltr'>suppositionem</span> <span class='ocrx_word' id='word_1_333' title='bbox 896 2332 966 2355; x_wconf 81' lang='lat' dir='ltr'>vox</span> <span class='ocrx_word' id='word_1_334' title='bbox 985 2322 1201 2365; x_wconf 83' lang='lat' dir='ltr'>supponitur,</span> 
     </span>
    </p>
   </div>
   <div class='ocr_carea' id='block_1_3' title="bbox 317 2371 1258 2419">
    <p class='ocr_par' dir='ltr' id='par_1_5' title="bbox 317 2371 1258 2419">
     <span class='ocr_line' id='line_1_45' title="bbox 317 2371 1258 2419; baseline -0.006 -9"><span class='ocrx_word' id='word_1_335' title='bbox 317 2388 389 2412; x_wconf 81' lang='lat' dir='ltr'>non</span> <span class='ocrx_word' id='word_1_336' title='bbox 408 2386 468 2419; x_wconf 89' lang='lat' dir='ltr'>pro</span> <span class='ocrx_word' id='word_1_337' title='bbox 490 2385 523 2409; x_wconf 89' lang='lat' dir='ltr'>re</span> <span class='ocrx_word' id='word_1_338' title='bbox 542 2373 653 2417; x_wconf 88' lang='lat' dir='ltr'>aliqua</span> <span class='ocrx_word' id='word_1_339' title='bbox 675 2381 762 2406; x_wconf 89' lang='lat' dir='ltr'>certa</span> <span class='ocrx_word' id='word_1_340' title='bbox 788 2382 844 2415; x_wconf 90' lang='lat' dir='ltr'>per</span> <span class='ocrx_word' id='word_1_341' title='bbox 864 2381 980 2405; x_wconf 87' lang='lat' dir='ltr'>vocem</span> <span class='ocrx_word' id='word_1_342' title='bbox 1004 2371 1200 2416; x_wconf 75' lang='lat' dir='ltr'>fignificat23</span> <span class='ocrx_word' id='word_1_343' title='bbox 1256 2390 1258 2392; x_wconf 39' lang='lat' dir='ltr'>v</span> 
     </span>
    </p>
   </div>
   <div class='ocr_carea' id='block_1_4' title="bbox 315 2420 1207 3523">
    <p class='ocr_par' dir='ltr' id='par_1_6' title="bbox 315 2420 1202 2719">
     <span class='ocr_line' id='line_1_46' title="bbox 317 2420 1201 2470; baseline -0.006 -9"><span class='ocrx_word' id='word_1_344' title='bbox 317 2426 372 2463; x_wconf 84' lang='lat' dir='ltr'>sed</span> <span class='ocrx_word' id='word_1_345' title='bbox 383 2437 440 2470; x_wconf 89' lang='lat' dir='ltr'>pro</span> <span class='ocrx_word' id='word_1_346' title='bbox 454 2425 522 2467; x_wconf 88' lang='lat' dir='ltr'>ipsa</span> <span class='ocrx_word' id='word_1_347' title='bbox 533 2434 616 2457; x_wconf 88' lang='lat' dir='ltr'>voce</span> <span class='ocrx_word' id='word_1_348' title='bbox 628 2422 834 2467; x_wconf 86' lang='lat' dir='ltr'>significante</span> <span class='ocrx_word' id='word_1_349' title='bbox 846 2420 880 2454; x_wconf 91' lang='lat' dir='ltr'>in</span> <span class='ocrx_word' id='word_1_350' title='bbox 892 2421 1064 2455; x_wconf 88' lang='lat' dir='ltr'>communi</span> <span class='ocrx_word' id='word_1_351' title='bbox 1076 2434 1083 2454; x_wconf 92' lang='lat'>:</span> <span class='ocrx_word' id='word_1_352' title='bbox 1095 2423 1201 2466; x_wconf 85' lang='lat' dir='ltr'>atqui,</span> 
     </span>
     <span class='ocr_line' id='line_1_47' title="bbox 315 2472 1200 2519; baseline -0.007 -7"><span class='ocrx_word' id='word_1_353' title='bbox 315 2478 366 2512; x_wconf 89' lang='lat' dir='ltr'>uti</span> <span class='ocrx_word' id='word_1_354' title='bbox 391 2477 484 2519; x_wconf 81' lang='lat' dir='ltr'>supra</span> <span class='ocrx_word' id='word_1_355' title='bbox 503 2472 655 2508; x_wconf 85' lang='lat' dir='ltr'>dicebam</span> <span class='ocrx_word' id='word_1_356' title='bbox 670 2496 681 2512; x_wconf 92' lang='lat'>,</span> <span class='ocrx_word' id='word_1_357' title='bbox 707 2483 774 2506; x_wconf 81' lang='lat' dir='ltr'>vox</span> <span class='ocrx_word' id='word_1_358' title='bbox 798 2481 1006 2514; x_wconf 86' lang='lat' dir='ltr'>comparatur</span> <span class='ocrx_word' id='word_1_359' title='bbox 1021 2472 1062 2506; x_wconf 88' lang='lat' dir='ltr'>ad</span> <span class='ocrx_word' id='word_1_360' title='bbox 1085 2483 1152 2506; x_wconf 88' lang='lat' dir='ltr'>rem</span> <span class='ocrx_word' id='word_1_361' title='bbox 1165 2473 1200 2506; x_wconf 85' lang='lat' dir='ltr'>si·</span> 
     </span>
     <span class='ocr_line' id='line_1_48' title="bbox 315 2521 1202 2573; baseline -0.007 -11"><span class='ocrx_word' id='word_1_362' title='bbox 315 2527 512 2573; x_wconf 87' lang='lat' dir='ltr'>gnificatam</span> <span class='ocrx_word' id='word_1_363' title='bbox 530 2533 698 2566; x_wconf 85' lang='lat' dir='ltr'>tamquam</span> <span class='ocrx_word' id='word_1_364' title='bbox 723 2521 859 2555; x_wconf 77' lang='lat' dir='ltr'>materia</span> <span class='ocrx_word' id='word_1_365' title='bbox 879 2521 920 2555; x_wconf 87' lang='lat' dir='ltr'>ad</span> <span class='ocrx_word' id='word_1_366' title='bbox 931 2521 1091 2556; x_wconf 89' lang='lat' dir='ltr'>formam:</span> <span class='ocrx_word' id='word_1_367' title='bbox 1121 2531 1202 2567; x_wconf 89' lang='lat' dir='ltr'>ergo</span> 
     </span>
     <span class='ocr_line' id='line_1_49' title="bbox 315 2571 1198 2623; baseline -0.007 -12"><span class='ocrx_word' id='word_1_368' title='bbox 315 2590 374 2623; x_wconf 83' lang='lat' dir='ltr'>per</span> <span class='ocrx_word' id='word_1_369' title='bbox 387 2576 471 2610; x_wconf 88' lang='lat' dir='ltr'>hanc</span> <span class='ocrx_word' id='word_1_370' title='bbox 483 2573 737 2618; x_wconf 79' lang='lat' dir='ltr'>suppositionem</span> <span class='ocrx_word' id='word_1_371' title='bbox 751 2582 816 2606; x_wconf 77' lang='lat' dir='ltr'>vox</span> <span class='ocrx_word' id='word_1_372' title='bbox 831 2573 1026 2615; x_wconf 87' lang='lat' dir='ltr'>supponitur</span> <span class='ocrx_word' id='word_1_373' title='bbox 1037 2583 1096 2615; x_wconf 89' lang='lat' dir='ltr'>pro</span> <span class='ocrx_word' id='word_1_374' title='bbox 1108 2571 1198 2616; x_wconf 87' lang='lat' dir='ltr'>quasi</span> 
     </span>
     <span class='ocr_line' id='line_1_50' title="bbox 315 2621 1201 2672; baseline -0.006 -10"><span class='ocrx_word' id='word_1_375' title='bbox 315 2625 572 2672; x_wconf 82' lang='lat' dir='ltr'>significationis</span> <span class='ocrx_word' id='word_1_376' title='bbox 595 2623 755 2658; x_wconf 88' lang='lat' dir='ltr'>materia:</span> <span class='ocrx_word' id='word_1_377' title='bbox 782 2622 934 2663; x_wconf 86' lang='lat' dir='ltr'>adeoque</span> <span class='ocrx_word' id='word_1_378' title='bbox 946 2621 1014 2656; x_wconf 85' lang='lat' dir='ltr'>haec</span> <span class='ocrx_word' id='word_1_379' title='bbox 1026 2623 1201 2667; x_wconf 77' lang='lat' dir='ltr'>suppositio</span> 
     </span>
     <span class='ocr_line' id='line_1_51' title="bbox 316 2672 875 2719; baseline -0.014 -7"><span class='ocrx_word' id='word_1_380' title='bbox 316 2689 386 2714; x_wconf 85' lang='lat' dir='ltr'>non</span> <span class='ocrx_word' id='word_1_381' title='bbox 399 2675 510 2719; x_wconf 73' lang='lat' dir='ltr'>inepte</span> <span class='ocrx_word' id='word_1_382' title='bbox 536 2684 669 2709; x_wconf 87' lang='lat' dir='ltr'>vocatur</span> <span class='ocrx_word' id='word_1_383' title='bbox 681 2672 856 2707; x_wconf 84' lang='lat' dir='ltr'>materialis</span> <span class='ocrx_word' id='word_1_384' title='bbox 867 2695 875 2704; x_wconf 91' lang='lat'><em>.</em></span> 
     </span>
    </p>

    <p class='ocr_par' dir='ltr' id='par_1_7' title="bbox 316 2722 1207 3523">
     <span class='ocr_line' id='line_1_52' title="bbox 368 2722 1199 2767; baseline -0.002 -9"><span class='ocrx_word' id='word_1_385' title='bbox 368 2726 399 2763; x_wconf 90' lang='lat'>6.</span> <span class='ocrx_word' id='word_1_386' title='bbox 428 2731 518 2759; x_wconf 69' lang='lat' dir='ltr'>Dices</span> <span class='ocrx_word' id='word_1_387' title='bbox 531 2737 538 2756; x_wconf 91' lang='lat'>:</span> <span class='ocrx_word' id='word_1_388' title='bbox 554 2723 717 2767; x_wconf 84' lang='lat' dir='ltr'>Acceptio</span> <span class='ocrx_word' id='word_1_389' title='bbox 729 2723 877 2757; x_wconf 84' lang='lat' dir='ltr'>formalis</span> <span class='ocrx_word' id='word_1_390' title='bbox 890 2725 924 2758; x_wconf 74' lang='grc' dir='ltr'>ὅ(</span> <span class='ocrx_word' id='word_1_391' title='bbox 936 2722 1115 2758; x_wconf 83' lang='lat' dir='ltr'>materialis</span> <span class='ocrx_word' id='word_1_392' title='bbox 1131 2734 1199 2758; x_wconf 90' lang='lat' dir='ltr'>non</span> 
     </span>
     <span class='ocr_line' id='line_1_53' title="bbox 316 2773 1202 2819; baseline -0.007 -7"><span class='ocrx_word' id='word_1_393' title='bbox 316 2777 474 2813; x_wconf 83' lang='lat' dir='ltr'>differunt</span> <span class='ocrx_word' id='word_1_394' title='bbox 487 2776 610 2819; x_wconf 88' lang='lat' dir='ltr'>specie:</span> <span class='ocrx_word' id='word_1_395' title='bbox 638 2784 718 2818; x_wconf 80' lang='lat' dir='ltr'>ergo</span> <span class='ocrx_word' id='word_1_396' title='bbox 743 2773 803 2807; x_wconf 86' lang='lat' dir='ltr'>ista</span> <span class='ocrx_word' id='word_1_397' title='bbox 830 2773 945 2809; x_wconf 86' lang='lat' dir='ltr'>divisio</span> <span class='ocrx_word' id='word_1_398' title='bbox 959 2774 1073 2817; x_wconf 87' lang='lat' dir='ltr'>nequit</span> <span class='ocrx_word' id='word_1_399' title='bbox 1083 2773 1202 2807; x_wconf 77' lang='lat' dir='ltr'>essedi-</span> 
     </span>
     <span class='ocr_line' id='line_1_54' title="bbox 317 2821 1197 2872; baseline -0.008 -10"><span class='ocrx_word' id='word_1_400' title='bbox 317 2829 397 2862; x_wconf 82' lang='lat' dir='ltr'>vifio</span> <span class='ocrx_word' id='word_1_401' title='bbox 414 2826 543 2872; x_wconf 86' lang='lat' dir='ltr'>generis</span> <span class='ocrx_word' id='word_1_402' title='bbox 556 2824 591 2859; x_wconf 88' lang='lat' dir='ltr'>in</span> <span class='ocrx_word' id='word_1_403' title='bbox 605 2824 736 2867; x_wconf 88' lang='lat' dir='ltr'>species.</span> <span class='ocrx_word' id='word_1_404' title='bbox 768 2821 853 2866; x_wconf 84' lang='lat' dir='ltr'>Resp.</span> <span class='ocrx_word' id='word_1_405' title='bbox 865 2825 1002 2868; x_wconf 78' lang='lat' dir='ltr'>negando</span> <span class='ocrx_word' id='word_1_406' title='bbox 1012 2823 1197 2865; x_wconf 82' lang='lat' dir='ltr'>antecedens;</span> 
     </span>
     <span class='ocr_line' id='line_1_55' title="bbox 317 2873 1202 2921; baseline -0.003 -11"><span class='ocrx_word' id='word_1_407' title='bbox 317 2880 354 2913; x_wconf 64' lang='lat'>(5</span> <span class='ocrx_word' id='word_1_408' title='bbox 379 2882 457 2911; x_wconf 79' lang='lat' dir='ltr'>ratio</span> <span class='ocrx_word' id='word_1_409' title='bbox 478 2875 517 2917; x_wconf 79' lang='lat' dir='ltr'>est</span> <span class='ocrx_word' id='word_1_410' title='bbox 538 2887 546 2908; x_wconf 71' lang='grc' dir='ltr'>ι</span> <span class='ocrx_word' id='word_1_411' title='bbox 578 2873 668 2921; x_wconf 79' lang='lat' dir='ltr'>Qia</span> <span class='ocrx_word' id='word_1_412' title='bbox 696 2873 933 2917; x_wconf 80' lang='lat' dir='ltr'>suppositiones</span> <span class='ocrx_word' id='word_1_413' title='bbox 952 2873 1202 2918; x_wconf 85' lang='lat' dir='ltr'>distinguuntur</span> 
     </span>
     <span class='ocr_line' id='line_1_56' title="bbox 317 2923 1203 2973; baseline -0.007 -11"><span class='ocrx_word' id='word_1_414' title='bbox 317 2928 425 2973; x_wconf 74' lang='lat' dir='ltr'>specie</span> <span class='ocrx_word' id='word_1_415' title='bbox 435 2929 486 2961; x_wconf 90' lang='lat' dir='ltr'>vel</span> <span class='ocrx_word' id='word_1_416' title='bbox 511 2936 609 2970; x_wconf 90' lang='lat' dir='ltr'>penes</span> <span class='ocrx_word' id='word_1_417' title='bbox 634 2923 772 2959; x_wconf 88' lang='lat' dir='ltr'>modum</span> <span class='ocrx_word' id='word_1_418' title='bbox 786 2924 1016 2968; x_wconf 84' lang='lat' dir='ltr'>supponendi,</span> <span class='ocrx_word' id='word_1_419' title='bbox 1041 2923 1092 2957; x_wconf 89' lang='lat' dir='ltr'>vel</span> <span class='ocrx_word' id='word_1_420' title='bbox 1107 2933 1203 2967; x_wconf 85' lang='lat' dir='ltr'>penes</span> 
     </span>
     <span class='ocr_line' id='line_1_57' title="bbox 318 2974 1203 3021; baseline -0.007 -8"><span class='ocrx_word' id='word_1_421' title='bbox 318 2979 446 3021; x_wconf 71' lang='lat' dir='ltr'>objesta</span> <span class='ocrx_word' id='word_1_422' title='bbox 471 2979 527 3012; x_wconf 89' lang='lat' dir='ltr'>seu</span> <span class='ocrx_word' id='word_1_423' title='bbox 549 2974 755 3020; x_wconf 84' lang='lat' dir='ltr'>significata,</span> <span class='ocrx_word' id='word_1_424' title='bbox 781 2985 841 3018; x_wconf 86' lang='lat' dir='ltr'>pro</span> <span class='ocrx_word' id='word_1_425' title='bbox 863 2974 981 3018; x_wconf 90' lang='lat' dir='ltr'>quibus</span> <span class='ocrx_word' id='word_1_426' title='bbox 1002 2984 1118 3007; x_wconf 87' lang='lat' dir='ltr'>vocem</span> <span class='ocrx_word' id='word_1_427' title='bbox 1132 2974 1203 3017; x_wconf 90' lang='lat' dir='ltr'>sup-</span> 
     </span>
     <span class='ocr_line' id='line_1_58' title="bbox 319 3023 1203 3073; baseline -0.007 -10"><span class='ocrx_word' id='word_1_428' title='bbox 319 3037 450 3073; x_wconf 87' lang='lat' dir='ltr'>ponunt</span> <span class='ocrx_word' id='word_1_429' title='bbox 469 3040 477 3060; x_wconf 91' lang='lat'><strong>:</strong></span> <span class='ocrx_word' id='word_1_430' title='bbox 521 3026 613 3069; x_wconf 84' lang='lat' dir='ltr'>atqui</span> <span class='ocrx_word' id='word_1_431' title='bbox 636 3025 785 3069; x_wconf 88' lang='lat' dir='ltr'>acceptio</span> <span class='ocrx_word' id='word_1_432' title='bbox 805 3024 952 3058; x_wconf 85' lang='lat' dir='ltr'>formalis</span> <span class='ocrx_word' id='word_1_433' title='bbox 972 3024 1007 3058; x_wconf 89' lang='lat'>&amp;</span> <span class='ocrx_word' id='word_1_434' title='bbox 1027 3023 1203 3058; x_wconf 83' lang='lat' dir='ltr'>materialis</span> 
     </span>
     <span class='ocr_line' id='line_1_59' title="bbox 319 3073 1204 3122; baseline -0.007 -9"><span class='ocrx_word' id='word_1_435' title='bbox 319 3080 510 3122; x_wconf 84' lang='lat' dir='ltr'>supponunt</span> <span class='ocrx_word' id='word_1_436' title='bbox 523 3087 637 3110; x_wconf 87' lang='lat' dir='ltr'>vocem</span> <span class='ocrx_word' id='word_1_437' title='bbox 649 3087 709 3119; x_wconf 89' lang='lat' dir='ltr'>pro</span> <span class='ocrx_word' id='word_1_438' title='bbox 734 3074 926 3120; x_wconf 81' lang='lat' dir='ltr'>significatis</span> <span class='ocrx_word' id='word_1_439' title='bbox 935 3075 1039 3118; x_wconf 87' lang='lat' dir='ltr'>specie</span> <span class='ocrx_word' id='word_1_440' title='bbox 1053 3073 1182 3108; x_wconf 86' lang='lat' dir='ltr'>diversis</span> <span class='ocrx_word' id='word_1_441' title='bbox 1194 3084 1204 3115; x_wconf 88' lang='lat'>;</span> 
     </span>
     <span class='ocr_line' id='line_1_60' title="bbox 320 3124 1203 3169; baseline -0.005 -8"><span class='ocrx_word' id='word_1_442' title='bbox 320 3129 370 3162; x_wconf 87' lang='lat' dir='ltr'>uti</span> <span class='ocrx_word' id='word_1_443' title='bbox 382 3129 506 3163; x_wconf 87' lang='lat' dir='ltr'>clarum</span> <span class='ocrx_word' id='word_1_444' title='bbox 525 3127 592 3161; x_wconf 73' lang='lat' dir='ltr'>estt</span> <span class='ocrx_word' id='word_1_445' title='bbox 619 3136 695 3160; x_wconf 91' lang='lat' dir='ltr'>nam</span> <span class='ocrx_word' id='word_1_446' title='bbox 720 3126 899 3169; x_wconf 75' lang='lat' dir='ltr'>suppositio</span> <span class='ocrx_word' id='word_1_447' title='bbox 923 3124 1070 3159; x_wconf 64' lang='lat' dir='ltr'>formalis</span> <span class='ocrx_word' id='word_1_448' title='bbox 1083 3125 1203 3168; x_wconf 90' lang='lat' dir='ltr'>suppo·-</span> 
     </span>
     <span class='ocr_line' id='line_1_61' title="bbox 325 3173 1205 3221; baseline -0.002 -10"><span class='ocrx_word' id='word_1_449' title='bbox 325 3178 377 3211; x_wconf 87' lang='lat' dir='ltr'>nit</span> <span class='ocrx_word' id='word_1_450' title='bbox 399 3179 486 3213; x_wconf 89' lang='lat' dir='ltr'>illam</span> <span class='ocrx_word' id='word_1_451' title='bbox 499 3188 558 3221; x_wconf 86' lang='lat' dir='ltr'>pro</span> <span class='ocrx_word' id='word_1_452' title='bbox 570 3186 603 3210; x_wconf 82' lang='lat' dir='ltr'>te</span> <span class='ocrx_word' id='word_1_453' title='bbox 614 3175 792 3220; x_wconf 82' lang='lat' dir='ltr'>significata</span> <span class='ocrx_word' id='word_1_454' title='bbox 806 3188 820 3217; x_wconf 88' lang='lat'><em>;</em></span> <span class='ocrx_word' id='word_1_455' title='bbox 841 3175 1016 3210; x_wconf 78' lang='lat' dir='ltr'>materialis</span> <span class='ocrx_word' id='word_1_456' title='bbox 1027 3173 1103 3209; x_wconf 75' lang='lat' dir='ltr'>verd</span> <span class='ocrx_word' id='word_1_457' title='bbox 1114 3175 1205 3209; x_wconf 86' lang='lat' dir='ltr'>illam</span> 
     </span>
     <span class='ocr_line' id='line_1_62' title="bbox 323 3224 1207 3271; baseline -0.001 -12"><span class='ocrx_word' id='word_1_458' title='bbox 323 3228 481 3271; x_wconf 86' lang='lat' dir='ltr'>supponit</span> <span class='ocrx_word' id='word_1_459' title='bbox 506 3239 564 3271; x_wconf 89' lang='lat' dir='ltr'>pro</span> <span class='ocrx_word' id='word_1_460' title='bbox 586 3237 668 3261; x_wconf 86' lang='lat' dir='ltr'>voce</span> <span class='ocrx_word' id='word_1_461' title='bbox 689 3225 910 3270; x_wconf 83' lang='lat' dir='ltr'>fignificante;</span> <span class='ocrx_word' id='word_1_462' title='bbox 945 3237 974 3259; x_wconf 83' lang='lat' dir='ltr'>v.</span> <span class='ocrx_word' id='word_1_463' title='bbox 987 3237 1020 3271; x_wconf 89' lang='lat' dir='ltr'>g.</span> <span class='ocrx_word' id='word_1_464' title='bbox 1050 3224 1207 3259; x_wconf 82' lang='lat' dir='ltr'>voxbomo</span> 
     </span>
     <span class='ocr_line' id='line_1_63' title="bbox 323 3276 1205 3320; baseline 0.002 -12"><span class='ocrx_word' id='word_1_465' title='bbox 323 3286 377 3319; x_wconf 86' lang='lat' dir='ltr'>per</span> <span class='ocrx_word' id='word_1_466' title='bbox 398 3279 623 3320; x_wconf 85' lang='lat' dir='ltr'>acceptionem</span> <span class='ocrx_word' id='word_1_467' title='bbox 647 3276 820 3311; x_wconf 86' lang='lat' dir='ltr'>formalem</span> <span class='ocrx_word' id='word_1_468' title='bbox 849 3277 1044 3319; x_wconf 88' lang='lat' dir='ltr'>supponitur</span> <span class='ocrx_word' id='word_1_469' title='bbox 1066 3286 1123 3319; x_wconf 91' lang='lat' dir='ltr'>pro</span> <span class='ocrx_word' id='word_1_470' title='bbox 1137 3277 1205 3319; x_wconf 88' lang='lat' dir='ltr'>sup·</span> 
     </span>
     <span class='ocr_line' id='line_1_64' title="bbox 325 3325 1205 3370; baseline 0.003 -13"><span class='ocrx_word' id='word_1_471' title='bbox 325 3325 431 3369; x_wconf 82' lang='lat' dir='ltr'>posito</span> <span class='ocrx_word' id='word_1_472' title='bbox 443 3326 657 3362; x_wconf 86' lang='lat' dir='ltr'>humanitatis</span> <span class='ocrx_word' id='word_1_473' title='bbox 669 3340 682 3366; x_wconf 76' lang='lat'>.-</span> <span class='ocrx_word' id='word_1_474' title='bbox 707 3337 762 3370; x_wconf 84' lang='lat' dir='ltr'>per</span> <span class='ocrx_word' id='word_1_475' title='bbox 788 3326 990 3363; x_wconf 79' lang='lat' dir='ltr'>materialem</span> <span class='ocrx_word' id='word_1_476' title='bbox 1004 3326 1080 3360; x_wconf 77' lang='lat' dir='ltr'>vero</span> <span class='ocrx_word' id='word_1_477' title='bbox 1092 3328 1205 3370; x_wconf 87' lang='lat' dir='ltr'>suppo·</span> 
     </span>
     <span class='ocr_line' id='line_1_65' title="bbox 326 3374 1207 3421; baseline 0.001 -12"><span class='ocrx_word' id='word_1_478' title='bbox 326 3375 417 3409; x_wconf 84' lang='lat' dir='ltr'>nitur</span> <span class='ocrx_word' id='word_1_479' title='bbox 431 3386 487 3417; x_wconf 90' lang='lat' dir='ltr'>pro</span> <span class='ocrx_word' id='word_1_480' title='bbox 499 3387 578 3410; x_wconf 89' lang='lat' dir='ltr'>voce</span> <span class='ocrx_word' id='word_1_481' title='bbox 597 3377 681 3410; x_wconf 79' lang='lat' dir='ltr'>bomo</span> <span class='ocrx_word' id='word_1_482' title='bbox 705 3378 739 3411; x_wconf 89' lang='lat' dir='ltr'>in</span> <span class='ocrx_word' id='word_1_483' title='bbox 752 3378 942 3411; x_wconf 88' lang='lat' dir='ltr'>communi.</span> <span class='ocrx_word' id='word_1_484' title='bbox 973 3378 1065 3421; x_wconf 85' lang='lat' dir='ltr'>Ergo</span> <span class='ocrx_word' id='word_1_485' title='bbox 1077 3374 1124 3409; x_wconf 79' lang='lat' dir='ltr'>hae</span> <span class='ocrx_word' id='word_1_486' title='bbox 1136 3377 1207 3411; x_wconf 83' lang='lat' dir='ltr'>duae</span> 
     </span>
     <span class='ocr_line' id='line_1_66' title="bbox 324 3423 1206 3472; baseline 0 -13"><span class='ocrx_word' id='word_1_487' title='bbox 324 3423 535 3467; x_wconf 83' lang='lat' dir='ltr'>acceptiones</span> <span class='ocrx_word' id='word_1_488' title='bbox 562 3426 696 3460; x_wconf 73' lang='lat' dir='ltr'>indubie</span> <span class='ocrx_word' id='word_1_489' title='bbox 708 3427 863 3462; x_wconf 83' lang='lat' dir='ltr'>differunt</span> <span class='ocrx_word' id='word_1_490' title='bbox 879 3428 985 3472; x_wconf 90' lang='lat' dir='ltr'>specie</span> <span class='ocrx_word' id='word_1_491' title='bbox 997 3452 1005 3460; x_wconf 93' lang='lat'><strong>.</strong></span> <span class='ocrx_word' id='word_1_492' title='bbox 1024 3429 1123 3468; x_wconf 83' lang='lat' dir='ltr'>Major</span> <span class='ocrx_word' id='word_1_493' title='bbox 1135 3429 1206 3461; x_wconf 74' lang='lat' dir='ltr'>verr&gt;</span> 
     </span>
     <span class='ocr_line' id='line_1_67' title="bbox 329 3473 1205 3523; baseline 0.005 -15"><span class='ocrx_word' id='word_1_494' title='bbox 329 3480 421 3509; x_wconf 66' lang='lat' dir='ltr'>ctiam</span> <span class='ocrx_word' id='word_1_495' title='bbox 428 3473 466 3515; x_wconf 71' lang='lat' dir='ltr'>eft</span> <span class='ocrx_word' id='word_1_496' title='bbox 473 3475 556 3509; x_wconf 80' lang='lat' dir='ltr'>clara</span> <span class='ocrx_word' id='word_1_497' title='bbox 569 3487 580 3507; x_wconf 85' lang='lat'>.·</span> <span class='ocrx_word' id='word_1_498' title='bbox 606 3475 697 3522; x_wconf 82' lang='lat' dir='ltr'>Qia</span> <span class='ocrx_word' id='word_1_499' title='bbox 710 3476 1019 3523; x_wconf 81' lang='lat' dir='ltr'>philosophandum</span> <span class='ocrx_word' id='word_1_500' title='bbox 1030 3478 1072 3512; x_wconf 83' lang='lat' dir='ltr'>est</span> <span class='ocrx_word' id='word_1_501' title='bbox 1086 3477 1128 3513; x_wconf 90' lang='lat' dir='ltr'>de</span> <span class='ocrx_word' id='word_1_502' title='bbox 1137 3479 1205 3523; x_wconf 81' lang='lat' dir='ltr'>spe·</span> 
     </span>
    </p>
   </div>
   <div class='ocr_carea' id='block_1_5' title="bbox 970 138 1541 190">
    <p class='ocr_par' dir='ltr' id='par_1_8' title="bbox 970 138 1541 190">
     <span class='ocr_line' id='line_1_68' title="bbox 970 138 1541 190; baseline 0.002 -4"><span class='ocrx_word' id='word_1_503' title='bbox 970 140 1129 186; x_wconf 75' lang='lat' dir='ltr'>D1sP.</span> <span class='ocrx_word' id='word_1_504' title='bbox 1165 138 1286 188; x_wconf 89' lang='lat' dir='ltr'><strong>XIV.</strong></span> <span class='ocrx_word' id='word_1_505' title='bbox 1327 143 1467 189; x_wconf 69' lang='lat' dir='ltr'>Dus.</span> <span class='ocrx_word' id='word_1_506' title='bbox 1503 143 1541 190; x_wconf 89' lang='lat'>1.</span> 
     </span>
    </p>
   </div>
   <div class='ocr_carea' id='block_1_6' title="bbox 1262 224 2146 1427">
    <p class='ocr_par' dir='ltr' id='par_1_9' title="bbox 1265 224 2141 624">
     <span class='ocr_line' id='line_1_69' title="bbox 1267 224 2137 272; baseline -0.001 -10"><span class='ocrx_word' id='word_1_507' title='bbox 1267 226 1457 264; x_wconf 76' lang='lat' dir='ltr'>cificatione</span> <span class='ocrx_word' id='word_1_508' title='bbox 1470 224 1728 272; x_wconf 83' lang='lat' dir='ltr'>suppositionum</span> <span class='ocrx_word' id='word_1_509' title='bbox 1739 249 1751 267; x_wconf 90' lang='lat'>,</span> <span class='ocrx_word' id='word_1_510' title='bbox 1778 225 1858 262; x_wconf 85' lang='lat' dir='ltr'>ficut</span> <span class='ocrx_word' id='word_1_511' title='bbox 1869 224 2137 272; x_wconf 80' lang='lat' dir='ltr'>philosophamur</span> 
     </span>
     <span class='ocr_line' id='line_1_70' title="bbox 1266 277 2141 323; baseline -0.002 -10"><span class='ocrx_word' id='word_1_512' title='bbox 1266 277 1309 313; x_wconf 89' lang='lat' dir='ltr'>de</span> <span class='ocrx_word' id='word_1_513' title='bbox 1329 278 1569 323; x_wconf 82' lang='lat' dir='ltr'>specificatione</span> <span class='ocrx_word' id='word_1_514' title='bbox 1589 277 1851 311; x_wconf 75' lang='lat' dir='ltr'>intellefflonum</span> <span class='ocrx_word' id='word_1_515' title='bbox 1873 300 1886 318; x_wconf 90' lang='lat'>,</span> <span class='ocrx_word' id='word_1_516' title='bbox 1911 277 2141 318; x_wconf 79' lang='lat' dir='ltr'>volitionum,</span> 
     </span>
     <span class='ocr_line' id='line_1_71' title="bbox 1265 326 2139 372; baseline -0.002 -10"><span class='ocrx_word' id='word_1_517' title='bbox 1265 328 1470 371; x_wconf 87' lang='lat' dir='ltr'>aliarumque</span> <span class='ocrx_word' id='word_1_518' title='bbox 1489 328 1646 363; x_wconf 85' lang='lat' dir='ltr'>fimilium</span> <span class='ocrx_word' id='word_1_519' title='bbox 1666 326 1941 372; x_wconf 81' lang='lat' dir='ltr'>operationum&amp;</span> <span class='ocrx_word' id='word_1_520' title='bbox 1950 328 2117 365; x_wconf 61' lang='lat' dir='ltr'>aaionum</span> <span class='ocrx_word' id='word_1_521' title='bbox 2127 337 2139 360; x_wconf 75' lang='grc' dir='ltr'><strong>ε</strong></span> 
     </span>
     <span class='ocr_line' id='line_1_72' title="bbox 1266 377 2141 424; baseline 0 -12"><span class='ocrx_word' id='word_1_522' title='bbox 1266 379 1358 423; x_wconf 87' lang='lat' dir='ltr'>atqui</span> <span class='ocrx_word' id='word_1_523' title='bbox 1381 379 1446 413; x_wconf 66' lang='lat' dir='ltr'>issa:</span> <span class='ocrx_word' id='word_1_524' title='bbox 1469 379 1678 424; x_wconf 87' lang='lat' dir='ltr'>operationes</span> <span class='ocrx_word' id='word_1_525' title='bbox 1714 377 1942 422; x_wconf 84' lang='lat' dir='ltr'>specificantur</span> <span class='ocrx_word' id='word_1_526' title='bbox 1965 378 2017 414; x_wconf 78' lang='lat' dir='ltr'>vel</span> <span class='ocrx_word' id='word_1_527' title='bbox 2039 388 2141 422; x_wconf 85' lang='lat' dir='ltr'>penes</span> 
     </span>
     <span class='ocr_line' id='line_1_73' title="bbox 1268 425 2140 473; baseline 0.001 -11"><span class='ocrx_word' id='word_1_528' title='bbox 1268 428 1406 463; x_wconf 85' lang='lat' dir='ltr'>modum</span> <span class='ocrx_word' id='word_1_529' title='bbox 1426 429 1584 463; x_wconf 88' lang='lat' dir='ltr'>tendendi</span> <span class='ocrx_word' id='word_1_530' title='bbox 1606 453 1618 470; x_wconf 87' lang='lat'>‚</span> <span class='ocrx_word' id='word_1_531' title='bbox 1644 428 1695 463; x_wconf 89' lang='lat' dir='ltr'>vel</span> <span class='ocrx_word' id='word_1_532' title='bbox 1719 439 1818 472; x_wconf 88' lang='lat' dir='ltr'>penes</span> <span class='ocrx_word' id='word_1_533' title='bbox 1838 425 1962 470; x_wconf 60' lang='lat' dir='ltr'>objecta</span> <span class='ocrx_word' id='word_1_534' title='bbox 1975 450 1988 467; x_wconf 90' lang='lat'>‚</span> <span class='ocrx_word' id='word_1_535' title='bbox 2012 428 2047 464; x_wconf 79' lang='lat' dir='ltr'>in</span> <span class='ocrx_word' id='word_1_536' title='bbox 2068 439 2140 473; x_wconf 67' lang='lat' dir='ltr'>quat</span> 
     </span>
     <span class='ocr_line' id='line_1_74' title="bbox 1267 477 2139 524; baseline 0.001 -12"><span class='ocrx_word' id='word_1_537' title='bbox 1267 478 1407 513; x_wconf 89' lang='lat' dir='ltr'>tendunt</span> <span class='ocrx_word' id='word_1_538' title='bbox 1419 492 1431 513; x_wconf 87' lang='lat'>.-</span> <span class='ocrx_word' id='word_1_539' title='bbox 1455 489 1534 524; x_wconf 89' lang='lat' dir='ltr'>etgo</span> <span class='ocrx_word' id='word_1_540' title='bbox 1553 479 1698 514; x_wconf 80' lang='lat' dir='ltr'>similiter</span> <span class='ocrx_word' id='word_1_541' title='bbox 1718 479 1953 522; x_wconf 83' lang='lat' dir='ltr'>suppositiones</span> <span class='ocrx_word' id='word_1_542' title='bbox 1963 477 2139 521; x_wconf 77' lang='lat' dir='ltr'>specificati</span> 
     </span>
     <span class='ocr_line' id='line_1_75' title="bbox 1266 527 2141 573; baseline -0.005 -10"><span class='ocrx_word' id='word_1_543' title='bbox 1266 528 1410 569; x_wconf 85' lang='lat' dir='ltr'>debent,</span> <span class='ocrx_word' id='word_1_544' title='bbox 1439 530 1490 563; x_wconf 86' lang='lat' dir='ltr'>vel</span> <span class='ocrx_word' id='word_1_545' title='bbox 1502 539 1597 573; x_wconf 88' lang='lat' dir='ltr'>penes</span> <span class='ocrx_word' id='word_1_546' title='bbox 1613 529 1750 564; x_wconf 88' lang='lat' dir='ltr'>modum</span> <span class='ocrx_word' id='word_1_547' title='bbox 1763 527 1972 573; x_wconf 86' lang='lat' dir='ltr'>supponendi</span> <span class='ocrx_word' id='word_1_548' title='bbox 1983 551 1998 569; x_wconf 82' lang='lat'>,</span> <span class='ocrx_word' id='word_1_549' title='bbox 2021 527 2141 571; x_wconf 80' lang='lat' dir='ltr'>velpe-</span> 
     </span>
     <span class='ocr_line' id='line_1_76' title="bbox 1265 578 1988 624; baseline -0.004 -11"><span class='ocrx_word' id='word_1_550' title='bbox 1265 589 1324 613; x_wconf 85' lang='lat' dir='ltr'>nes</span> <span class='ocrx_word' id='word_1_551' title='bbox 1349 578 1548 624; x_wconf 83' lang='lat' dir='ltr'>significata,</span> <span class='ocrx_word' id='word_1_552' title='bbox 1575 590 1636 623; x_wconf 90' lang='lat' dir='ltr'>pro</span> <span class='ocrx_word' id='word_1_553' title='bbox 1653 578 1770 623; x_wconf 88' lang='lat' dir='ltr'>quibus</span> <span class='ocrx_word' id='word_1_554' title='bbox 1782 579 1988 623; x_wconf 87' lang='lat' dir='ltr'>supponunt.</span> 
     </span>
    </p>

    <p class='ocr_par' dir='ltr' id='par_1_10' title="bbox 1262 625 2146 1427">
     <span class='ocr_line' id='line_1_77' title="bbox 1317 625 2144 676; baseline 0.001 -15"><span class='ocrx_word' id='word_1_555' title='bbox 1317 639 1349 676; x_wconf 88' lang='lat'>7.</span> <span class='ocrx_word' id='word_1_556' title='bbox 1379 632 1452 663; x_wconf 72' lang='lat' dir='ltr'>Dico</span> <span class='ocrx_word' id='word_1_557' title='bbox 1474 632 1585 667; x_wconf 66' lang='lat' dir='ltr'>tertio:</span> <span class='ocrx_word' id='word_1_558' title='bbox 1612 628 1798 672; x_wconf 75' lang='lat' dir='ltr'>Suppositio</span> <span class='ocrx_word' id='word_1_559' title='bbox 1820 627 1998 664; x_wconf 86' lang='lat' dir='ltr'>materialis</span> <span class='ocrx_word' id='word_1_560' title='bbox 2010 625 2144 662; x_wconf 75' lang='lat' dir='ltr'>ordina·</span> 
     </span>
     <span class='ocr_line' id='line_1_78' title="bbox 1264 677 2145 722; baseline -0.003 -10"><span class='ocrx_word' id='word_1_561' title='bbox 1264 677 1309 713; x_wconf 66' lang='lat' dir='ltr'>rie</span> <span class='ocrx_word' id='word_1_562' title='bbox 1319 677 1478 714; x_wconf 87' lang='lat' dir='ltr'>dividitur</span> <span class='ocrx_word' id='word_1_563' title='bbox 1492 679 1526 713; x_wconf 88' lang='lat' dir='ltr'>in</span> <span class='ocrx_word' id='word_1_564' title='bbox 1536 679 1789 722; x_wconf 86' lang='lat' dir='ltr'>suppositionem</span> <span class='ocrx_word' id='word_1_565' title='bbox 1801 677 2001 714; x_wconf 81' lang='lat' dir='ltr'>materialem</span> <span class='ocrx_word' id='word_1_566' title='bbox 2016 685 2145 721; x_wconf 79' lang='lat' dir='ltr'>puram,</span> 
     </span>
     <span class='ocr_line' id='line_1_79' title="bbox 1264 727 2146 774; baseline -0.005 -10"><span class='ocrx_word' id='word_1_567' title='bbox 1264 730 1296 764; x_wconf 73' lang='grc' dir='ltr'>δι</span> <span class='ocrx_word' id='word_1_568' title='bbox 1319 730 1578 774; x_wconf 86' lang='lat' dir='ltr'>suppositionem</span> <span class='ocrx_word' id='word_1_569' title='bbox 1599 727 1798 763; x_wconf 82' lang='lat' dir='ltr'>materialem</span> <span class='ocrx_word' id='word_1_570' title='bbox 1817 739 1886 763; x_wconf 89' lang='lat' dir='ltr'>nou</span> <span class='ocrx_word' id='word_1_571' title='bbox 1909 738 2023 773; x_wconf 86' lang='lat' dir='ltr'>puram</span> <span class='ocrx_word' id='word_1_572' title='bbox 2044 751 2057 767; x_wconf 89' lang='lat'>‚</span> <span class='ocrx_word' id='word_1_573' title='bbox 2085 727 2146 761; x_wconf 83' lang='lat' dir='ltr'>seu</span> 
     </span>
     <span class='ocr_line' id='line_1_80' title="bbox 1264 777 2146 824; baseline -0.006 -10"><span class='ocrx_word' id='word_1_574' title='bbox 1264 780 1404 814; x_wconf 85' lang='lat' dir='ltr'>mixtam</span> <span class='ocrx_word' id='word_1_575' title='bbox 1416 805 1423 812; x_wconf 94' lang='lat'><strong><em>.</em></strong></span> <span class='ocrx_word' id='word_1_576' title='bbox 1453 779 1638 824; x_wconf 80' lang='lat' dir='ltr'>Suppositio</span> <span class='ocrx_word' id='word_1_577' title='bbox 1649 777 1825 813; x_wconf 89' lang='lat' dir='ltr'>materialis</span> <span class='ocrx_word' id='word_1_578' title='bbox 1837 789 1916 823; x_wconf 85' lang='lat' dir='ltr'>pura</span> <span class='ocrx_word' id='word_1_579' title='bbox 1925 778 1971 814; x_wconf 85' lang='lat' dir='ltr'>est</span> <span class='ocrx_word' id='word_1_580' title='bbox 1988 777 2044 811; x_wconf 89' lang='lat' dir='ltr'>illa</span> <span class='ocrx_word' id='word_1_581' title='bbox 2055 800 2067 817; x_wconf 90' lang='lat'>,</span> <span class='ocrx_word' id='word_1_582' title='bbox 2077 786 2146 820; x_wconf 71' lang='lat' dir='ltr'>qua</span> 
     </span>
     <span class='ocr_line' id='line_1_81' title="bbox 1265 826 2146 874; baseline -0.002 -11"><span class='ocrx_word' id='word_1_583' title='bbox 1265 841 1330 864; x_wconf 85' lang='lat' dir='ltr'>vox</span> <span class='ocrx_word' id='word_1_584' title='bbox 1341 830 1452 874; x_wconf 88' lang='lat' dir='ltr'>aliqua</span> <span class='ocrx_word' id='word_1_585' title='bbox 1469 829 1629 874; x_wconf 88' lang='lat' dir='ltr'>accipitur</span> <span class='ocrx_word' id='word_1_586' title='bbox 1649 839 1709 873; x_wconf 88' lang='lat' dir='ltr'>pro</span> <span class='ocrx_word' id='word_1_587' title='bbox 1720 828 1842 873; x_wconf 80' lang='lat' dir='ltr'>seipsa,</span> <span class='ocrx_word' id='word_1_588' title='bbox 1870 828 1960 863; x_wconf 87' lang='lat' dir='ltr'>nulla</span> <span class='ocrx_word' id='word_1_589' title='bbox 1970 826 2082 862; x_wconf 77' lang='lat' dir='ltr'>habita</span> <span class='ocrx_word' id='word_1_590' title='bbox 2096 836 2146 860; x_wconf 73' lang='lat' dir='ltr'>ra·</span> 
     </span>
     <span class='ocr_line' id='line_1_82' title="bbox 1264 878 2143 926; baseline -0.005 -12"><span class='ocrx_word' id='word_1_591' title='bbox 1264 881 1356 915; x_wconf 90' lang='lat' dir='ltr'>tione</span> <span class='ocrx_word' id='word_1_592' title='bbox 1368 881 1428 915; x_wconf 81' lang='lat' dir='ltr'>suae</span> <span class='ocrx_word' id='word_1_593' title='bbox 1439 880 1708 926; x_wconf 79' lang='lat' dir='ltr'>significationis:</span> <span class='ocrx_word' id='word_1_594' title='bbox 1735 890 1765 913; x_wconf 87' lang='lat' dir='ltr'>v.</span> <span class='ocrx_word' id='word_1_595' title='bbox 1781 890 1814 924; x_wconf 86' lang='lat' dir='ltr'>g.</span> <span class='ocrx_word' id='word_1_596' title='bbox 1827 889 1903 913; x_wconf 83' lang='lat' dir='ltr'>cum</span> <span class='ocrx_word' id='word_1_597' title='bbox 1916 878 1992 914; x_wconf 84' lang='lat' dir='ltr'>dico</span> <span class='ocrx_word' id='word_1_598' title='bbox 2006 902 2018 919; x_wconf 89' lang='lat'>,</span> <span class='ocrx_word' id='word_1_599' title='bbox 2048 883 2143 912; x_wconf 71' lang='lat' dir='ltr'>Homo</span> 
     </span>
     <span class='ocr_line' id='line_1_83' title="bbox 1262 925 2146 974; baseline -0.003 -10"><span class='ocrx_word' id='word_1_600' title='bbox 1262 930 1301 971; x_wconf 81' lang='lat' dir='ltr'>est</span> <span class='ocrx_word' id='word_1_601' title='bbox 1323 931 1501 974; x_wconf 58' lang='lat' dir='ltr'>distillabunt</span> <span class='ocrx_word' id='word_1_602' title='bbox 1514 954 1526 972; x_wconf 93' lang='lat'>,</span> <span class='ocrx_word' id='word_1_603' title='bbox 1552 930 1634 964; x_wconf 78' lang='lat' dir='ltr'>bomo</span> <span class='ocrx_word' id='word_1_604' title='bbox 1654 929 1692 971; x_wconf 76' lang='lat' dir='ltr'>est</span> <span class='ocrx_word' id='word_1_605' title='bbox 1716 940 1798 970; x_wconf 75' lang='lat' dir='ltr'>vox,</span> <span class='ocrx_word' id='word_1_606' title='bbox 1824 928 1862 970; x_wconf 81' lang='lat' dir='ltr'>est</span> <span class='ocrx_word' id='word_1_607' title='bbox 1870 926 1964 973; x_wconf 84' lang='lat' dir='ltr'>sonus</span> <span class='ocrx_word' id='word_1_608' title='bbox 1981 950 1992 968; x_wconf 91' lang='lat'>‚</span> <span class='ocrx_word' id='word_1_609' title='bbox 2018 929 2074 962; x_wconf 64' lang='lat' dir='ltr'>(vc.</span> <span class='ocrx_word' id='word_1_610' title='bbox 2090 925 2146 961; x_wconf 83' lang='lat' dir='ltr'>lbi</span> 
     </span>
     <span class='ocr_line' id='line_1_84' title="bbox 1265 976 2141 1025; baseline -0.005 -10"><span class='ocrx_word' id='word_1_611' title='bbox 1265 992 1330 1016; x_wconf 80' lang='lat' dir='ltr'>vox</span> <span class='ocrx_word' id='word_1_612' title='bbox 1341 981 1424 1015; x_wconf 84' lang='lat' dir='ltr'>bomo</span> <span class='ocrx_word' id='word_1_613' title='bbox 1437 981 1629 1025; x_wconf 89' lang='lat' dir='ltr'>supponitur</span> <span class='ocrx_word' id='word_1_614' title='bbox 1641 980 1850 1015; x_wconf 86' lang='lat' dir='ltr'>materialiter</span> <span class='ocrx_word' id='word_1_615' title='bbox 1863 979 1961 1023; x_wconf 73' lang='lat' dir='ltr'>pure:</span> <span class='ocrx_word' id='word_1_616' title='bbox 1988 976 2141 1021; x_wconf 87' lang='lat' dir='ltr'>supponi-</span> 
     </span>
     <span class='ocr_line' id='line_1_85' title="bbox 1264 1029 2140 1076; baseline -0.006 -11"><span class='ocrx_word' id='word_1_617' title='bbox 1264 1042 1316 1066; x_wconf 90' lang='lat' dir='ltr'>tur</span> <span class='ocrx_word' id='word_1_618' title='bbox 1326 1032 1419 1067; x_wconf 87' lang='lat' dir='ltr'>enim</span> <span class='ocrx_word' id='word_1_619' title='bbox 1431 1042 1489 1076; x_wconf 88' lang='lat' dir='ltr'>pro</span> <span class='ocrx_word' id='word_1_620' title='bbox 1501 1032 1600 1075; x_wconf 88' lang='lat' dir='ltr'>seipsa</span> <span class='ocrx_word' id='word_1_621' title='bbox 1614 1054 1626 1071; x_wconf 94' lang='lat'>,</span> <span class='ocrx_word' id='word_1_622' title='bbox 1649 1029 1695 1065; x_wconf 89' lang='lat' dir='ltr'>ita</span> <span class='ocrx_word' id='word_1_623' title='bbox 1705 1040 1744 1067; x_wconf 81' lang='lat' dir='ltr'>ut</span> <span class='ocrx_word' id='word_1_624' title='bbox 1758 1029 1848 1064; x_wconf 85' lang='lat' dir='ltr'>nulla</span> <span class='ocrx_word' id='word_1_625' title='bbox 1861 1029 2017 1064; x_wconf 78' lang='lat' dir='ltr'>habeatur</span> <span class='ocrx_word' id='word_1_626' title='bbox 2028 1029 2114 1062; x_wconf 91' lang='lat' dir='ltr'>tatio</span> <span class='ocrx_word' id='word_1_627' title='bbox 2124 1048 2140 1067; x_wconf 81' lang='lat'>,</span> 
     </span>
     <span class='ocr_line' id='line_1_86' title="bbox 1264 1077 2140 1126; baseline -0.005 -11"><span class='ocrx_word' id='word_1_628' title='bbox 1264 1082 1436 1126; x_wconf 88' lang='lat' dir='ltr'>nullusque</span> <span class='ocrx_word' id='word_1_629' title='bbox 1459 1082 1617 1126; x_wconf 67' lang='lat' dir='ltr'>respectus</span> <span class='ocrx_word' id='word_1_630' title='bbox 1638 1079 1888 1125; x_wconf 81' lang='lat' dir='ltr'>significationis</span> <span class='ocrx_word' id='word_1_631' title='bbox 1907 1091 1916 1111; x_wconf 76' lang='grc' dir='ltr'><strong><em>ε</em></strong></span> <span class='ocrx_word' id='word_1_632' title='bbox 1954 1079 2019 1112; x_wconf 81' lang='lat' dir='ltr'>five</span> <span class='ocrx_word' id='word_1_633' title='bbox 2044 1077 2140 1111; x_wconf 83' lang='lat' dir='ltr'>enim</span> 
     </span>
     <span class='ocr_line' id='line_1_87' title="bbox 1265 1127 2142 1176; baseline -0.005 -12"><span class='ocrx_word' id='word_1_634' title='bbox 1265 1131 1324 1172; x_wconf 87' lang='lat' dir='ltr'>sit,</span> <span class='ocrx_word' id='word_1_635' title='bbox 1354 1132 1420 1167; x_wconf 84' lang='lat' dir='ltr'>sive</span> <span class='ocrx_word' id='word_1_636' title='bbox 1444 1142 1512 1167; x_wconf 90' lang='lat' dir='ltr'>non</span> <span class='ocrx_word' id='word_1_637' title='bbox 1534 1132 1571 1166; x_wconf 85' lang='lat' dir='ltr'>fit</span> <span class='ocrx_word' id='word_1_638' title='bbox 1598 1130 1814 1176; x_wconf 81' lang='lat' dir='ltr'>significativa</span> <span class='ocrx_word' id='word_1_639' title='bbox 1836 1154 1849 1170; x_wconf 84' lang='lat'>‚</span> <span class='ocrx_word' id='word_1_640' title='bbox 1872 1129 1918 1164; x_wconf 81' lang='lat' dir='ltr'>est</span> <span class='ocrx_word' id='word_1_641' title='bbox 1939 1127 2142 1171; x_wconf 75' lang='lat' dir='ltr'>dissyllaba,</span> 
     </span>
     <span class='ocr_line' id='line_1_88' title="bbox 1263 1175 2143 1225; baseline -0.005 -11"><span class='ocrx_word' id='word_1_642' title='bbox 1263 1180 1309 1215; x_wconf 83' lang='lat' dir='ltr'>est</span> <span class='ocrx_word' id='word_1_643' title='bbox 1330 1191 1397 1216; x_wconf 86' lang='lat' dir='ltr'>vox</span> <span class='ocrx_word' id='word_1_644' title='bbox 1410 1205 1421 1223; x_wconf 85' lang='lat'>,</span> <span class='ocrx_word' id='word_1_645' title='bbox 1447 1182 1493 1216; x_wconf 86' lang='lat' dir='ltr'>est</span> <span class='ocrx_word' id='word_1_646' title='bbox 1518 1182 1616 1216; x_wconf 88' lang='lat' dir='ltr'>sonus</span> <span class='ocrx_word' id='word_1_647' title='bbox 1631 1205 1643 1222; x_wconf 91' lang='lat'>,</span> <span class='ocrx_word' id='word_1_648' title='bbox 1668 1182 1731 1215; x_wconf 77' lang='grc' dir='ltr'>διε.</span> <span class='ocrx_word' id='word_1_649' title='bbox 1753 1178 1940 1225; x_wconf 83' lang='lat' dir='ltr'>Suppositio</span> <span class='ocrx_word' id='word_1_650' title='bbox 1962 1175 2143 1212; x_wconf 72' lang='lat' dir='ltr'>materialis</span> 
     </span>
     <span class='ocr_line' id='line_1_89' title="bbox 1266 1223 2142 1275; baseline -0.002 -11"><span class='ocrx_word' id='word_1_651' title='bbox 1266 1242 1332 1266; x_wconf 88' lang='lat' dir='ltr'>nou</span> <span class='ocrx_word' id='word_1_652' title='bbox 1356 1242 1434 1275; x_wconf 88' lang='lat' dir='ltr'>pura</span> <span class='ocrx_word' id='word_1_653' title='bbox 1448 1256 1459 1273; x_wconf 91' lang='lat'>,</span> <span class='ocrx_word' id='word_1_654' title='bbox 1485 1232 1539 1265; x_wconf 88' lang='lat' dir='ltr'>seu</span> <span class='ocrx_word' id='word_1_655' title='bbox 1560 1231 1662 1266; x_wconf 84' lang='lat' dir='ltr'>mixta</span> <span class='ocrx_word' id='word_1_656' title='bbox 1675 1232 1721 1265; x_wconf 89' lang='lat' dir='ltr'>est</span> <span class='ocrx_word' id='word_1_657' title='bbox 1734 1230 1812 1270; x_wconf 92' lang='lat' dir='ltr'>illa,</span> <span class='ocrx_word' id='word_1_658' title='bbox 1837 1229 1892 1264; x_wconf 88' lang='lat' dir='ltr'>cui</span> <span class='ocrx_word' id='word_1_659' title='bbox 1921 1226 2080 1263; x_wconf 84' lang='lat' dir='ltr'>nonnihil</span> <span class='ocrx_word' id='word_1_660' title='bbox 2097 1223 2142 1262; x_wconf 76' lang='lat' dir='ltr'>de</span> 
     </span>
     <span class='ocr_line' id='line_1_90' title="bbox 1265 1278 2141 1326; baseline -0.007 -10"><span class='ocrx_word' id='word_1_661' title='bbox 1265 1282 1488 1326; x_wconf 86' lang='lat' dir='ltr'>suppositione</span> <span class='ocrx_word' id='word_1_662' title='bbox 1499 1281 1630 1316; x_wconf 87' lang='lat' dir='ltr'>formali</span> <span class='ocrx_word' id='word_1_663' title='bbox 1643 1281 1840 1316; x_wconf 80' lang='lat' dir='ltr'>admiscetur</span> <span class='ocrx_word' id='word_1_664' title='bbox 1849 1305 1857 1313; x_wconf 93' lang='lat'><strong><em>.</em></strong></span> <span class='ocrx_word' id='word_1_665' title='bbox 1887 1278 1943 1313; x_wconf 79' lang='lat' dir='ltr'>Est</span> <span class='ocrx_word' id='word_1_666' title='bbox 1954 1300 1966 1318; x_wconf 92' lang='lat'>,</span> <span class='ocrx_word' id='word_1_667' title='bbox 1977 1278 2114 1321; x_wconf 86' lang='lat' dir='ltr'>inquam</span> <span class='ocrx_word' id='word_1_668' title='bbox 2125 1300 2141 1318; x_wconf 84' lang='lat'><em>‚</em></span> 
     </span>
     <span class='ocr_line' id='line_1_91' title="bbox 1264 1327 2143 1376; baseline -0.005 -11"><span class='ocrx_word' id='word_1_669' title='bbox 1264 1331 1321 1365; x_wconf 84' lang='lat' dir='ltr'>illa</span> <span class='ocrx_word' id='word_1_670' title='bbox 1334 1355 1345 1372; x_wconf 94' lang='lat'>,</span> <span class='ocrx_word' id='word_1_671' title='bbox 1373 1343 1437 1376; x_wconf 87' lang='lat' dir='ltr'>qua</span> <span class='ocrx_word' id='word_1_672' title='bbox 1454 1343 1522 1367; x_wconf 85' lang='lat' dir='ltr'>vox</span> <span class='ocrx_word' id='word_1_673' title='bbox 1543 1331 1735 1376; x_wconf 87' lang='lat' dir='ltr'>supponitur</span> <span class='ocrx_word' id='word_1_674' title='bbox 1747 1343 1806 1375; x_wconf 90' lang='lat' dir='ltr'>pro</span> <span class='ocrx_word' id='word_1_675' title='bbox 1818 1330 1940 1374; x_wconf 85' lang='lat' dir='ltr'>seipsa,</span> <span class='ocrx_word' id='word_1_676' title='bbox 1969 1327 2082 1363; x_wconf 80' lang='lat' dir='ltr'>habita</span> <span class='ocrx_word' id='word_1_677' title='bbox 2092 1335 2143 1361; x_wconf 76' lang='lat' dir='ltr'>ta·</span> 
     </span>
     <span class='ocr_line' id='line_1_92' title="bbox 1263 1373 2144 1427; baseline -0.008 -11"><span class='ocrx_word' id='word_1_678' title='bbox 1263 1392 1340 1416; x_wconf 87' lang='lat' dir='ltr'>rnen</span> <span class='ocrx_word' id='word_1_679' title='bbox 1362 1383 1470 1427; x_wconf 85' lang='lat' dir='ltr'>aliqua</span> <span class='ocrx_word' id='word_1_680' title='bbox 1494 1381 1641 1424; x_wconf 84' lang='lat' dir='ltr'>ratione,</span> <span class='ocrx_word' id='word_1_681' title='bbox 1666 1381 1845 1425; x_wconf 86' lang='lat' dir='ltr'>aliquoque</span> <span class='ocrx_word' id='word_1_682' title='bbox 1867 1379 2010 1423; x_wconf 65' lang='lat' dir='ltr'>respectu</span> <span class='ocrx_word' id='word_1_683' title='bbox 2033 1373 2144 1410; x_wconf 66' lang='lat' dir='ltr'>mafi-</span> 
     </span>
    </p>
   </div>
   <div class='ocr_carea' id='block_1_7' title="bbox 1229 1425 2142 1478">
    <p class='ocr_par' dir='ltr' id='par_1_11' title="bbox 1229 1425 2142 1478">
     <span class='ocr_line' id='line_1_93' title="bbox 1229 1425 2142 1478; baseline -0.002 -11"><span class='ocrx_word' id='word_1_684' title='bbox 1229 1464 1231 1467; x_wconf 90' lang='lat'>.</span> <span class='ocrx_word' id='word_1_685' title='bbox 1262 1432 1510 1478; x_wconf 81' lang='lat' dir='ltr'>gnificationis;</span> <span class='ocrx_word' id='word_1_686' title='bbox 1537 1443 1568 1466; x_wconf 87' lang='lat' dir='ltr'>v.</span> <span class='ocrx_word' id='word_1_687' title='bbox 1578 1444 1609 1478; x_wconf 87' lang='lat' dir='ltr'>g.</span> <span class='ocrx_word' id='word_1_688' title='bbox 1634 1442 1711 1467; x_wconf 88' lang='lat' dir='ltr'>cum</span> <span class='ocrx_word' id='word_1_689' title='bbox 1733 1431 1835 1471; x_wconf 84' lang='lat' dir='ltr'>dico,</span> <span class='ocrx_word' id='word_1_690' title='bbox 1861 1425 2002 1467; x_wconf 71' lang='lat' dir='ltr'>Romaest</span> <span class='ocrx_word' id='word_1_691' title='bbox 2013 1435 2142 1465; x_wconf 67' lang='lat' dir='ltr'>nmm-</span> 
     </span>
    </p>
   </div>
   <div class='ocr_carea' id='block_1_8' title="bbox 1262 1476 2145 1726">
    <p class='ocr_par' dir='ltr' id='par_1_12' title="bbox 1262 1476 2145 1726">
     <span class='ocr_line' id='line_1_94' title="bbox 1262 1476 2143 1525; baseline -0.009 -9"><span class='ocrx_word' id='word_1_692' title='bbox 1262 1481 1300 1522; x_wconf 76' lang='lat' dir='ltr'>est</span> <span class='ocrx_word' id='word_1_693' title='bbox 1326 1494 1388 1517; x_wconf 77' lang='lat' dir='ltr'>vox</span> <span class='ocrx_word' id='word_1_694' title='bbox 1411 1491 1566 1522; x_wconf 82' lang='lat' dir='ltr'>concreta,</span> <span class='ocrx_word' id='word_1_695' title='bbox 1588 1481 1627 1522; x_wconf 78' lang='lat' dir='ltr'>est</span> <span class='ocrx_word' id='word_1_696' title='bbox 1652 1493 1713 1516; x_wconf 78' lang='lat' dir='ltr'>vox</span> <span class='ocrx_word' id='word_1_697' title='bbox 1732 1486 1842 1525; x_wconf 74' lang='lat' dir='ltr'>primae</span> <span class='ocrx_word' id='word_1_698' title='bbox 1851 1482 2032 1513; x_wconf 67' lang='lat' dir='ltr'>intentum:</span> <span class='ocrx_word' id='word_1_699' title='bbox 2044 1499 2056 1516; x_wconf 88' lang='lat'>‚</span> <span class='ocrx_word' id='word_1_700' title='bbox 2079 1476 2143 1510; x_wconf 66' lang='lat' dir='ltr'>&amp;c-</span> 
     </span>
     <span class='ocr_line' id='line_1_95' title="bbox 1263 1524 2143 1576; baseline -0.01 -10"><span class='ocrx_word' id='word_1_701' title='bbox 1263 1531 1312 1567; x_wconf 86' lang='lat' dir='ltr'>lbi</span> <span class='ocrx_word' id='word_1_702' title='bbox 1339 1543 1407 1566; x_wconf 82' lang='lat' dir='ltr'>vox</span> <span class='ocrx_word' id='word_1_703' title='bbox 1429 1531 1513 1566; x_wconf 84' lang='lat' dir='ltr'>bomo</span> <span class='ocrx_word' id='word_1_704' title='bbox 1532 1532 1724 1576; x_wconf 85' lang='lat' dir='ltr'>supponitur</span> <span class='ocrx_word' id='word_1_705' title='bbox 1735 1529 1946 1566; x_wconf 85' lang='lat' dir='ltr'>materialiter</span> <span class='ocrx_word' id='word_1_706' title='bbox 1958 1537 2025 1561; x_wconf 89' lang='lat' dir='ltr'>non</span> <span class='ocrx_word' id='word_1_707' title='bbox 2040 1524 2143 1569; x_wconf 70' lang='lat' dir='ltr'>pure:</span> 
     </span>
     <span class='ocr_line' id='line_1_96' title="bbox 1263 1575 2145 1627; baseline -0.01 -11"><span class='ocrx_word' id='word_1_708' title='bbox 1263 1582 1340 1627; x_wconf 86' lang='lat' dir='ltr'>quia</span> <span class='ocrx_word' id='word_1_709' title='bbox 1353 1582 1398 1617; x_wconf 89' lang='lat' dir='ltr'>ita</span> <span class='ocrx_word' id='word_1_710' title='bbox 1409 1593 1468 1626; x_wconf 90' lang='lat' dir='ltr'>pro</span> <span class='ocrx_word' id='word_1_711' title='bbox 1480 1582 1578 1626; x_wconf 87' lang='lat' dir='ltr'>seipsa</span> <span class='ocrx_word' id='word_1_712' title='bbox 1596 1580 1775 1625; x_wconf 83' lang='lat' dir='ltr'>accipitur,</span> <span class='ocrx_word' id='word_1_713' title='bbox 1803 1590 1838 1614; x_wconf 90' lang='lat' dir='ltr'>ut</span> <span class='ocrx_word' id='word_1_714' title='bbox 1862 1589 1971 1614; x_wconf 86' lang='lat' dir='ltr'>tamen</span> <span class='ocrx_word' id='word_1_715' title='bbox 1985 1575 2145 1611; x_wconf 72' lang='lat' dir='ltr'>habeatur</span> 
     </span>
     <span class='ocr_line' id='line_1_97' title="bbox 1263 1625 2144 1676; baseline -0.008 -10"><span class='ocrx_word' id='word_1_716' title='bbox 1263 1632 1381 1676; x_wconf 87' lang='lat' dir='ltr'>aliquis</span> <span class='ocrx_word' id='word_1_717' title='bbox 1392 1633 1550 1675; x_wconf 77' lang='lat' dir='ltr'>tespestus</span> <span class='ocrx_word' id='word_1_718' title='bbox 1561 1631 1827 1676; x_wconf 79' lang='lat' dir='ltr'>significationis:</span> <span class='ocrx_word' id='word_1_719' title='bbox 1854 1640 1931 1663; x_wconf 89' lang='lat' dir='ltr'>uam</span> <span class='ocrx_word' id='word_1_720' title='bbox 1944 1628 1967 1661; x_wconf 85' lang='lat' dir='ltr'>si</span> <span class='ocrx_word' id='word_1_721' title='bbox 1979 1638 2045 1661; x_wconf 83' lang='lat' dir='ltr'>vox</span> <span class='ocrx_word' id='word_1_722' title='bbox 2059 1625 2144 1659; x_wconf 71' lang='lat' dir='ltr'>bomo</span> 
     </span>
     <span class='ocr_line' id='line_1_98' title="bbox 1262 1679 2145 1726; baseline -0.007 -11"><span class='ocrx_word' id='word_1_723' title='bbox 1262 1680 1537 1726; x_wconf 80' lang='lat' dir='ltr'>significationem</span> <span class='ocrx_word' id='word_1_724' title='bbox 1561 1691 1630 1715; x_wconf 86' lang='lat' dir='ltr'>nou</span> <span class='ocrx_word' id='word_1_725' title='bbox 1656 1679 1813 1720; x_wconf 88' lang='lat' dir='ltr'>haberet,</span> <span class='ocrx_word' id='word_1_726' title='bbox 1840 1688 1944 1722; x_wconf 87' lang='lat' dir='ltr'>neque</span> <span class='ocrx_word' id='word_1_727' title='bbox 1967 1685 2145 1718; x_wconf 78' lang='lat' dir='ltr'>concreta,</span> 
     </span>
    </p>
   </div>
   <div class='ocr_carea' id='block_1_9' title="bbox 1227 1726 2143 1776">
    <p class='ocr_par' dir='ltr' id='par_1_13' title="bbox 1227 1726 2143 1776">
     <span class='ocr_line' id='line_1_99' title="bbox 1227 1726 2143 1776; baseline -0.008 -11"><span class='ocrx_word' id='word_1_728' title='bbox 1227 1736 1231 1741; x_wconf 73' lang='grc'><strong>“</strong></span> <span class='ocrx_word' id='word_1_729' title='bbox 1263 1742 1372 1775; x_wconf 86' lang='lat' dir='ltr'>neque</span> <span class='ocrx_word' id='word_1_730' title='bbox 1395 1732 1507 1776; x_wconf 86' lang='lat' dir='ltr'>primae</span> <span class='ocrx_word' id='word_1_731' title='bbox 1529 1731 1747 1772; x_wconf 86' lang='lat' dir='ltr'>intentionis,</span> <span class='ocrx_word' id='word_1_732' title='bbox 1772 1740 1881 1773; x_wconf 90' lang='lat' dir='ltr'>neque</span> <span class='ocrx_word' id='word_1_733' title='bbox 1899 1737 2021 1762; x_wconf 86' lang='lat' dir='ltr'>nomen</span> <span class='ocrx_word' id='word_1_734' title='bbox 2034 1726 2143 1760; x_wconf 74' lang='lat' dir='ltr'>sorec.</span> 
     </span>
    </p>
   </div>
   <div class='ocr_carea' id='block_1_10' title="bbox 1262 1775 2148 2074">
    <p class='ocr_par' dir='ltr' id='par_1_14' title="bbox 1262 1775 2148 2074">
     <span class='ocr_line' id='line_1_100' title="bbox 1262 1775 2143 1825; baseline -0.008 -10"><span class='ocrx_word' id='word_1_735' title='bbox 1262 1780 1411 1816; x_wconf 80' lang='lat' dir='ltr'>Restaret</span> <span class='ocrx_word' id='word_1_736' title='bbox 1429 1780 1485 1815; x_wconf 89' lang='lat' dir='ltr'>hic</span> <span class='ocrx_word' id='word_1_737' title='bbox 1508 1779 1631 1815; x_wconf 85' lang='lat' dir='ltr'>tradere</span> <span class='ocrx_word' id='word_1_738' title='bbox 1655 1781 1782 1825; x_wconf 76' lang='lat' dir='ltr'>regulas</span> <span class='ocrx_word' id='word_1_739' title='bbox 1805 1780 1868 1812; x_wconf 70' lang='lat' dir='ltr'>sm</span> <span class='ocrx_word' id='word_1_740' title='bbox 1879 1787 1976 1812; x_wconf 76' lang='lat' dir='ltr'>notas</span> <span class='ocrx_word' id='word_1_741' title='bbox 1985 1775 2143 1819; x_wconf 83' lang='lat' dir='ltr'>quasdam</span> 
     </span>
     <span class='ocr_line' id='line_1_101' title="bbox 1263 1825 2144 1876; baseline -0.01 -10"><span class='ocrx_word' id='word_1_742' title='bbox 1263 1842 1323 1875; x_wconf 87' lang='lat' dir='ltr'>pro</span> <span class='ocrx_word' id='word_1_743' title='bbox 1343 1830 1570 1876; x_wconf 87' lang='lat' dir='ltr'>dignoscenda</span> <span class='ocrx_word' id='word_1_744' title='bbox 1591 1832 1782 1873; x_wconf 81' lang='lat' dir='ltr'>acceptione</span> <span class='ocrx_word' id='word_1_745' title='bbox 1802 1825 2010 1864; x_wconf 81' lang='lat' dir='ltr'>materiali&amp;</span> <span class='ocrx_word' id='word_1_746' title='bbox 2023 1825 2144 1859; x_wconf 82' lang='lat' dir='ltr'>forma-</span> 
     </span>
     <span class='ocr_line' id='line_1_102' title="bbox 1262 1873 2144 1927; baseline -0.008 -13"><span class='ocrx_word' id='word_1_747' title='bbox 1262 1880 1286 1916; x_wconf 93' lang='lat' dir='ltr'>li</span> <span class='ocrx_word' id='word_1_748' title='bbox 1300 1894 1311 1916; x_wconf 84' lang='lat'>.-</span> <span class='ocrx_word' id='word_1_749' title='bbox 1337 1881 1391 1916; x_wconf 88' lang='lat' dir='ltr'>sed</span> <span class='ocrx_word' id='word_1_750' title='bbox 1412 1879 1501 1915; x_wconf 88' lang='lat' dir='ltr'>hisce</span> <span class='ocrx_word' id='word_1_751' title='bbox 1513 1881 1611 1926; x_wconf 79' lang='lat' dir='ltr'>nugis</span> <span class='ocrx_word' id='word_1_752' title='bbox 1632 1890 1695 1927; x_wconf 84' lang='lat' dir='ltr'>ego</span> <span class='ocrx_word' id='word_1_753' title='bbox 1704 1880 1867 1914; x_wconf 80' lang='lat' dir='ltr'>calamum</span> <span class='ocrx_word' id='word_1_754' title='bbox 1882 1873 2144 1920; x_wconf 68' lang='lat' dir='ltr'>nonimpendog</span> 
     </span>
     <span class='ocr_line' id='line_1_103' title="bbox 1263 1925 2146 1972; baseline -0.007 -10"><span class='ocrx_word' id='word_1_755' title='bbox 1263 1940 1312 1963; x_wconf 88' lang='lat' dir='ltr'>res</span> <span class='ocrx_word' id='word_1_756' title='bbox 1333 1929 1423 1962; x_wconf 84' lang='lat' dir='ltr'>euim</span> <span class='ocrx_word' id='word_1_757' title='bbox 1446 1931 1554 1963; x_wconf 83' lang='lat' dir='ltr'>facilis</span> <span class='ocrx_word' id='word_1_758' title='bbox 1574 1929 1622 1964; x_wconf 86' lang='lat' dir='ltr'>est</span> <span class='ocrx_word' id='word_1_759' title='bbox 1646 1954 1658 1971; x_wconf 92' lang='lat'>,</span> <span class='ocrx_word' id='word_1_760' title='bbox 1682 1931 1718 1964; x_wconf 68' lang='lat' dir='ltr'>ec</span> <span class='ocrx_word' id='word_1_761' title='bbox 1741 1930 1847 1972; x_wconf 82' lang='lat' dir='ltr'>magis</span> <span class='ocrx_word' id='word_1_762' title='bbox 1869 1925 2066 1961; x_wconf 86' lang='lat' dir='ltr'>addiscenda</span> <span class='ocrx_word' id='word_1_763' title='bbox 2088 1933 2146 1966; x_wconf 83' lang='lat' dir='ltr'>pet</span> 
     </span>
     <span class='ocr_line' id='line_1_104' title="bbox 1263 1975 2148 2019; baseline -0.005 -7"><span class='ocrx_word' id='word_1_764' title='bbox 1263 1979 1358 2013; x_wconf 87' lang='lat' dir='ltr'>usum</span> <span class='ocrx_word' id='word_1_765' title='bbox 1382 1979 1417 2013; x_wconf 90' lang='lat'>&amp;</span> <span class='ocrx_word' id='word_1_766' title='bbox 1439 1975 1670 2013; x_wconf 82' lang='lat' dir='ltr'>scholasticum</span> <span class='ocrx_word' id='word_1_767' title='bbox 1704 1978 1896 2012; x_wconf 80' lang='lat' dir='ltr'>exercitium</span> <span class='ocrx_word' id='word_1_768' title='bbox 1923 1999 1936 2017; x_wconf 94' lang='lat'>,</span> <span class='ocrx_word' id='word_1_769' title='bbox 1970 1984 2070 2019; x_wconf 82' lang='lat' dir='ltr'>quam</span> <span class='ocrx_word' id='word_1_770' title='bbox 2091 1981 2148 2017; x_wconf 79' lang='lat' dir='ltr'>pet</span> 
     </span>
     <span class='ocr_line' id='line_1_105' title="bbox 1265 2029 1835 2074; baseline -0.004 -11"><span class='ocrx_word' id='word_1_771' title='bbox 1265 2039 1426 2074; x_wconf 86' lang='lat' dir='ltr'>magnum</span> <span class='ocrx_word' id='word_1_772' title='bbox 1438 2029 1627 2074; x_wconf 82' lang='lat' dir='ltr'>regularum</span> <span class='ocrx_word' id='word_1_773' title='bbox 1641 2036 1816 2063; x_wconf 81' lang='lat' dir='ltr'>numerum</span> <span class='ocrx_word' id='word_1_774' title='bbox 1827 2052 1835 2061; x_wconf 92' lang='lat'><strong>.</strong></span> 
     </span>
    </p>
   </div>
   <div class='ocr_carea' id='block_1_11' title="bbox 1390 2122 2006 2265">
    <p class='ocr_par' dir='ltr' id='par_1_15' title="bbox 1390 2122 2006 2265">
     <span class='ocr_line' id='line_1_106' title="bbox 1487 2122 1920 2159; baseline -0.007 0"><span class='ocrx_word' id='word_1_775' title='bbox 1487 2125 1524 2159; x_wconf 88' lang='lat' dir='ltr'>D</span> <span class='ocrx_word' id='word_1_776' title='bbox 1550 2123 1591 2159; x_wconf 91' lang='lat' dir='ltr'>U</span> <span class='ocrx_word' id='word_1_777' title='bbox 1612 2122 1641 2156; x_wconf 90' lang='lat' dir='ltr'>B</span> <span class='ocrx_word' id='word_1_778' title='bbox 1663 2124 1680 2157; x_wconf 83' lang='lat'>1</span> <span class='ocrx_word' id='word_1_779' title='bbox 1710 2123 1751 2158; x_wconf 89' lang='lat' dir='ltr'>U</span> <span class='ocrx_word' id='word_1_780' title='bbox 1777 2124 1818 2157; x_wconf 91' lang='lat' dir='ltr'>M</span> <span class='ocrx_word' id='word_1_781' title='bbox 1869 2122 1920 2157; x_wconf 87' lang='lat'>11.</span> 
     </span>
     <span class='ocr_line' id='line_1_107' title="bbox 1390 2220 2006 2265; baseline -0.002 -10"><span class='ocrx_word' id='word_1_782' title='bbox 1390 2225 1435 2258; x_wconf 85' lang='lat' dir='ltr'>De</span> <span class='ocrx_word' id='word_1_783' title='bbox 1454 2220 1598 2264; x_wconf 72' lang='lat' dir='ltr'>divifione</span> <span class='ocrx_word' id='word_1_784' title='bbox 1616 2220 1820 2265; x_wconf 73' lang='lat' dir='ltr'>suppofitionis</span> <span class='ocrx_word' id='word_1_785' title='bbox 1835 2222 1984 2262; x_wconf 70' lang='lat' dir='ltr'>formalis</span> <span class='ocrx_word' id='word_1_786' title='bbox 1997 2245 2006 2253; x_wconf 90' lang='lat'><em>.</em></span> 
     </span>
    </p>
   </div>
   <div class='ocr_carea' id='block_1_12' title="bbox 1262 2318 2151 3470">
    <p class='ocr_par' dir='ltr' id='par_1_16' title="bbox 1264 2318 2148 2364">
     <span class='ocr_line' id='line_1_108' title="bbox 1264 2318 2148 2364; baseline 0.001 -10"><span class='ocrx_word' id='word_1_787' title='bbox 1264 2318 1296 2359; x_wconf 91' lang='lat'>8.</span> <span class='ocrx_word' id='word_1_788' title='bbox 1437 2319 1558 2364; x_wconf 56' lang='lat' dir='ltr'>lisa&amp;</span> <span class='ocrx_word' id='word_1_789' title='bbox 1579 2321 1768 2363; x_wconf 67' lang='lat' dir='ltr'>dicoprima:</span> <span class='ocrx_word' id='word_1_790' title='bbox 1796 2319 1987 2364; x_wconf 86' lang='lat' dir='ltr'>Suppositio</span> <span class='ocrx_word' id='word_1_791' title='bbox 1998 2318 2148 2355; x_wconf 81' lang='lat' dir='ltr'>formalia</span> 
     </span>
    </p>

    <p class='ocr_par' dir='ltr' id='par_1_17' title="bbox 1262 2369 2151 3470">
     <span class='ocr_line' id='line_1_109' title="bbox 1450 2369 2149 2414; baseline -0.001 -8"><span class='ocrx_word' id='word_1_792' title='bbox 1450 2371 1531 2406; x_wconf 68' lang='lat' dir='ltr'>reae</span> <span class='ocrx_word' id='word_1_793' title='bbox 1542 2369 1700 2406; x_wconf 85' lang='lat' dir='ltr'>dividitur</span> <span class='ocrx_word' id='word_1_794' title='bbox 1710 2372 1744 2404; x_wconf 90' lang='lat' dir='ltr'>in</span> <span class='ocrx_word' id='word_1_795' title='bbox 1757 2371 2012 2414; x_wconf 87' lang='lat' dir='ltr'>suppositionem</span> <span class='ocrx_word' id='word_1_796' title='bbox 2032 2370 2149 2414; x_wconf 87' lang='lat' dir='ltr'>simpli-</span> 
     </span>
     <span class='ocr_line' id='line_1_110' title="bbox 1262 2421 2146 2466; baseline -0.001 -10"><span class='ocrx_word' id='word_1_797' title='bbox 1262 2433 1333 2456; x_wconf 89' lang='lat' dir='ltr'>cem</span> <span class='ocrx_word' id='word_1_798' title='bbox 1343 2422 1398 2462; x_wconf 77' lang='grc' dir='ltr'>,δε</span> <span class='ocrx_word' id='word_1_799' title='bbox 1411 2423 1612 2466; x_wconf 79' lang='lat' dir='ltr'>personalem</span> <span class='ocrx_word' id='word_1_800' title='bbox 1621 2445 1628 2453; x_wconf 97' lang='lat'>.</span> <span class='ocrx_word' id='word_1_801' title='bbox 1656 2421 1845 2464; x_wconf 86' lang='lat' dir='ltr'>Suppositio</span> <span class='ocrx_word' id='word_1_802' title='bbox 1858 2421 1992 2464; x_wconf 83' lang='lat' dir='ltr'>simplex</span> <span class='ocrx_word' id='word_1_803' title='bbox 2000 2421 2048 2455; x_wconf 84' lang='lat' dir='ltr'>est</span> <span class='ocrx_word' id='word_1_804' title='bbox 2063 2421 2120 2455; x_wconf 89' lang='lat' dir='ltr'>illa</span> <span class='ocrx_word' id='word_1_805' title='bbox 2131 2443 2146 2461; x_wconf 85' lang='lat'>,</span> 
     </span>
     <span class='ocr_line' id='line_1_111' title="bbox 1262 2470 2148 2517; baseline -0.001 -11"><span class='ocrx_word' id='word_1_806' title='bbox 1262 2483 1326 2517; x_wconf 86' lang='lat' dir='ltr'>qua</span> <span class='ocrx_word' id='word_1_807' title='bbox 1346 2483 1412 2506; x_wconf 84' lang='lat' dir='ltr'>vox</span> <span class='ocrx_word' id='word_1_808' title='bbox 1427 2472 1539 2516; x_wconf 89' lang='lat' dir='ltr'>aliqua</span> <span class='ocrx_word' id='word_1_809' title='bbox 1556 2472 1716 2514; x_wconf 82' lang='lat' dir='ltr'>accipitur</span> <span class='ocrx_word' id='word_1_810' title='bbox 1730 2482 1789 2514; x_wconf 86' lang='lat' dir='ltr'>pro</span> <span class='ocrx_word' id='word_1_811' title='bbox 1811 2470 1881 2504; x_wconf 90' lang='lat' dir='ltr'>solo</span> <span class='ocrx_word' id='word_1_812' title='bbox 1893 2471 1952 2504; x_wconf 90' lang='lat' dir='ltr'>suo</span> <span class='ocrx_word' id='word_1_813' title='bbox 1963 2471 2148 2515; x_wconf 82' lang='lat' dir='ltr'>fignificato</span> 
     </span>
     <span class='ocr_line' id='line_1_112' title="bbox 1263 2520 2147 2567; baseline -0.002 -11"><span class='ocrx_word' id='word_1_814' title='bbox 1263 2522 1418 2567; x_wconf 88' lang='lat' dir='ltr'>primario</span> <span class='ocrx_word' id='word_1_815' title='bbox 1431 2535 1446 2565; x_wconf 86' lang='lat'>,·</span> <span class='ocrx_word' id='word_1_816' title='bbox 1473 2522 1651 2566; x_wconf 86' lang='lat' dir='ltr'>suppositio</span> <span class='ocrx_word' id='word_1_817' title='bbox 1662 2521 1741 2554; x_wconf 78' lang='lat' dir='ltr'>veto</span> <span class='ocrx_word' id='word_1_818' title='bbox 1753 2521 1933 2563; x_wconf 83' lang='lat' dir='ltr'>personalis</span> <span class='ocrx_word' id='word_1_819' title='bbox 1941 2521 1987 2554; x_wconf 86' lang='lat' dir='ltr'>est</span> <span class='ocrx_word' id='word_1_820' title='bbox 1998 2520 2147 2564; x_wconf 83' lang='lat' dir='ltr'>supposi-</span> 
     </span>
     <span class='ocr_line' id='line_1_113' title="bbox 1263 2569 2148 2615; baseline -0.003 -8"><span class='ocrx_word' id='word_1_821' title='bbox 1263 2572 1313 2608; x_wconf 89' lang='lat' dir='ltr'>tio</span> <span class='ocrx_word' id='word_1_822' title='bbox 1336 2571 1427 2606; x_wconf 84' lang='lat' dir='ltr'>vocis</span> <span class='ocrx_word' id='word_1_823' title='bbox 1450 2583 1509 2614; x_wconf 91' lang='lat' dir='ltr'>pro</span> <span class='ocrx_word' id='word_1_824' title='bbox 1530 2572 1596 2604; x_wconf 84' lang='lat' dir='ltr'>suis</span> <span class='ocrx_word' id='word_1_825' title='bbox 1618 2569 1807 2615; x_wconf 84' lang='lat' dir='ltr'>significatis</span> <span class='ocrx_word' id='word_1_826' title='bbox 1818 2570 2033 2604; x_wconf 85' lang='lat' dir='ltr'>secundariis.</span> <span class='ocrx_word' id='word_1_827' title='bbox 2062 2570 2148 2604; x_wconf 79' lang='lat' dir='ltr'>Non</span> 
     </span>
     <span class='ocr_line' id='line_1_114' title="bbox 1263 2620 2150 2667; baseline -0.003 -11"><span class='ocrx_word' id='word_1_828' title='bbox 1263 2620 1339 2657; x_wconf 89' lang='lat' dir='ltr'>dico</span> <span class='ocrx_word' id='word_1_829' title='bbox 1350 2633 1408 2667; x_wconf 88' lang='lat' dir='ltr'>pro</span> <span class='ocrx_word' id='word_1_830' title='bbox 1421 2620 1618 2655; x_wconf 86' lang='lat' dir='ltr'>secundariis</span> <span class='ocrx_word' id='word_1_831' title='bbox 1643 2629 1773 2654; x_wconf 88' lang='lat' dir='ltr'>tantum</span> <span class='ocrx_word' id='word_1_832' title='bbox 1785 2643 1798 2660; x_wconf 86' lang='lat'>,</span> <span class='ocrx_word' id='word_1_833' title='bbox 1823 2620 1906 2653; x_wconf 89' lang='lat' dir='ltr'>ficut</span> <span class='ocrx_word' id='word_1_834' title='bbox 1918 2620 1992 2654; x_wconf 82' lang='lat' dir='ltr'>dixi</span> <span class='ocrx_word' id='word_1_835' title='bbox 2005 2630 2062 2663; x_wconf 90' lang='lat' dir='ltr'>pro</span> <span class='ocrx_word' id='word_1_836' title='bbox 2077 2621 2150 2663; x_wconf 91' lang='lat' dir='ltr'>pri-</span> 
     </span>
     <span class='ocr_line' id='line_1_115' title="bbox 1263 2667 2147 2714; baseline -0.003 -8"><span class='ocrx_word' id='word_1_837' title='bbox 1263 2673 1367 2706; x_wconf 87' lang='lat' dir='ltr'>mario</span> <span class='ocrx_word' id='word_1_838' title='bbox 1388 2681 1517 2707; x_wconf 86' lang='lat' dir='ltr'>tantum</span> <span class='ocrx_word' id='word_1_839' title='bbox 1544 2683 1554 2714; x_wconf 90' lang='lat'>;</span> <span class='ocrx_word' id='word_1_840' title='bbox 1591 2669 1644 2704; x_wconf 88' lang='lat' dir='ltr'>sed</span> <span class='ocrx_word' id='word_1_841' title='bbox 1670 2680 1729 2712; x_wconf 88' lang='lat' dir='ltr'>pto</span> <span class='ocrx_word' id='word_1_842' title='bbox 1756 2667 1954 2704; x_wconf 87' lang='lat' dir='ltr'>secundariis</span> <span class='ocrx_word' id='word_1_843' title='bbox 1975 2668 2147 2706; x_wconf 69' lang='lat' dir='ltr'>absolute:</span> 
     </span>
     <span class='ocr_line' id='line_1_116' title="bbox 1263 2718 2149 2764; baseline -0.003 -8"><span class='ocrx_word' id='word_1_844' title='bbox 1263 2723 1327 2756; x_wconf 83' lang='lat' dir='ltr'>sive</span> <span class='ocrx_word' id='word_1_845' title='bbox 1343 2721 1432 2756; x_wconf 90' lang='lat' dir='ltr'>enim</span> <span class='ocrx_word' id='word_1_846' title='bbox 1442 2731 1508 2754; x_wconf 84' lang='lat' dir='ltr'>vox</span> <span class='ocrx_word' id='word_1_847' title='bbox 1525 2720 1704 2763; x_wconf 87' lang='lat' dir='ltr'>accipiatur</span> <span class='ocrx_word' id='word_1_848' title='bbox 1726 2730 1783 2762; x_wconf 91' lang='lat' dir='ltr'>pro</span> <span class='ocrx_word' id='word_1_849' title='bbox 1795 2718 1984 2764; x_wconf 81' lang='lat' dir='ltr'>significatis</span> <span class='ocrx_word' id='word_1_850' title='bbox 1996 2719 2149 2753; x_wconf 85' lang='lat' dir='ltr'>secunda-</span> 
     </span>
     <span class='ocr_line' id='line_1_117' title="bbox 1262 2769 2150 2814; baseline -0.002 -8"><span class='ocrx_word' id='word_1_851' title='bbox 1262 2772 1316 2806; x_wconf 87' lang='lat' dir='ltr'>riis</span> <span class='ocrx_word' id='word_1_852' title='bbox 1335 2772 1464 2806; x_wconf 76' lang='lat' dir='ltr'>tantum</span> <span class='ocrx_word' id='word_1_853' title='bbox 1477 2793 1488 2810; x_wconf 86' lang='lat'>,</span> <span class='ocrx_word' id='word_1_854' title='bbox 1514 2770 1578 2805; x_wconf 85' lang='lat' dir='ltr'>five</span> <span class='ocrx_word' id='word_1_855' title='bbox 1599 2782 1658 2814; x_wconf 89' lang='lat' dir='ltr'>pro</span> <span class='ocrx_word' id='word_1_856' title='bbox 1681 2769 1879 2803; x_wconf 86' lang='lat' dir='ltr'>secundariis</span> <span class='ocrx_word' id='word_1_857' title='bbox 1901 2770 2099 2813; x_wconf 83' lang='lat' dir='ltr'>&amp;primario</span> <span class='ocrx_word' id='word_1_858' title='bbox 2110 2770 2150 2804; x_wconf 86' lang='lat' dir='ltr'>si-</span> 
     </span>
     <span class='ocr_line' id='line_1_118' title="bbox 1263 2819 2150 2865; baseline -0.001 -9"><span class='ocrx_word' id='word_1_859' title='bbox 1263 2821 1333 2857; x_wconf 87' lang='lat' dir='ltr'>mul</span> <span class='ocrx_word' id='word_1_860' title='bbox 1357 2846 1368 2862; x_wconf 94' lang='lat'>,</span> <span class='ocrx_word' id='word_1_861' title='bbox 1394 2821 1429 2856; x_wconf 91' lang='lat' dir='ltr'>id</span> <span class='ocrx_word' id='word_1_862' title='bbox 1449 2832 1564 2865; x_wconf 90' lang='lat' dir='ltr'>parum</span> <span class='ocrx_word' id='word_1_863' title='bbox 1589 2820 1687 2855; x_wconf 89' lang='lat' dir='ltr'>refert</span> <span class='ocrx_word' id='word_1_864' title='bbox 1716 2832 1727 2853; x_wconf 93' lang='lat'>.·</span> <span class='ocrx_word' id='word_1_865' title='bbox 1754 2819 1940 2854; x_wconf 77' lang='lat' dir='ltr'>dummodo</span> <span class='ocrx_word' id='word_1_866' title='bbox 1970 2819 2150 2863; x_wconf 79' lang='lat' dir='ltr'>accipiatur</span> 
     </span>
     <span class='ocr_line' id='line_1_119' title="bbox 1264 2869 2148 2918; baseline -0.006 -11"><span class='ocrx_word' id='word_1_867' title='bbox 1264 2883 1323 2918; x_wconf 84' lang='lat' dir='ltr'>pro</span> <span class='ocrx_word' id='word_1_868' title='bbox 1341 2869 1538 2907; x_wconf 83' lang='lat' dir='ltr'>secundariis</span> <span class='ocrx_word' id='word_1_869' title='bbox 1563 2895 1574 2911; x_wconf 91' lang='lat'>,</span> <span class='ocrx_word' id='word_1_870' title='bbox 1607 2869 1764 2912; x_wconf 84' lang='lat' dir='ltr'>accipitur</span> <span class='ocrx_word' id='word_1_871' title='bbox 1790 2869 1999 2912; x_wconf 87' lang='lat' dir='ltr'>personaliter</span> <span class='ocrx_word' id='word_1_872' title='bbox 2021 2882 2031 2909; x_wconf 81' lang='lat'>;</span> <span class='ocrx_word' id='word_1_873' title='bbox 2070 2881 2101 2903; x_wconf 79' lang='grc' dir='ltr'>ν.</span> <span class='ocrx_word' id='word_1_874' title='bbox 2113 2881 2148 2914; x_wconf 85' lang='lat' dir='ltr'>g.</span> 
     </span>
     <span class='ocr_line' id='line_1_120' title="bbox 1264 2918 2146 2964; baseline -0.007 -6"><span class='ocrx_word' id='word_1_875' title='bbox 1264 2934 1341 2958; x_wconf 89' lang='lat' dir='ltr'>cum</span> <span class='ocrx_word' id='word_1_876' title='bbox 1363 2923 1441 2957; x_wconf 89' lang='lat' dir='ltr'>dico</span> <span class='ocrx_word' id='word_1_877' title='bbox 1453 2946 1464 2963; x_wconf 93' lang='lat'>,</span> <span class='ocrx_word' id='word_1_878' title='bbox 1494 2925 1583 2955; x_wconf 81' lang='lat' dir='ltr'>Homo</span> <span class='ocrx_word' id='word_1_879' title='bbox 1612 2919 1649 2962; x_wconf 78' lang='lat' dir='ltr'>est</span> <span class='ocrx_word' id='word_1_880' title='bbox 1671 2918 1781 2963; x_wconf 75' lang='lat' dir='ltr'>species</span> <span class='ocrx_word' id='word_1_881' title='bbox 1793 2944 1804 2960; x_wconf 94' lang='lat'>,</span> <span class='ocrx_word' id='word_1_882' title='bbox 1831 2921 1950 2953; x_wconf 78' lang='lat' dir='ltr'>animal</span> <span class='ocrx_word' id='word_1_883' title='bbox 1968 2918 2006 2959; x_wconf 78' lang='grc' dir='ltr'>εβ</span> <span class='ocrx_word' id='word_1_884' title='bbox 2021 2930 2117 2964; x_wconf 81' lang='lat' dir='ltr'>genus</span> <span class='ocrx_word' id='word_1_885' title='bbox 2133 2941 2146 2959; x_wconf 88' lang='lat'>,</span> 
     </span>
     <span class='ocr_line' id='line_1_121' title="bbox 1267 2968 2148 3014; baseline -0.008 -6"><span class='ocrx_word' id='word_1_886' title='bbox 1267 2977 1379 3008; x_wconf 74' lang='lat' dir='ltr'>Petrus</span> <span class='ocrx_word' id='word_1_887' title='bbox 1404 2972 1676 3014; x_wconf 72' lang='lat' dir='ltr'>estindtvtduum,</span> <span class='ocrx_word' id='word_1_888' title='bbox 1701 2969 1832 3004; x_wconf 56' lang='lat' dir='ltr'>&amp;miste</span> <span class='ocrx_word' id='word_1_889' title='bbox 1845 2982 1940 3004; x_wconf 87' lang='lat' dir='ltr'>voces</span> <span class='ocrx_word' id='word_1_890' title='bbox 1948 2968 2052 3008; x_wconf 83' lang='lat' dir='ltr'>bomo,</span> <span class='ocrx_word' id='word_1_891' title='bbox 2077 2974 2148 3003; x_wconf 76' lang='lat' dir='ltr'>ant·</span> 
     </span>
     <span class='ocr_line' id='line_1_122' title="bbox 1264 3017 2148 3066; baseline -0.008 -8"><span class='ocrx_word' id='word_1_892' title='bbox 1264 3025 1349 3066; x_wconf 78' lang='lat' dir='ltr'>mal,</span> <span class='ocrx_word' id='word_1_893' title='bbox 1376 3026 1510 3064; x_wconf 70' lang='lat' dir='ltr'>Penus,</span> <span class='ocrx_word' id='word_1_894' title='bbox 1534 3021 1739 3065; x_wconf 86' lang='lat' dir='ltr'>accipiuntur</span> <span class='ocrx_word' id='word_1_895' title='bbox 1750 3019 1959 3063; x_wconf 84' lang='lat' dir='ltr'>simpliciter.-</span> <span class='ocrx_word' id='word_1_896' title='bbox 1984 3017 2148 3062; x_wconf 86' lang='lat' dir='ltr'>accipiun-</span> 
     </span>
     <span class='ocr_line' id='line_1_123' title="bbox 1265 3068 2148 3118; baseline -0.01 -9"><span class='ocrx_word' id='word_1_897' title='bbox 1265 3085 1318 3109; x_wconf 88' lang='lat' dir='ltr'>tur</span> <span class='ocrx_word' id='word_1_898' title='bbox 1347 3074 1468 3118; x_wconf 87' lang='lat' dir='ltr'>quippe</span> <span class='ocrx_word' id='word_1_899' title='bbox 1489 3084 1559 3108; x_wconf 88' lang='lat' dir='ltr'>non</span> <span class='ocrx_word' id='word_1_900' title='bbox 1576 3081 1634 3116; x_wconf 84' lang='lat' dir='ltr'>pro</span> <span class='ocrx_word' id='word_1_901' title='bbox 1656 3071 1721 3107; x_wconf 84' lang='lat' dir='ltr'>suis</span> <span class='ocrx_word' id='word_1_902' title='bbox 1730 3069 1917 3114; x_wconf 81' lang='lat' dir='ltr'>significatis</span> <span class='ocrx_word' id='word_1_903' title='bbox 1929 3068 2148 3110; x_wconf 84' lang='lat' dir='ltr'>secundariis;</span> 
     </span>
     <span class='ocr_line' id='line_1_124' title="bbox 1264 3117 2151 3168; baseline -0.008 -9"><span class='ocrx_word' id='word_1_904' title='bbox 1264 3123 1318 3159; x_wconf 89' lang='lat' dir='ltr'>sed</span> <span class='ocrx_word' id='word_1_905' title='bbox 1343 3136 1403 3168; x_wconf 84' lang='lat' dir='ltr'>pto</span> <span class='ocrx_word' id='word_1_906' title='bbox 1429 3124 1500 3158; x_wconf 91' lang='lat' dir='ltr'>solo</span> <span class='ocrx_word' id='word_1_907' title='bbox 1524 3123 1699 3167; x_wconf 85' lang='lat' dir='ltr'>primario.</span> <span class='ocrx_word' id='word_1_908' title='bbox 1726 3119 1815 3154; x_wconf 77' lang='lat' dir='ltr'>Nam</span> <span class='ocrx_word' id='word_1_909' title='bbox 1827 3119 2016 3163; x_wconf 89' lang='lat' dir='ltr'>primarium</span> <span class='ocrx_word' id='word_1_910' title='bbox 2031 3117 2151 3163; x_wconf 84' lang='lat' dir='ltr'>fignifi-</span> 
     </span>
     <span class='ocr_line' id='line_1_125' title="bbox 1266 3167 2151 3210; baseline -0.01 0"><span class='ocrx_word' id='word_1_911' title='bbox 1266 3184 1377 3210; x_wconf 76' lang='lat' dir='ltr'>catum</span> <span class='ocrx_word' id='word_1_912' title='bbox 1402 3175 1495 3209; x_wconf 86' lang='lat' dir='ltr'>vocis</span> <span class='ocrx_word' id='word_1_913' title='bbox 1519 3173 1602 3208; x_wconf 84' lang='lat' dir='ltr'>bomo</span> <span class='ocrx_word' id='word_1_914' title='bbox 1621 3172 1667 3207; x_wconf 82' lang='lat' dir='ltr'>est</span> <span class='ocrx_word' id='word_1_915' title='bbox 1680 3180 1790 3205; x_wconf 86' lang='lat' dir='ltr'>natura</span> <span class='ocrx_word' id='word_1_916' title='bbox 1802 3167 1944 3204; x_wconf 85' lang='lat' dir='ltr'>humana</span> <span class='ocrx_word' id='word_1_917' title='bbox 1957 3169 1989 3202; x_wconf 88' lang='lat' dir='ltr'>in</span> <span class='ocrx_word' id='word_1_918' title='bbox 2003 3179 2151 3203; x_wconf 87' lang='lat' dir='ltr'>commu-</span> 
     </span>
     <span class='ocr_line' id='line_1_126' title="bbox 1271 3217 2149 3269; baseline -0.008 -11"><span class='ocrx_word' id='word_1_919' title='bbox 1271 3225 1304 3258; x_wconf 88' lang='lat' dir='ltr'>ni</span> <span class='ocrx_word' id='word_1_920' title='bbox 1317 3237 1332 3266; x_wconf 89' lang='lat'><em>;</em></span> <span class='ocrx_word' id='word_1_921' title='bbox 1359 3225 1538 3269; x_wconf 79' lang='lat' dir='ltr'>significata</span> <span class='ocrx_word' id='word_1_922' title='bbox 1552 3221 1706 3265; x_wconf 77' lang='lat' dir='ltr'>veroejus</span> <span class='ocrx_word' id='word_1_923' title='bbox 1724 3220 1911 3255; x_wconf 86' lang='lat' dir='ltr'>secundaria</span> <span class='ocrx_word' id='word_1_924' title='bbox 1925 3221 1998 3254; x_wconf 89' lang='lat' dir='ltr'>sunt</span> <span class='ocrx_word' id='word_1_925' title='bbox 2007 3217 2149 3263; x_wconf 81' lang='lat' dir='ltr'>supposi-</span> 
     </span>
     <span class='ocr_line' id='line_1_127' title="bbox 1270 3270 2149 3320; baseline -0.011 -10"><span class='ocrx_word' id='word_1_926' title='bbox 1270 3275 1490 3320; x_wconf 80' lang='lat' dir='ltr'>tasmgularia</span> <span class='ocrx_word' id='word_1_927' title='bbox 1512 3284 1660 3309; x_wconf 78' lang='lat' dir='ltr'>naturam</span> <span class='ocrx_word' id='word_1_928' title='bbox 1675 3270 1767 3305; x_wconf 80' lang='lat' dir='ltr'>istam</span> <span class='ocrx_word' id='word_1_929' title='bbox 1779 3280 1990 3306; x_wconf 87' lang='lat' dir='ltr'>communem</span> <span class='ocrx_word' id='word_1_930' title='bbox 2001 3278 2149 3304; x_wconf 87' lang='lat' dir='ltr'>commu-</span> 
     </span>
     <span class='ocr_line' id='line_1_128' title="bbox 1267 3317 2151 3369; baseline -0.01 -10"><span class='ocrx_word' id='word_1_931' title='bbox 1267 3326 1434 3366; x_wconf 86' lang='lat' dir='ltr'>nicantia,</span> <span class='ocrx_word' id='word_1_932' title='bbox 1459 3338 1496 3360; x_wconf 89' lang='lat' dir='ltr'>ac</span> <span class='ocrx_word' id='word_1_933' title='bbox 1520 3322 1742 3369; x_wconf 71' lang='lat' dir='ltr'>participantia</span> <span class='ocrx_word' id='word_1_934' title='bbox 1759 3347 1769 3363; x_wconf 92' lang='lat'>‚</span> <span class='ocrx_word' id='word_1_935' title='bbox 1795 3333 1824 3355; x_wconf 86' lang='lat' dir='ltr'>v.</span> <span class='ocrx_word' id='word_1_936' title='bbox 1838 3333 1870 3367; x_wconf 90' lang='lat' dir='ltr'>g.</span> <span class='ocrx_word' id='word_1_937' title='bbox 1895 3320 2009 3356; x_wconf 84' lang='lat' dir='ltr'>Petrus</span> <span class='ocrx_word' id='word_1_938' title='bbox 2029 3343 2040 3359; x_wconf 90' lang='lat'>,</span> <span class='ocrx_word' id='word_1_939' title='bbox 2067 3317 2151 3351; x_wconf 84' lang='lat' dir='ltr'>Pau-</span> 
     </span>
     <span class='ocr_line' id='line_1_129' title="bbox 1267 3368 2150 3417; baseline -0.01 -8"><span class='ocrx_word' id='word_1_940' title='bbox 1267 3376 1339 3417; x_wconf 88' lang='lat' dir='ltr'>lus,</span> <span class='ocrx_word' id='word_1_941' title='bbox 1364 3373 1588 3411; x_wconf 74' lang='lat' dir='ltr'>Ferdinandus&#39;</span> <span class='ocrx_word' id='word_1_942' title='bbox 1610 3398 1622 3414; x_wconf 87' lang='lat'>,</span> <span class='ocrx_word' id='word_1_943' title='bbox 1649 3371 1846 3417; x_wconf 88' lang='lat' dir='ltr'>Philippus,</span> <span class='ocrx_word' id='word_1_944' title='bbox 1870 3372 1932 3406; x_wconf 77' lang='lat' dir='ltr'>&amp;c-</span> <span class='ocrx_word' id='word_1_945' title='bbox 1954 3368 2057 3412; x_wconf 87' lang='lat' dir='ltr'>Atqui</span> <span class='ocrx_word' id='word_1_946' title='bbox 2080 3379 2150 3401; x_wconf 83' lang='lat' dir='ltr'>vox</span> 
     </span>
     <span class='ocr_line' id='line_1_130' title="bbox 1267 3418 2149 3470; baseline -0.009 -12"><span class='ocrx_word' id='word_1_947' title='bbox 1267 3426 1351 3459; x_wconf 82' lang='lat' dir='ltr'>bomo</span> <span class='ocrx_word' id='word_1_948' title='bbox 1376 3438 1444 3461; x_wconf 90' lang='lat' dir='ltr'>non</span> <span class='ocrx_word' id='word_1_949' title='bbox 1473 3423 1664 3470; x_wconf 84' lang='lat' dir='ltr'>supponitur</span> <span class='ocrx_word' id='word_1_950' title='bbox 1693 3422 1737 3456; x_wconf 88' lang='lat' dir='ltr'>ibi</span> <span class='ocrx_word' id='word_1_951' title='bbox 1762 3434 1820 3467; x_wconf 89' lang='lat' dir='ltr'>pro</span> <span class='ocrx_word' id='word_1_952' title='bbox 1844 3421 1942 3455; x_wconf 87' lang='lat' dir='ltr'>Petro</span> <span class='ocrx_word' id='word_1_953' title='bbox 1953 3430 2008 3454; x_wconf 87' lang='lat' dir='ltr'>aut</span> <span class='ocrx_word' id='word_1_954' title='bbox 2019 3418 2149 3459; x_wconf 73' lang='lat' dir='ltr'>Pau103</span> 
     </span>
    </p>
   </div>
   <div class='ocr_carea' id='block_1_13' title="bbox 1269 3469 2152 3564">
    <p class='ocr_par' dir='ltr' id='par_1_18' title="bbox 1269 3469 2152 3564">
     <span class='ocr_line' id='line_1_131' title="bbox 1269 3469 2152 3555; baseline -0.011 -44"><span class='ocrx_word' id='word_1_955' title='bbox 1269 3474 1324 3511; x_wconf 88' lang='lat' dir='ltr'>sed</span> <span class='ocrx_word' id='word_1_956' title='bbox 1355 3487 1415 3521; x_wconf 88' lang='lat' dir='ltr'>pro</span> <span class='ocrx_word' id='word_1_957' title='bbox 1439 3477 1505 3512; x_wconf 87' lang='lat' dir='ltr'>sola</span> <span class='ocrx_word' id='word_1_958' title='bbox 1526 3474 1671 3511; x_wconf 73' lang='lat' dir='ltr'>humana</span> <span class='ocrx_word' id='word_1_959' title='bbox 1683 3483 1796 3509; x_wconf 86' lang='lat' dir='ltr'>natura</span> <span class='ocrx_word' id='word_1_960' title='bbox 1810 3474 1846 3510; x_wconf 87' lang='lat' dir='ltr'>in</span> <span class='ocrx_word' id='word_1_961' title='bbox 1856 3469 2152 3555; x_wconf 60' lang='lat' dir='ltr'>communifflergo</span> 
     </span>
     <span class='ocr_line' id='line_1_132' title="bbox 2070 3530 2103 3564; baseline 0 -21"><span class='ocrx_word' id='word_1_962' title='bbox 2070 3530 2103 3564; x_wconf 69' lang='lat' dir='ltr'>p.</span> 
     </span>
    </p>
   </div>
  </div>
 </body>
</html>
