2384 3770
799 136 883 183 De
918 131 1084 184 D-tsr.
1122 134 1199 182 Er
1229 134 1427 183 *suiv
1461 124 1595 194 Lo‘h.

285 220 362 308 gatis
380 220 504 307 platebit
524 231 564 256 ex
583 232 694 257 earum
717 220 966 271 definitionibus
985 243 997 260 ,
1025 219 1159 262 aliisque

309 284 382 307 icen
410 283 453 306 is.
795 293 798 296 ⁴

505 374 540 408 D
565 373 606 408 U
631 372 660 406 Β
685 372 701 404 1
728 369 767 406 U
795 369 836 402 M
907 368 936 402 1.
968 396 973 402 s

434 479 482 509 De
502 481 613 509 natura
637 440 849 514 appellationis
864 443 1004 526 Logirae.

498 556 506 566 ”
531 572 555 605 s
579 572 608 606 E
635 571 667 606 c
692 571 730 604 T
756 571 771 604 1
800 574 833 606 o
882 536 921 604 τ.ν

478 671 614 717 ,Quidfit
634 672 801 723 Appellatio
824 673 954 730 Legna?

282 785 310 811 1.
439 772 496 807 Ico
516 773 691 817 appellatio
715 773 840 820 Logica
865 785 872 804 :
911 772 1094 820 Qia'non
1118 770 1151 806 in

444 824 557 867 'Jure,
583 824 637 857 sed
658 825 694 856 in
721 823 900 857 Summulis
926 822 1060 866 Logicae
1082 832 1164 867 praerl

276 868 416 910 anibuh's
432 873 540 909 modo
563 874 684 910 versor.
715 872 1011 916 Appellatioergo
1022 871 1151 915 Logica

274 924 406 959 definiri
433 925 515 970 solet
534 923 598 956 hoc
611 922 732 956 modo:
762 922 817 955 Est
841 923 1018 965 applicatio
1031 921 1149 965 fignifi-

274 975 340 1008 cati
354 974 507 1008 -formalis
527 974 623 1006 unius
647 972 736 1006 vocis
764 973 856 1015 supra
875 971 1092 1016 lignificaturn
1106 974 1149 1005 al-

273 1027 391 1059 terius.
421 1025 496 1058 Sive
516 1024 550 1057 in
563 1032 738 1056 concreto:
766 1022 940 1066 Appellare
961 1023 1005 1055 est
1030 1022 1149 1065 fignifi-

273 1084 384 1108 catum
406 1074 545 1109 formale
567 1075 664 1107 unius
677 1072 768 1106 vocis
777 1072 936 1116 applicare
948 1073 1040 1118 supra
1053 1072 1146 1116 signi-

273 1124 407 1159 ficatum
431 1123 578 1159 alterius.
614 1123 721 1171 Unde
741 1123 919 1166 appellatio
941 1123 986 1157 est
1005 1123 1146 1166 duplex:

274 1175 392 1209 Astiva
413 1174 565 1208 videlicet
584 1173 618 1207 &
644 1172 760 1216 paffiva
774 1198 782 1205 .
807 1172 925 1207 Astiva
949 1183 1039 1207 tenet
1063 1174 1095 1206 se
1104 1183 1145 1206 ex

273 1234 364 1268 parte
394 1225 484 1270 vocis
516 1223 740 1269 appellantis;
780 1222 931 1266 nihilque
950 1223 1007 1256 ·est
1035 1222 1145 1262 aliud·,

219 1302 221 1304 ,
272 1284 373 1316 quam
391 1274 494 1308 estiva
514 1273 690 1315 applicatio
711 1272 744 1306 &
756 1272 873 1315 politio
885 1297 898 1314 ,
923 1284 986 1316 qua
1003 1284 1067 1306 una
1078 1284 1145 1319 vox

270 1322 487 1367 significatum
508 1324 601 1357 suurn
623 1323 760 1356 formale
782 1323 876 1365 ponit
898 1323 931 1357 δε
946 1323 1085 1366 applicat
1097 1325 1144 1356 su-

271 1371 327 1416 pra
348 1374 567 1417 significatum
582 1375 670 1406 vocis
692 1373 822 1408 alterius
838 1397 845 1405 .
872 1373 946 1408 sive
968 1375 1000 1406 in
1013 1383 1144 1420 concre-

270 1432 307 1456 to
327 1445 337 1461 ‚
375 1423 504 1457 Vocem
527 1422 687 1466 appellare
710 1422 794 1456 nihil
815 1422 859 1455 est
884 1422 975 1470 aliud
999 1447 1010 1462 ,
1046 1433 1141 1466 quam

268 1482 370 1506 unam
401 1483 514 1507 vocem
549 1484 670 1516 ponere
690 1473 725 1506 δε
747 1473 906 1514 applicare
926 1472 1141 1515 significatum

267 1523 360 1556 suum
378 1522 516 1556 formale
540 1524 631 1564 supra
650 1522 866 1566 signifiea‘tum
880 1522 969 1554 vocis
982 1522 1111 1555 alterius
1134 1547 1140 1554 .

267 1571 459 1616 Appellatio
481 1572 597 1615 passiva
621 1581 708 1605 tenet
731 1571 762 1605 se
775 1583 818 1604 ex
830 1567 918 1614 parte
931 1572 1020 1604 vocis
1033 1573 1140 1616 appel-

268 1622 356 1664 laem
385 1622 534 1665 nihilque
555 1622 599 1655 est
612 1622 721 1662 aliud,
741 1631 837 1664 quam
860 1621 959 1663 pallio
983 1623 1035 1655 seu
1057 1616 1140 1657 'rece-

266 1671 357 1715 prio,
385 1679 453 1715 qua‘
471 1683 537 1705 una
557 1683 621 1713 vox
641 1672 735 1714 supra
756 1671 976 1715 fignificatum
991 1673 1081 1706 suum
1099 1683 1139 1705 re·

264 1722 366 1764 cipit,
391 1732 428 1756 nc
449 1723 532 1765 quasi
555 1723 675 1765 patitur
698 1722 913 1766 fignificaturn
938 1722 1074 1757 formale
1095 1722 1138 1758 al-

263 1771 363 1806 terius
387 1796 395 1804 .
434 1773 507 1806 Sive
536 1774 570 1805 in
598 1782 754 1811 concreto
776 1796 786 1811 ,
815 1770 933 1805 Unam
962 1783 1075 1805 vocem
1099 1772 1140 1805 ab

261 1821 327 1855 elia
348 1818 504 1865 'appellari
529 1819 612 1854 nihil
636 1823 680 1854 est
708 1821 794 1855 aliud
812 1845 822 1860 ‚
848 1831 946 1863 quam
971 1833 1070 1855 unam
1085 1833 1141 1855 vo·

261 1883 334 1905 cem
353 1873 445 1915 supra
468 1871 681 1916 significatum
705 1873 797 1905 suurn
819 1872 979 1914 recipere,
1007 1872 1136 1913 &quali

262 1923 329 1964 pati
350 1918 569 1964 significatum
602 1923 738 1955 formale
760 1921 890 1954 alterius
915 1923 1026 1961 vocis;
1062 1932 1089 1953 v.
1104 1926 1135 1964 g'.

260 1980 336 2003 cum
359 1970 458 2010 dico,
486 1973 571 2002 Homo
596 1969 633 2008 est
657 1969 782 2008 dolius,
810 1969 843 2000 in
871 1979 952 2001 voce
970 1969 1068 2000 doaeus
1090 1970 1134 2002 est

260 2019 436 2061 appellatio
457 2018 581 2060 activam
610 2020 645 2052 in
672 2029 752 2052 voce
765 2017 839 2052 vero
858 2018 941 2051 homo
962 2018 1006 2051 est
1032 2020 1135 2067 appel-

260 2069 341 2101 latio
361 2068 479 2112 paffiva
502 2082 513 2102 s
551 2070 614 2102 five
638 2080 704 2102 vox
731 2069 831 2101 dodlus
853 2069 992 2110 appellat
1020 2078 1134 2102 vocem

258 2117 342 2150 bomo
364 2142 374 2157 ‚
413 2118 447 2150 ὃ(
475 2127 539 2150 vox
565 2117 649 2148 homo
671 2117 848 2157 appellatur
870 2117 888 2148 ὲ
908 2127 989 2149 voce
1009 2118 1129 2148 dedus:

257 2166 357 2215 Quini
370 2166 523 2200 videlicet
550 2177 615 2199 vox
626 2164 727 2198 doaus
738 2165 831 2207 ponit
841 2165 874 2198 &
889 2165 1029 2206 applicat
1043 2166 1132 2198 suum

257 2218 394 2251 formale
415 2217 653 2259 significatum,
681 2215 831 2247 videlieet
853 2214 1034 2248 doctrinam
1048 2239 1059 2255 ‚
1086 2218 1133 2248 su-

259 2276 313 2308 pra
335 2266 552 2309 significatum
577 2263 777 2301 vocishonm,
804 2262 953 2295 videlicet
974 2265 1065 2305 supra
1081 2276 1133 2298 na·

258 2326 364 2349 turam
387 2312 584 2355 humanam,
610 2313 752 2354 facitque
779 2312 954 2352 propolitio
968 2312 1055 2345 hunc
1068 2315 1132 2346 sen·

258 2366 350 2401 sumz
377 2363 495 2400 Homo
516 2364 559 2396 est
586 2361 707 2396 habens
729 2361 909 2396 docuinam
932 2360 1131 2405 fibiapplica-

257 2425 348 2454 tam,
374 2424 412 2447 ae
435 2414 470 2447 in
493 2414 525 2447 se
548 2413 699 2456 politam.

305 2459 444 2497 zfflDixi
465 2464 498 2496 in
526 2463 723 2496 definitione
742 2485 753 2501 ,
779 2461 945 2503 Appellatio
967 2461 1007 2501 est
1032 2464 1131 2503 appli-

255 2518 331 2547 catio
344 2510 502 2557 fignificat!
513 2512 659 2553 formalls
685 2517 774 2544 unlus
797 2518 878 2544 vocis
884 2509 978 2553 supra
984 2511 1130 2556 fignifica-

254 2572 318 2597 tum
338 2564 462 2597 alterius
487 2567 585 2595 vocls:
614 2561 697 2595 Non
713 2561 866 2595 addendo
874 2560 970 2603 supra
985 2561 1129 2605 fignifica-

254 2623 319 2646 tum
335 2611 468 2654 formale
487 2614 610 2644 alterius
633 2618 714 2645 vocis
737 2637 744 2644 .
775 2611 866 2658 Qia
889 2609 920 2643 id
945 2613 1129 2647 nullatenus

254 2663 352 2697 debet
374 2660 450 2696 addi
466 2674 477 2694 .·
502 2671 562 2693 nec
583 2662 673 2694 enim
695 2661 738 2693 ad
758 2661 1012 2703 appellationem
1024 2664 1127 2705 requi-

254 2714 335 2746 ritur
348 2736 358 2751 ,
385 2721 420 2743 ut
445 2722 510 2744 una
526 2722 591 2744 vox
607 2720 706 2752 ponat
723 2710 937 2753 significatum
962 2712 1052 2746 suum
1067 2714 1127 2746 for-

253 2762 339 2795 male
361 2762 451 2804 supra
462 2760 678 2809 significatum
697 2759 834 2792 formale
856 2759 1006 2813 alteffius3
1035 2762 1126 2798 dum-

252 2810 356 2846 modo
378 2809 479 2854 ponat
501 2811 592 2853 supra
618 2809 747 2843 alterius
776 2808 864 2842 vocis
884 2810 1099 2853 significatum
1113 2836 1123 2852 ,

253 2863 317 2896 ssve
337 2861 497 2901 formale,
522 2861 587 2894 five
608 2859 793 2900 materiale,
823 2858 856 2892 id
884 2870 994 2901 parum
1008 2861 1121 2896 refert:

252 2913 299 2946 uti
314 2911 435 2955 patebit
457 2921 495 2944 ex
520 2908 682 2944 dicendis.
710 2909 817 2943 {mmo
839 2909 938 2952 aliqui
955 2910 1071 2945 volunt
1082 2912 1123 2946 ad

251 2961 506 3005 appellationem
528 2960 561 2995 in
590 2971 706 3004 genere
720 2972 759 2993 ne
770 2959 901 3004 quidem
915 2960 1057 3001 requiri»,
1086 2972 1121 2997 ut

251 3023 315 3046 una
338 3023 403 3045 vox
424 3021 521 3053 ponat
543 3011 758 3055 significatum
777 3009 915 3043 formale
926 3010 1016 3043 suurn
1030 3011 1121 3054 supra
1144 3026 1145 3029 ¹

250 3062 466 3105 fignificatum
478 3061 609 3095 alterius
623 3061 710 3094 vocis
725 3072 737 3098 .-
763 3059 815 3093 sed
827 3059 1036 3093 solummodo
1047 3084 1058 3100 ,
1085 3071 1122 3096 ut

250 3111 331 3145 illud
344 3122 444 3155 ponat
457 3111 509 3146 vel
528 3113 619 3155 supra
641 3111 738 3144 aliam
762 3120 896 3149 vocem,
923 3109 976 3142 vel
984 3109 1073 3154 supra
1086 3111 1121 3144 fi-

250 3160 442 3205 gnificatum
456 3161 587 3195 alterius
609 3160 694 3194 vocis
705 3184 715 3195 .
741 3158 905 3201 Adeoque
922 3159 1035 3194 dicunt
1045 3160 1120 3196 defi·

249 3211 412 3244 nitionem
431 3210 495 3252 jam
508 3211 525 3244 ὲ
547 3222 598 3246 me
609 3211 717 3245 datam
746 3220 813 3243 non
826 3211 888 3243 effe
898 3209 1097 3253 adaequatam
1109 3235 1119 3250 ,

249 3271 357 3304 neque
376 3259 622 3295 convertibilem
633 3286 640 3293 .
671 3265 717 3293 Et
725 3260 856 3302 probant
867 3257 916 3291 boc
927 3261 1027 3292 modo.
1055 3260 1117 3296 Po·

248 3311 307 3345 test
318 3311 385 3345 dari
398 3310 572 3353 appellatio
583 3331 594 3347 ,
620 3322 687 3353 quae
706 3321 773 3343 non
785 3310 822 3343 fit
834 3308 1011 3352 applicatio
1021 3311 1118 3355 figni-

248 3360 337 3395 ficati
352 3361 500 3395 formalis
522 3361 619 3394 unius
640 3360 730 3395 vocis
741 3362 832 3402 supra
846 3359 1060 3403 fignificatum
1071 3362 1116 3396 al-

248 3411 346 3445 terius
358 3411 449 3445 vocis
461 3424 471 3444 .·
497 3421 576 3453 ergo
590 3410 647 3443 illa
657 3410 809 3445 definitio
823 3421 889 3443 non
902 3410 946 3442 est
958 3412 1113 3445 converti-

247 3460 322 3497 bilis
333 3472 407 3494 cum
421 3462 477 3495 suo
487 3460 623 3498 definito
635 3485 641 3492 .
657 3460 803 3495 effabatur
814 3459 988 3497 antecedens
1001 3471 1009 3492 :
1023 3460 1118 3510 Qia.

346 3513 371 3542 C
374 3510 452 3549 brist.
467 3513 546 3553 Lupi
559 3514 657 3554 Opera
668 3513 822 3548 TomXIl.

1178 1599 1181 1603 .
1201 1574 1286 1605 aliud
1307 1572 1525 1616 intelligendo
1549 1573 1600 1605 vel
1623 1573 1713 1605 uliud
1737 1573 1958 1617 significatum
1982 1597 1993 1612 ‚

1220 220 1255 255 'in
1270 220 1331 256 hac
1342 220 1563 264 propositione
1575 245 1585 261 ‚
1607 220 1687 256 bomo
1697 224 1735 265 est
1748 235 1850 260 nomen
1863 249 1874 267 ‚
1899 227 1952 261 vel
1963 225 2045 260 homo
2057 228 2095 269 est

1219 270 1400 315 dissyllabum
1413 295 1423 310 ,
1450 272 1488 305 fit
1502 282 1572 305 vera
1581 273 1755 315 appellatio
1771 289 1778 308 z
1808 276 1853 310 ibi
1867 275 1956 312 enim
1971 288 2037 312 vox
2048 290 2096 311 na-

1220 318 1287 354 men
1297 320 1391 363 ponit
1403 321 1494 355 suum
1508 323 1645 355 formale
1657 323 1869 366 significatum
1882 329 1973 372 supra
1984 329 2073 363 aliud
2083 351 2093 362 .

1223 371 1325 412 Atqui
1350 382 1417 404 non
1442 372 1535 414 ponit
1558 371 1602 405 ibi
1625 372 1716 405 suum
1729 374 1860 408 formale
1881 378 2094 422 significatum

1221 422 1310 464 supra
1322 420 1410 453 aliud
1423 422 1552 456 alterius
1565 422 1656 455 vocis-
1678 422 1913 468 fignificatum;
1935 429 1985 461 sed
2000 430 2092 472 supra

1219 470 1316 505 uliam
1339 481 1471 504 vocem:
1500 482 1579 516 ergo
1602 472 1703 514 potest
1725 472 1793 505 dari
1818 484 1888 507 vera
1899 478 2092 519 appellatio,

1219 532 1289 564 quae
1301 532 1366 554 non
1382 522 1676 564 comprehendatur
1689 521 1747 556 ista
1758 522 1865 556 nostra
1876 524 2089 571 definitione;

1217 570 1347 614 quaeque
1372 581 1438 605 non
1465 573 1501 606 fit
1526 573 1644 616 politio
1656 571 1983 617 fignificatiformalis
1995 578 2090 611 unius

1218 621 1306 654 vocis
1319 623 1407 664 supra
1422 620 1643 666 significatum
1657 623 1787 656 alterius
1809 626 1916 658 vocis:
1932 626 2089 666 *adeoque

1216 670 1390 714 appellatio
1418 674 1541 716 sumpta
1566 673 1599 706 in
1622 684 1742 717 genere
1765 697 1776 713 ‚
1812 683 1848 707 ut
1870 675 2035 718 adaequate
2057 676 2089 708 δε

1215 720 1670 756 convertibiliter'definiatur
1696 746 1707 763 ,
1728 723 1869 757 definiri
1904 724 2000 759 debet
2024 724 2088 759 hoc

1214 771 1335 805 modo:
1366 772 1420 805 Est
1447 772 1562 815 politio
1574 772 1906 817 significatisormalis
1918 774 2013 808 unius
2028 787 2089 808 vo.-

1213 822 1259 855 cis
1274 823 1362 864 supra
1371 823 1460 855 aliud
1473 848 1480 855 .
1508 821 1608 862 Idest:
1638 822 1703 857 Vel
1719 824 1812 866 supra
1838 824 1936 859 aliam
1951 835 2063 860 vocem
2079 848 2092 866 ,

1213 871 1264 904 vel
1288 873 1378 915 supra
1391 872 1480 906 aliud
1503 873 1632 908 alterius
1644 872 1734 907 vocis
1744 873 1965 918 significatum
1979 898 1988 908 .
2019 877 2091 907 Pro-

1210 921 1298 954 batur
1327 927 1422 956 minor
1444 936 1456 956 s
1481 922 1586 969 ‘Qia
1622 923 1830 966 praedicatum
1859 925 2091 968 propositionis

1211 973 1333 1014 semper
1343 973 1438 1014 ponit
1455 972 1672 1016 fignificatum
1687 974 1779 1008 suurn
1793 974 1933 1009 formale
1945 976 2037 1018 supra
2051 975 2088 1016 il,-

1211 1021 1292 1061 lud,
1320 1032 1377 1064 pro
1400 1033 1466 1065 quo
1494 1024 1688 1066 supponitur
1714 1024 1910 1067 subjeetum:
1938 1023 2027 1069 atqui
2052 1025 2088 1059 in

1211 1072 1337 1114 praefata
1354 1072 1576 1115 propositione
1602 1086 1667 1107 vox
1688 1074 1825 1116 subjecta
1836 1074 1918 1108 homo
1931 1086 1999 1109 non
2012 1075 2087 1118 sup-

1211 1123 1342 1164 ponitur
1353 1133 1412 1165 pro
1425 1123 1482 1155 suo
1496 1123 1699 1166 fignificat0;
1727 1124 1851 1167 sedpro
1865 1126 1962 1168 seipsa
1981 1138 1992 1158 .·
2003 1137 2083 1169 ergo

1207 1174 1306 1211 etiam
1322 1183 1388 1206 vox
1401 1173 1568 1215 praedicata
1592 1184 1692 1205 nomen
1707 1175 1798 1206 suum
1814 1175 1950 1218 formale
1962 1175 2087 1219 signifi*

1207 1232 1316 1256 catum
1331 1223 1450 1265 ponit'‚'
1472 1233 1538 1256 non
1553 1223 1643 1265 supra
1655 1224 1870 1267 significatum
1883 1226 1972 1258 vocis
1980 1224 2083 1266 homo,

1207 1273 1260 1310 sed
1274 1274 1363 1316 supra
1376 1271 1477 1315 ipsam
1491 1281 1607 1307 voeem
1622 1272 1722 1307 bomo.
1877 1279 1891 1290 ‘¹

1259 1333 1287 1370 3.
1317 1322 1563 1366 Argumentum
1596 1321 1662 1357 hoc
1695 1334 1763 1357 non
1793 1323 1839 1356 est
1873 1332 2085 1357 contemnen-

1204 1370 1305 1411 dum;
1330 1374 1444 1407 efficax
1469 1373 1557 1406 enim
1568 1373 1636 1407 est:
1663 1384 1772 1417 neque
1794 1374 1890 1407 video
1905 1396 1916 1412 ‚
1940 1375 2018 1417 quid
2034 1374 2084 1407 illi

1203 1433 1278 1457 cum
1290 1422 1507 1458 fundamento
1519 1424 1614 1466 poffit
1624 1422 1824 1466 responderi.
1854 1423 2085 1464 Proboitaque

1204 1471 1289 1506 hane
1312 1473 1560 1507 definitionem.
1591 1474 1758 1515 Appellatio
1781 1480 1813 1506 in
1819 1486 1928 1517 genere
1940 1474 1977 1514 est
1984 1472 2085 1516 pofitt‘o'

1196 1521 1352 1566 fignificat}
1368 1522 1513 1564 formalis
1537 1529 1623 1556 unius
1645 1530 1726 1556 vocis
1743 1522 1839 1566 supra
1860 1525 1946 1556 aliud
1973 1550 1980 1557 .
2022 1524 2089 1557 Per¹

2030 1573 2088 1606 vel'

1202 1622 1299 1656 aliam
1321 1633 1456 1656 vocem.
1486 1621 1602 1664 Neque
1625 1622 1692 1655 dici
1708 1621 1817 1664 'potest
1831 1647 1841 1662 ‚
1868 1623 1957 1664 quod
1979 1623 2085 1665 appel-

1202 1672 1284 1705 latio
1306 1671 1514 1705 essentialiter
1535 1672 1572 1704 stt
1595 1671 1714 1714 positio
1740 1671 1913 1715 significati
1930 1673 2018 1714 supra
2045 1673 2083 1705 ss-

1200 1722 1394 1765 gnificatum
1409 1746 1416 1753 .
1446 1721 1548 1761 Hoc,
1575 1720 1708 1765 inquam
1723 1746 1732 1761 ,
1755 1717 1795 1755 ex
1807 1723 1913 1765 capite
1925 1722 2059 1765 fingitur
2072 1746 2083 1762 ‚

1201 1783 1268 1804 non
1294 1772 1370 1805 vero
1392 1782 1466 1805 curn
1489 1770 1615 1804 ratione
1639 1772 1760 1805 dicitur
1789 1784 1795 1803 :
1838 1772 1926 1817 Quia
1949 1783 2083 1813 oportet

1201 1819 1429 1864 philosophari
1452 1821 1722 1863 deappellatione
1743 1846 1754 1861 ‚
1781 1823 1857 1854 sicut
1873 1821 2083 1863 philosopha·

1200 1882 1269 1904 mur
1292 1872 1333 1905 de
1357 1871 1602 1914 praedicatione:
1631 1871 1740 1904 omnis
1763 1871 1851 1902 enim
1874 1870 2079 1913 praedicatio,

1200 1921 1311 1953 saltem
1339 1922 1530 1958 affirmativa
1551 1942 1564 1958 ,
1589 1921 1634 1952 est
1669 1930 1742 1953 vera
1753 1921 1944 1964 appellatio.
1977 1923 2081 1965 Atqui

1181 1972 1184 1987 ¹
1199 1970 1381 2011 praedicatio
1406 1980 1471 2002 non
1486 1968 1579 2002 debet
1594 1969 1656 2002 effe
1679 1970 1794 2012 positio
1806 1971 1975 2015 fignificati
1988 1973 2082 2014 supra

1198 2019 1439 2062 fignificatum;
1467 2016 1519 2052 sed
1546 2018 1753 2052 solummodo
1779 2022 1895 2063 politio
1908 2020 2082 2065 significati

1197 2069 1288 2110 supra
1314 2067 1420 2101 aliud:
1453 2066 1604 2101 videlicet
1618 2071 1666 2102 vel
1695 2071 1783 2111 supra
1796 2071 2012 2114 fignificatum
2028 2072 2081 2105 vel

1200 2118 1294 2157 supra
1323 2125 1460 2149 vocem:
1485 2127 1580 2155 nam,
1609 2118 1658 2149 uti
1685 2120 1839 2152 omnibus
1867 2131 1984 2153 notum
2008 2122 2052 2155 est
2066 2146 2078 2161 ‚

1197 2166 1465 2207 praedicationum
1490 2165 1625 2207 subjesta
1641 2167 1868 2209 supponuntur
1881 2170 2080 2214 quandoque

1195 2216 1390 2254 formaliter,
1401 2216 1600 2257 quandoque
1612 2217 1843 2251 materialiter:
1859 2218 1947 2264 Ergo
1961 2219 2078 2255 eodem

1195 2263 1296 2296 modo
1310 2263 1614 2307 philosophandum
1625 2265 1669 2297 est
1682 2264 1722 2298 de
1731 2268 1955 2309 appellatione
1968 2295 1975 2302 .

1431 2361 1730 2398 SECTto
1780 2363 1833 2412 11.

1198 2481 1201 2484 <
1250 2462 1426 2507 ‚qualitates
1449 2459 1590 2504 requilftae
1609 2467 1641 2494 in
1666 2473 1734 2495 voce
1757 2465 1949 2506 appellante,
1974 2468 2009 2500 (5

1267 2514 1275 2517 “
1497 2510 1575 2545 'voce
1594 2513 1748 2557 appellata
1760 2537 1767 2544 .

1188 2621 1220 2656 4.
1338 2621 1341 2624 ’
1367 2611 1423 2645 lne
1445 2611 1621 2654 appellatio
1640 2611 1767 2657 Logica
1796 2624 1863 2648 non
1877 2615 1981 2658 potest
1999 2616 2066 2651 fieri

1204 2659 1206 2661 ’
1337 2703 1339 2707 ¹
1382 2663 1414 2695 in
1429 2662 1525 2695 unica
1550 2674 1650 2703 voce,
1677 2664 1730 2697 sed
1745 2665 1919 2697 necessario
1931 2668 2066 2710 requirit:

1187 2722 1284 2745 voces
1298 2713 1418 2754 plures.-
1429 2723 1563 2755 quarum
1577 2724 1641 2746 una
1657 2722 1793 2748 vocatur
1806 2725 1871 2746 vox
1884 2717 2062 2758 appellans,

1185 2763 1248 2795 alia
1273 2773 1407 2796 vocatur
1434 2773 1499 2795 vox
1521 2763 1701 2806 appellata.
1732 2763 1811 2797 Vox
1836 2765 2002 2807 appellans
2017 2767 2065 2800 est*

1184 2812 1241 2845 illa
1265 2822 1335 2855 quae
1347 2812 1441 2855 ponit
1464 2813 1555 2845 suum
1579 2813 1716 2847 formale
1730 2813 1947 2858 significatum
1967 2816 2062 2859 supra

1183 2861 1279 2896 aliam
1294 2861 1432 2902 vocem,
1460 2862 1612 2905 velsupra
1638 2864 1769 2897 alterius
1791 2864 1881 2896 vocis
1895 2863 2062 2908 fignifica-

1182 2923 1253 2945 tum
1266 2936 1273 2943 .
1300 2912 1381 2946 Vox
1392 2913 1551 2955 appellata
1564 2913 1608 2945 est
1623 2913 1675 2945 illa
1689 2909 1757 2955 quaess
1768 2915 1881 2956 recipit
1893 2915 1984 2957 supra
2002 2917 2033 2949 se
2048 2940 2060 2956 ‚

1183 2963 1233 2995 vel
1256 2964 1347 3005 supra
1372 2963 1462 2995 suurn
1488 2964 1728 3006 significatum,
1756 2964 1969 3007 significatum
1984 2966 2060 2998 alte-

1180 3011 1245 3046 rius
1271 3014 1380 3046 vocis.
1411 3011 1491 3046 Vox
1511 3013 1667 3056 appellata
1693 3013 1796 3046 nullas
1812 3015 1944 3057 requirit
1955 3026 2062 3049 certas

1180 3062 1351 3105 qualitates
1376 3086 1387 3102 ,
1423 3059 1474 3096 sed
1500 3063 1563 3095 esse
1590 3062 1692 3105 potest
1713 3062 1926 3107 significativa
1949 3089 1957 3104 ‚
1986 3077 2057 3100 non

1178 3111 1420 3156 significativa,
1457 3112 1607 3146 abstrasta
1639 3135 1649 3152 ,
1687 3124 1839 3147 concreta
1868 3139 1878 3155 ‚
1913 3115 1976 3148 ὅτε.
2010 3119 2057 3148 Ei

1177 3161 1252 3194 ratio
1276 3162 1315 3200 cll
1347 3158 1430 3195 clani
1458 3175 1464 3193 :
1503 3161 1591 3208 Qia
1626 3173 1692 3198 vox
1723 3164 1880 3206 appellata
1907 3165 1950 3200 est
1977 3165 2053 3206 illa,

1177 3223 1246 3254 quae
1281 3213 1373 3254 supra
1412 3212 1443 3244 se
1465 3234 1476 3251 ‚
1514 3212 1566 3245 vel
1598 3213 1688 3255 supra
1724 3210 2053 3258 suumlignificatum

1176 3262 1291 3304 recipit
1342 3260 1559 3304 significatum
1597 3264 1735 3297 formale
1763 3263 1893 3297 alterius
1932 3265 2020 3299 vocis
2042 3278 2055 3299 z

1175 3313 1264 3355 atqui
1289 3310 1321 3343 id
1348 3311 1415 3352 pati
1443 3312 1546 3353 potest
1571 3314 1679 3346 omnis
1706 3313 1846 3347 omnino
1870 3317 1955 3348 voit:
1984 3326 2052 3349 tam

1176 3360 1468 3404 non-significativa
1491 3385 1501 3401 ‚
1532 3372 1629 3404 quam
1652 3363 1890 3407 fignificativa:
1920 3375 1954 3399 ut
1976 3366 2054 3399 faci·

1174 3410 1206 3444 le.
1224 3411 1345 3454 patebit
1365 3410 1603 3450 consideranti,
1629 3413 1983 3456 &exemplainducere
1997 3427 2049 3448 vo-

1173 3461 1276 3496 lenti.
1305 3461 1399 3505 Ergo
1412 3461 1528 3500 *omnis
1552 3462 1696 3497 ornnino
1718 3464 2050 3508 vox‘potest-appella-

1713 3514 1748 3547 X
1784 3523 1803 3561 3
1954 3513 2002 3552 si»
