2410 3788
234 135 2076 243 aeaeaeaaeaaaeaeeaffie

238 341 610 420 ffff'ffrssff
626 334 1486 414 ffffssffi'QR-y'wffiff'ff
1497 332 2075 413 “ffaffssbwffii'sswffis‘sff

292 475 2018 625 QUAESTIO

385 681 1926 797 QUODLIBETICA,

289 850 352 893 An
386 842 472 892 ordo
505 842 566 909 iste
601 839 806 907 Regularis
830 876 843 899 ,
895 843 957 905 qui
993 836 1111 904 vulgo
1145 841 1403 885 Eremitarum
1438 836 1573 884 dicitur
1597 874 1612 898 ,
1659 837 1713 904 fit
1747 835 1929 902 institutus
1964 835 2015 882 ab

633 908 713 978 ipso
747 908 886 958 sanilo
921 908 1149 974 Augustino,
1180 903 1370 974 poffitque
1405 927 1447 954 ea
1482 907 1657 972 institutio

872 980 1028 1048 probari
1062 998 1113 1026 ex
1149 978 1259 1046 ipsius
1294 973 1434 1024 libris?

1693 246 1708 318 mm

1197 1097 1219 1130 li
1248 1096 1295 1131 sui
1325 1096 1484 1131 salutem.
1510 1094 1743 1130 Nihilominus
1768 1093 1932 1129 virulenta
1956 1092 2087 1133 dicaci,

1194 1158 1241 1182 tas
1267 1146 1298 1180 ei
1326 1145 1421 1181 hasce
1446 1156 1618 1190 extorquet
1645 1157 1760 1180 voces.
1788 1147 1892 1188 Quam
1917 1142 2005 1176 multi
2015 1149 2077 1176 im·

1190 1203 1237 1239 pii
1262 1202 1416 1230 metientes
1437 1194 1608 1241 semetipsis
1626 1207 1674 1229 ἐκ
1695 1193 1880 1239 semetipfis,
1907 1194 2013 1226 dicunt
2034 1194 2072 1227 de

1192 1246 1298 1286 nobit,
1324 1249 1405 1290 quod
1428 1247 1482 1285 ista
1494 1253 1526 1279 in
1537 1244 1664 1287 Ecclefia
1690 1249 1855 1287 quaerimus
1880 1268 1891 1284 ,
1916 1242 2036 1277 bonores
2062 1266 2075 1283 ‚

1192 1299 1320 1338 laudes,
1346 1298 1496 1330 utilitates
1524 1298 1702 1338 temporales
1726 1297 1742 1327 ἒ
1781 1297 1885 1338 ,Quam
1912 1296 1999 1326 multi
2030 1294 2075 1326 di·
2094 1276 2211 1322 Psalm-

1191 1357 1260 1381 cum
1287 1358 1333 1380 me
1354 1355 1516 1389 propterea
1541 1348 1621 1389 loqui
1648 1346 1732 1379 vobis
1747 1369 1757 1384 ,
1784 1353 1817 1378 ut
1842 1345 2014 1377 acclametis
2041 1345 2075 1378 (9⁶
2097 1347 2173 1383 141.

1191 1397 1324 1429 laudetis
1355 1408 1418 1438 me,
1445 1400 1479 1431 (5·
1506 1396 1583 1430 hunc
1607 1407 1652 1430 me
1677 1395 1786 1428 habere
1809 1395 1923 1437 finem,
1952 1392 2075 1428 &banc

1191 1452 1387 1481 intentionem
1404 1473 1415 1488 ‚
1456 1459 1520 1481 cum
1544 1447 1675 1489 loquor?
1716 1445 1852 1488 Propter
1878 1444 1996 1487 populi
2024 1444 2074 1477 sui

1193 1497 1392 1532 neceffita'tes
1418 1496 1619 1540 quandoque
1653 1496 1779 1529 invitus
1815 1494 1920 1528 saeculi
1957 1494 2074 1536 princi-

1193 1558 1248 1591 pes
1274 1558 1311 1581 ac
1338 1547 1509 1590 potestates
1535 1546 1647 1587 addit,
1675 1543 1812 1588 observat
1835 1568 1845 1584 ,
1880 1552 1952 1577 ante
1977 1542 2076 1582 ostium

1185 1597 1248 1638 stat
1262 1621 1273 1637 ,
1300 1598 1488 1631 intrantibus
1516 1598 1619 1640 dignis
1648 1620 1659 1636 ‚
1693 1598 1727 1629 (τ
1753 1596 1887 1638 indigms
1912 1592 2077 1637 exspec‘i'at,

1191 1653 1371 1688 nunciatur,
1397 1654 1455 1681 vix
1481 1648 1642 1690 aliquando
1667 1648 1864 1686 admittitur,
1885 1644 1952 1686 fert
1980 1644 2076 1691 humi-

1191 1699 1298 1730 litate:
1320 1722 1331 1738 ,
1356 1708 1442 1742 rogat
1465 1723 1476 1740 ‚
1506 1698 1670 1740 aliquando
1695 1703 1836 1737 impetrat
1860 1720 1870 1735 ,
1910 1696 2074 1738 aliquando
2093 1716 2188 1750 serm

1196 1748 1289 1789 tristis
1318 1747 1451 1791 abscedit
1476 1762 1486 1781 :
1523 1746 1755 1781 Nihilominus
1776 1746 1817 1780 de
1844 1746 1905 1779 illo
1931 1746 2073 1781 dicitur,
2097 1776 2109 1799 1
2196 1766 2241 1801 de

244 1813 314 1835 rum
344 1802 378 1836 &¹
403 1805 597 1833 comumaciae
622 1799 853 1833 inobedientium
879 1820 891 1837 ,
924 1798 959 1831 ὁ·
984 1799 1127 1841 maligna·
1190 1801 1256 1831 Ivit
1281 1799 1325 1831 ad
1348 1799 1434 1831 illam
1455 1798 1627 1841 potestatem
1651 1822 1663 1838 ,
1688 1799 1724 1831 (ἓν
1749 1797 1825 1839 quid
1847 1800 1954 1836 quaerir
1981 1793 2072 1836 Epis—
2092 1777 2173 1847 diu'
2183 1817 2201 1850 s
2261 1825 2265 1830 ,

243 1863 310 1885 rum
336 1852 395 1884 tela
420 1851 605 1893 linguarum.
633 1848 839 1894 Augustinus
866 1847 987 1890 quippe
1006 1858 1048 1881 ex
1070 1847 1114 1881 im
1190 1855 1279 1889 copus
1306 1859 1372 1882 cum
1399 1850 1453 1882 illa
1476 1848 1642 1890 potestate,
1669 1854 1786 1879 moneat
1807 1844 1968 1885 potestates
1993 1869 2002 1883 ,
2038 1854 2072 1876 ut
2089 1876 2107 1898 c
2130 1828 2180 1902 ⁹⁷1¹
2198 1841 2228 1863 ’-

243 1902 375 1945 proviso
412 1911 450 1933 ac
478 1899 602 1932 iniitus
630 1900 648 1932 a
676 1900 801 1943 populo
840 1897 1095 1940 apprehenditur
1116 1920 1146 2553 ,Ι
1189 1897 1264 1929 bona
1283 1897 1426 1937 faciant,
1454 1900 1583 1939 aliaque
1609 1895 1641 1928 id
1661 1905 1782 1939 genus.
1811 1893 1959 1936 Populus
1986 1894 2073 1938 Hip-
2109 1889 2116 1896 ⁰
2170 1875 2202 1912 9⁹

456 1122 508 1151 ,ῃ
546 1122 569 1147 ,τ
604 1103 712 1139 Evera
738 1099 944 1145 Augustinus
965 1098 1011 1133 est
1035 1123 1046 1138 ‚
1082 1098 1130 1131 fu-

375 1194 383 1201 *
441 1192 446 1202 ᾗ
624 1153 717 1197 itque
741 1154 863 1194 semper
883 1160 967 1183 unus
985 1160 1028 1184 ex
1051 1147 1130 1188 illis,

368 1206 377 1222 '
421 1201 457 1238 ’Π
510 1200 569 1250 „213
625 1201 667 1235 de
692 1201 807 1246 quibus
831 1199 870 1234 ad
900 1196 1127 1233 Timotheum

420 1260 428 1267 ⁴
485 1250 519 1268 ’Τ
564 1262 570 1287 ,ς
623 1249 737 1284 scribit
761 1249 965 1293 Apostolus:
993 1253 1129 1287 Omnes,

627 1305 679 1343 qui
690 1300 795 1333 volunt
804 1306 855 1341 pie
867 1303 973 1330 vivere
998 1303 1029 1329 in
1041 1297 1127 1329 cbri-

540 1352 560 1365 s
622 1349 667 1392 fio
685 1348 767 1396 Jesu
784 1374 794 1391 ‚
818 1345 1050 1390 persecutionem
1070 1355 1127 1388 pa-

497 1391 570 1422 'ff‘
623 1405 736 1434 tientur
760 1424 767 1430 .
808 1400 892 1432 Eam
920 1397 1035 1441 utique
1061 1407 1127 1440 per-

270 1479 272 1482 .
629 1450 832 1483 secutionem
857 1472 868 1488 ,
907 1446 948 1480 de
983 1458 1048 1490 qua
1086 1447 1126 1480 ad

242 1499 394 1534 sanetum
421 1499 598 1534 Rusticum
640 1498 892 1533 Narbonensem
925 1496 1125 1540 Episcopum

242 1549 357 1587 scribit
389 1550 514 1583 sandius
541 1550 614 1584 Leo
643 1549 731 1593 Papa
758 1559 898 1594 magnus
915 1570 922 1578 .
961 1546 1127 1590 Persecutio

239 1612 304 1634 mn
329 1605 361 1631 in
386 1610 417 1633 eo
441 1600 560 1633 tantum
584 1600 785 1641 computanda
811 1598 849 1637 est
872 1621 884 1637 ,
920 1598 1000 1639 quod
1023 1599 1126 1630 contra

245 1649 449 1690 christianam
469 1655 616 1692 pietatem
641 1659 695 1683 aut
712 1649 800 1693 ferro
826 1657 880 1681 aut
911 1647 1028 1693 ignibus
1065 1653 1128 1692 agi·

235 1705 320 1742 our,
344 1710 398 1734 aut
426 1698 656 1743 quibuscumque
677 1697 839 1741 supplicit's
871 1709 882 1739 3
908 1708 974 1730 cum
995 1696 1127 1740 persecu-

177 1774 180 1778 ι
243 1757 357 1785 tionum
377 1749 534 1793 savinam
557 1747 717 1793 suppleant
744 1751 779 1783 &⁵
803 1747 1052 1788 diffimi'litudines
1071 1758 1128 1779 mo—

65 1516 170 1562 Epist.

66 1568 120 1604 62.

1190 1945 1360 1987 ponensis,
1390 1945 1583 1988 Augustino
1610 1945 1645 1978 in
1674 1954 1793 1978 vanum
1823 1943 2070 1979 reclamanteac

1190 1994 1343 2033 manibus
1379 1994 1580 2034 pedibusque
1616 1993 1839 2027 recalcitrante
1861 2017 1872 2033 ‚
1910 1994 2070 2029 Nobilem

1188 2051 1225 2072 ac
1251 2040 1445 2082 opulentum
1473 2041 1580 2074 virum
1608 2041 1786 2075 Pinianum
1823 2043 2037 2085 apprehendit
2056 2069 2068 2085 ‚

1188 2099 1328 2132 eumque
1352 2091 1445 2123 suum
1470 2086 1685 2124 immobiliter
1697 2090 1925 2134 Presbyterum
1945 2096 2070 2128 effetu·
2142 2119 2150 2127 .

1187 2138 1350 2174 multuose
1373 2140 1486 2182 cupit.-
1510 2140 1674 2175 Innocens
1693 2142 1898 2186 Augustinus
1915 2145 2067 2179 omnium
2088 2118 2115 2151 E
2142 2118 2192 2155 'st'

1187 2199 1257 2223 reus
1279 2190 1346 2229 est,
1360 2188 1499 2236 {creditur
1524 2192 1689 2233 cupiditate
1710 2196 1842 2233 pecuniae
1864 2217 1874 2233 ‚
1899 2205 1957 2226 non
1982 2195 2069 2228 dilec-
2090 2178 2168 2213 1²4¹

236 1947 327 1983 ‘flens
352 1962 390 1982 ac
418 1953 552 1993 'gemens
580 1948 718 1981 Valerio
741 1948 901 1989 Episcopo
929 1948 965 1978 in
992 1946 1127 1986 Presby-

64 1989 185 2024 POffid·
245 2007 351 2032 terum
379 1995 581 2029 ordinandus
608 1995 744 2034 sistitur,
769 2006 807 2027 ac
836 1995 870 2026 in
898 2004 1019 2026 vanum
1046 1994 1127 2027 relu-

66 2041 101 2073 in
125 2042 190 2073 Vim
210 2063 222 2080 2
243 2048 331 2081 stans
345 2044 540 2077 ordinatur.
571 2042 685 2074 Flebat
703 2043 812 2080 maj‘ori
838 2039 1061 2077 confideratione
1082 2046 1125 2070 in-

244 2093 378 2139 tellig'ens
398 2114 410 2131 ,
436 2098 527 2134 quam
554 2090 650 2122 multa
676 2090 711 2123 ὁ·
736 2100 827 2131 quam
853 2099 963 2131 magna
983 2086 1050 2131 suae
1079 2093 1124 2121 vi-

243 2155 285 2181 tae
307 2141 439 2188 pericula
464 2142 481 2174 ἐ
507 2144 647 2182 regimine
682 2140 716 2173 <90
738 2138 955 2182 gubernatione
990 2137 1124 2178 Ecclesia

63 2185 144 2231 CssP·
158 2197 190 2234 4·
242 2194 414 2237 impendere
438 2201 474 2224 ac
494 2191 564 2231 jam
586 2191 746 2232 provenire
771 2187 919 2232 spedlaret
941 2212 948 2219 .
976 2188 1024 2221 At
1049 2199 1124 2222 ecce

240 2245 395 2290 malignae
431 2241 553 2287 linguae
588 2239 751 2278 lachrymas
786 2240 850 2280 ejus
874 2235 1001 2281 superbe
1034 2243 1121 2272 inter-

238 2301 420 2336 pretantur,
447 2291 482 2323 ό·
507 2297 663 2332 tamquam
689 2297 753 2322 eum
778 2286 958 2330 consolantes
998 2289 1122 2329 dicunt,

242 2345 319 2386 quia
342 2343 419 2375 locus
443 2338 625 2382 presbyteri,
649 2340 716 2371 licet
745 2338 807 2381 ipse
833 2340 939 2379 majori·
965 2339 1073 2381 dignus
1083 2338 1121 2381 es

237 2393 306 2437 set,
332 2397 574 2432 appropinquare
599 2398 700 2422 tamen
725 2386 916 2431 Episcopatui
941 2413 947 2419 .
978 2388 1121 2432 Eligitur

239 2445 277 2477 in
306 2440 503 2484 Episcopum
527 2462 538 2478 ,
575 2439 626 2482 pia
663 2438 843 2472 amicorum
882 2438 1119 2482 Episcoporum

239 2491 352 2526 fraude
378 2488 676 2527 circumscribitur,
706 2486 869 2530 compulsus
895 2497 985 2530 atque
1010 2488 1119 2521 canelus
1166 2507 1173 2533 ,ξ
1180 2490 1359 2531 perturbare
1385 2501 1551 2531 conamur,
1579 2502 1611 2524 ut
1637 2492 1731 2525 locum
1757 2498 1791 2524 in
1817 2498 1858 2525 eis
1886 2494 2062 2537 dlabolofa-

234 2540 418 2587 succumbit.
445 2540 493 2571 At
520 2549 597 2572 ecce
623 2537 769 2581 maligna
798 2538 1117 2582 MegaliiCalamen-
1162 2534 1280 2573 “cianr.
1308 2541 1412 2574 Hisce
1432 2540 1474 2574 de
1496 2542 1609 2575 cauffis
1629 2542 1710 2575 dicit
1731 2555 1742 2575 .·
1779 2545 1810 2574 Ii
1836 2542 1899 2576 haec
1929 2549 2061 2584 civitas,
2079 2533 2223 2579 Ibidem.'

235 2593 274 2626 fis
304 2590 455 2635 Episcopi
481 2601 518 2622 ac
544 2599 615 2621 tum
642 2591 675 2621 in
703 2586 864 2621 Numidia
891 2587 1113 2622 Primatislin·
1185 2594 1220 2622 in
1248 2602 1309 2632 qua
1339 2591 1531 2631 laboramus,
1557 2592 1650 2636 digna
1675 2603 1733 2625 non
1757 2592 1817 2632 est,
1843 2598 1912 2634 quia
1939 2606 1989 2628 nec
2013 2606 2062 2639 ego

236 2653 302 2687 gua
341 2651 416 2675 eum
454 2638 495 2672 de
534 2638 714 2681 propinatis
751 2639 861 2672 nescio
887 2637 940 2672 cui
978 2639 1115 2673 faeminae

235 2691 401 2726 amatoriis
438 2688 567 2732 poculis
604 2688 770 2728 infamat,
799 2686 902 2732 eaque
950 2689 1115 2723 calumnia

234 2745 418 2776 remoratur
446 2739 515 2782 ejus
541 2738 841 2771 consecrationem.
866 2738 904 2771 In
933 2737 1112 2783 Episcopa-

234 2802 272 2826 tu
298 2791 380 2826 vivit
405 2787 566 2823 humilem
602 2799 639 2821 ac
678 2798 853 2830 pauperem
892 2787 1113 2832 monachum,

233 2843 337 2875 vitam
363 2838 505 2873 sobriam
531 2849 568 2871 ac
594 2837 734 2880 jejunam
760 2862 770 2876 ‚
796 2848 955 2871 remotam
980 2839 1020 2873 ab
1046 2852 1111 2874 om.

66 2101 95 2123 c.
104 2100 137 2133 4.

1186 2245 1264 2272 tione
1293 2239 1420 2280 justitiae
1452 2239 1557 2283 fhrvos
1593 2243 1649 2274 Dei
1675 2244 1752 2275 velle
1777 2248 1904 2276 retinere
1928 2268 1935 2276 .
1965 2246 2066 2279 Hisce

1185 2289 1228 2323 de
1251 2290 1364 2323 cauffis
1384 2315 1394 2330 ,
1427 2290 1564 2334 aliisque
1589 2291 1621 2324 id
1649 2302 1753 2335 genus
1775 2293 1887 2326 multis
1907 2317 1918 2332 ,
1953 2295 2064 2329 scribit

1186 2340 1225 2373 ad
1251 2340 1409 2374 Albinam
1432 2365 1442 2380 ,
1475 2341 1652 2374 Pinianum
1680 2341 1776 2375 §stum
1799 2354 1838 2375 ac
1860 2341 2061 2379 Melaniam.
2081 2335 2185 2379 131³?stss

1187 2390 1276 2422 Multi
1300 2389 1372 2433 sunt
1399 2389 1464 2430 bic,
1492 2395 1543 2433 qui
1568 2391 1753 2425 detrahendo
1778 2392 1861 2425 nobis
1891 2403 2061 2428 ceterorum
2083 2394 2162 2432 117-

1185 2445 1298 2472 animos
1315 2465 1325 2480 ,
1349 2443 1369 2472 ἃ
1396 2440 1501 2483 quibus
1531 2439 1615 2485 diligi
1643 2443 1805 2482 videmur,
1832 2442 1980 2486 adversus
2007 2456 2061 2478 nos

58 2539 97 2574 L.
109 2551 148 2588 3.

59 2601 153 2623 cont.

60 2637 157 2674 Perii.

59 2699 86 2722 c-
102 2695 155 2726 16.

1178 2641 1272 2673 audeo
1298 2642 1422 2685 dignam
1449 2649 1559 2683 putare
1586 2666 1597 2682 ,
1636 2653 1703 2684 quae
1729 2640 1874 2685 nobilium
1899 2644 1936 2677 de
1964 2646 2062 2685 vestra

1172 2688 1339 2733 praesentia
1365 2691 1540 2724 collaetetur.
1568 2693 1671 2725 Hisce
1692 2693 1732 2725 de
1753 2692 1866 2726 cauffis
1885 2694 1993 2728 scribit
2019 2695 2060 2730 ad

1177 2741 1314 2774 alterum
1330 2741 1382 2774 sed
1398 2741 1594 2786 Episcopum
1614 2741 1826 2776 Profuturum
1838 2767 1846 2776 .
1862 2747 1936 2776 Non
1954 2744 2060 2788 desitne
2079 2738 2180 2783 Epist·

1174 2791 1343 2834 scandala,
1370 2789 1427 2834 sed
1451 2803 1545 2834 neque
1570 2793 1751 2836 Refugium:
1779 2797 1853 2826 Non
1874 2792 1979 2836 desunt
1991 2807 2058 2827 mae·
2081 2800 2155 2834 149-

1174 2852 1273 2881 rores,
1295 2839 1354 2884 sed
1375 2852 1467 2884 neque
1493 2840 1698 2885 consolationes
1722 2866 1730 2874 .
1770 2848 1867 2885 Atque
1891 2850 1969 2876 inter
1994 2844 2058 2879 baec

233 2892 270 2925 ni
297 2888 516 2924 contubernio
543 2888 672 2921 alterius
701 2888 794 2921 sexus
816 2911 826 2926 ‚
863 2887 962 2922 etiam
990 2901 1110 2933 germa-

234 2953 285 2974 nae
310 2939 429 2973 sororis
451 2963 458 2970 .
503 2937 627 2971 Verum
654 2937 734 2980 quid
772 2936 924 2981 malignae
963 2938 1079 2985 lingum
1097 2942 1114 2973 ,ἓ

233 2991 278 3024 Ei
305 2990 412 3034 bonos
447 2988 518 3022 dies
543 2987 729 3032 appingunt
749 3012 759 3027 ‚
802 2998 1028 3032 terrenamque
1063 2992 1111 3025 fe-

232 3041 393 3074 licitatem
413 3064 424 3080 ‚
460 3038 502 3072 de
536 3037 605 3079 ejus
637 3038 843 3071 continentia
884 3038 1111 3083 suspicantur,

232 3089 316 3124 adeo
335 3099 376 3123 -ut
403 3089 441 3122 in
467 3089 632 3122 concione
656 3088 836 3122 exclamet.
862 3089 1018 3122 Malevolae
1045 3098 1109 3124 ani·

232 3153 290 3174 mae
318 3135 401 3182 qual?
423 3139 546 3171 dulciter
568 3136 667 3180 sapit,
693 3139 772 3179 quod
792 3138 906 3179 peffime
929 3136 1107 3181 suspicatur.

230 3193 276 3223 Tu
302 3198 402 3222 autem
421 3187 450 3229 fi
468 3196 591 3229 propter
618 3186 765 3219 humanas
795 3189 901 3220 laudes
937 3195 1108 3224 continenti-

52 3241 190 3277 Domin‚
231 3252 281 3273 am
303 3238 448 3282 suftipere
474 3237 588 3277 voluisti
614 3262 625 3277 ,
661 3236 927 3279 reprebenfionibus
965 3239 1107 3276 humanis

52 3301 79 3325 c·
91 3305 120 3330 2.
231 3289 385 3331 defecisti,
412 3289 447 3322 ὦ·
472 3296 585 3327 totum,
613 3289 694 3330 quod
719 3286 776 3320 tibi
798 3285 1014 3330 proposueras,
1037 3296 1107 3333 per.

230 3339 332 3379 didisti
351 3363 359 3371 .
396 3339 435 3371 ln
472 3336 601 3371 assiduis
637 3338 668 3371 se
703 3338 924 3372 concionibus
957 3340 1073 3386 fatigat
1097 3369 1107 3384 ,

232 3390 331 3425 corde
359 3398 440 3430 puro
466 3385 552 3421 nihil
578 3398 620 3421 ex
647 3387 721 3430 ipfis
748 3398 892 3431 quaerens
920 3388 978 3423 nifi
1004 3402 1108 3436 popu.

346 3436 452 3478 Christ.
468 3441 544 3480 Lupi
558 3442 659 3489 opera
670 3440 749 3470 Tom.
762 3440 794 3469 X
797 3442 836 3470 11.

1175 2903 1266 2933 quam
1293 2890 1482 2934 vigilandum
1501 2890 1560 2933 fit,
1584 2903 1620 2926 ne
1645 2891 1818 2935 cujusquam
1843 2893 1943 2925 odium
1955 2897 2057 2928 cordis

1173 2946 1283 2973 intima
1309 2945 1411 2975 teneat
1434 2965 1445 2981 ‚
1479 2953 1569 2984 neque
1587 2941 1668 2983 fiaat
1693 2951 1728 2974 ut
1753 2953 1867 2974 oremus
1896 2948 1991 2976 Deum
2019 2951 2054 2979 in

1172 2991 1263 3023 cubili
1285 2991 1376 3031 nostro
1395 2989 1492 3033 clausi,
1509 2991 1573 3032 ostio
1591 3017 1601 3031 ,
1619 2991 1678 3035 sed
1696 2991 1841 3035 adversus
1863 2992 1958 3035 ipsum
1996 2999 2057 3028 De-

1172 3052 1222 3073 um
1243 3043 1370 3073 claudas
1393 3041 1511 3082 ostium,
1534 3039 1604 3082 nosti
1627 3044 1735 3083 optim?
1757 3047 1869 3075 Frater
1883 3066 1890 3074 .
1914 3043 2053 3085 subrepit

1171 3101 1271 3123 autem
1296 3114 1307 3130 ,
1339 3092 1409 3123 dum
1431 3093 1505 3124 nulli
1526 3090 1668 3134 irascenti
1690 3098 1738 3124 ira
1755 3091 1814 3135 sua
1831 3094 1954 3126 videtur
1972 3097 2053 3135 inju-

1166 3141 1213 3181 sta
1233 3165 1240 3173 .
1274 3140 1380 3175 Addit
1413 3142 1516 3175 multa
1550 3140 1591 3174 de
1611 3152 1705 3175 motu
1726 3142 1777 3175 irae
1798 3167 1808 3182 ‚
1842 3142 1918 3176 licet
1939 3142 2051 3186 quoad

1171 3192 1308 3234 speciem
1330 3191 1418 3233 justae
1435 3215 1447 3231 ,
1478 3192 1719 3234 compescendo
1745 3203 1842 3235 atque
1875 3193 2022 3236 fugando
2037 3218 2049 3235 ,

1172 3240 1230 3275 ista
1252 3241 1310 3274 fibi
1331 3252 1371 3274 ex
1391 3239 1605 3275 inimicorum
1625 3241 1740 3285 jaculis
1761 3241 1925 3276 fabricans
1957 3253 2047 3280 arma

1169 3290 1298 3335 justitiae
1320 3290 1441 3325 sinistra
1462 3314 1474 3331 ‚
1492 3291 1533 3325 de
1556 3291 1675 3335 quibus
1697 3292 1740 3324 fic
1761 3290 1870 3325 scribit
1895 3292 2046 3331 adversus

1165 3342 1329 3376 eximium
1343 3342 1435 3374 suum
1459 3341 1728 3375 calumniatorem
1740 3340 1939 3376 Petilianum
1951 3367 1962 3383 ,
1975 3344 2044 3378 Do·
2062 3342 2102 3376 L.
2118 3354 2147 3392 3.
2158 3358 2184 3380 c.

1169 3390 1357 3427 natistarum
1383 3390 1918 3474 EpiscopumAConstantineusem
1938 3418 1946 3426 .
1986 3399 2043 3431 Μῑ.
2067 3401 2120 3429 12.

1916 3442 2018 3477 litium
