2384 3770
426 134 521 186 164

388 199 560 242 subjectum
581 200 921 245 habensalbedinem,
950 203 1073 242 habens
1085 208 1239 243 deitatem
1254 231 1266 249 ,

390 249 513 287 habens
532 253 787 289 animalitatem.
818 255 858 288 Et
869 256 1062 298 generaliter
1073 260 1184 293 omnis
1197 269 1265 293 om-

389 301 471 354 njssd
494 312 558 339 vox
585 314 757 343 concreta,
784 304 849 339 five
861 305 1105 346 substantialis,
1132 309 1193 341 five
1216 319 1264 341 ac·

384 350 598 394 amentatis,
626 351 688 390 five
718 353 915 392 substantiva
939 379 951 394 ,
988 357 1052 391 five
1085 358 1237 400 adjectiva
1255 382 1265 398 ,

386 399 511 442 semper
529 402 687 446 fignificat
708 404 776 443 duo
796 417 808 439 .-
847 416 949 446 unum
978 415 1146 450 tamquam
1171 408 1261 442 habi·

383 458 455 485 tum
479 449 630 495 abtalitm
657 454 796 492 alterum
820 465 987 497 tamquam
1011 455 1137 491 habens
1150 459 1237 492 aliud
1252 482 1260 493 .

383 498 429 534 Et
457 499 535 539 hinc
573 506 607 537 in
644 515 727 538 voce
753 514 905 539 concreta
926 515 998 540 orta
1024 509 1069 543 est
1095 507 1260 544 distinctio

381 548 554 593 significati
580 556 612 585 in
634 554 772 587 formale
796 555 829 588 &
855 555 1041 589 materiale:
1070 558 1195 592 itemin
1211 571 1254 593 re·

380 602 467 635 stum
490 602 523 644 ὃς
544 603 737 647 obliquum.
766 603 834 642 Res
851 605 942 644 enim
966 617 1020 648 per
1045 618 1159 645 vocem
1180 621 1258 643 con-

378 662 501 687 cretam
522 653 700 698 significata
723 653 764 687 ad
791 654 928 688 modum
951 654 1099 691 habentis
1121 681 1133 697 ,
1163 669 1254 694 voca-

377 711 431 737 tur
453 704 669 748 significatum
694 705 814 737 testum
835 705 1065 750 &materiale;
1089 707 1143 740 illa
1156 709 1255 751 vero,

377 763 448 796 quae
472 766 527 797 per
549 755 687 788 modum
710 753 815 788 habiti
838 755 1064 799 significatur,
1087 756 1208 792 dicitur
1220 761 1254 794 si-

374 804 568 849 gnificatum
590 804 766 849 obliquum
787 804 822 843 &
845 805 984 843 formale
1009 831 1016 841 .
1042 806 1097 846 Ut
1116 806 1187 846 dixi
1210 809 1253 846 la-

373 853 439 895 tius
460 856 571 898 supra.

421 913 456 949 4.
485 905 532 938 Ac
558 902 635 937 vero
655 915 724 942 vox
747 904 904 940 abstrasta
925 918 995 942 non
1010 907 1175 953 fignificat
1185 909 1249 944 for-

370 965 461 989 mam
493 952 637 988 habitam
656 966 733 989 cum
762 955 903 999 subjecto
931 957 1074 993 habente
1095 983 1107 1000 ,
1144 971 1250 1005 neque

366 1014 471 1038 unum
493 1014 548 1046 per
571 1005 711 1039 modum
736 1003 842 1041 habiti
869 1029 881 1046 ,
907 1007 942 1042 δε
961 1009 1101 1044 alterurn
1116 1022 1170 1053 per
1181 1021 1248 1044 mo·

365 1052 446 1087 dum
468 1051 618 1089 habentis
647 1067 657 1098 ;
685 1053 741 1090 sed>
762 1057 921 1101 fignificat
942 1059 1155 1098 solummode
1177 1062 1247 1097 for-

364 1115 455 1138 mam
481 1102 647 1147 habitam;
676 1104 760 1141 verb.
784 1117 831 1151 gt.
845 1118 909 1141 vox
930 1109 1035 1145 albedo
1058 1121 1126 1147 non
1151 1111 1246 1154 signi-

362 1153 440 1188 ficat
463 1154 641 1198 subjectum
670 1154 791 1190 habens
818 1155 1003 1193 albedinem
1026 1173 1038 1195 .-
1065 1160 1118 1194 sed
1142 1160 1242 1198 solam

361 1204 572 1247 albedinem,
600 1218 671 1241 non
685 1207 1168 1252 eonfignifieandosubjectum,
1197 1210 1244 1247 si-

359 1255 487 1290 militer
510 1267 576 1291 vox
594 1255 768 1291 humanitas
795 1269 864 1293 non
889 1258 1049 1302 fignificat
1073 1261 1240 1303 personam

357 1302 536 1341 habentem
560 1306 802 1345 humanitatem
831 1319 842 1350 ς
867 1308 923 1342 sed
952 1308 1165 1346 solummodo
1186 1308 1244 1344 hu*

356 1357 552 1391 manitatem
580 1381 592 1397 ,
628 1369 698 1392 non
730 1356 1013 1403 consignificando
1037 1361 1207 1403 personam
1231 1386 1240 1396 .

355 1402 494 1441 Praecisa
514 1418 595 1451 ergo
617 1407 808 1444 differentia
821 1409 914 1445 vocis
937 1408 1100 1447 abstradtae
1120 1409 1138 1446 ὲ
1159 1421 1238 1445 con·
1259 1440 1261 1442 .

355 1466 445 1490 creta
458 1480 470 1496 ,
492 1457 548 1491 fita
569 1455 616 1492 cst
638 1457 672 1492 in
696 1457 782 1494 hoct
810 1458 902 1499 quod
925 1470 992 1496 vox
1005 1459 1236 1496 concretafor-
1258 1497 1259 1500 ,

355 1516 446 1542 mam
467 1504 616 1543 habitam
640 1518 717 1542 cum
740 1506 883 1550 subjecto
910 1506 1052 1545 habente
1067 1534 1078 1550 ,
1110 1521 1148 1545 ac
1172 1511 1241 1548 for<

354 1567 445 1590 mam
469 1567 525 1600 per
545 1555 810 1592 modumhabiti
832 1569 844 1599 3
879 1558 1056 1602 subjeetum
1079 1561 1156 1594 vero
1180 1571 1234 1603 per

353 1606 492 1640 modurn
517 1605 669 1643 habent-is
693 1606 867 1651 fignificett
895 1618 927 1642 at
951 1608 1101 1644 verovox
1114 1609 1229 1644 abstra-

353 1657 402 1691 ὀὶει
426 1656 528 1691 solam
552 1658 693 1692 formam
718 1655 866 1694 habitam
883 1658 1043 1702 significet
1066 1684 1074 1694 .
1111 1659 1231 1697 Discri-

351 1717 432 1740 men
455 1718 536 1751 ergo
558 1707 642 1741 inter
665 1703 762 1741 hasce
783 1717 879 1741 voces
899 1707 945 1742 est
956 1707 1102 1752 duplex:
1128 1719 1232 1745 unum

353 1755 535 1791 desumitur
557 1768 599 1792 ex
634 1767 722 1800 parte
742 1756 914 1802 significati
936 1770 944 1794 t
987 1769 1231 1802 voxconcteta

352 1807 475 1849 quippe
500 1805 599 1840 habet
621 1806 688 1840 duo
709 1807 912 1852 significata,
941 1809 1080 1846 formam
1103 1807 1229 1847 scilicet

352 1867 430 1893 cum
453 1854 595 1897 subjecto
615 1866 623 1887 ε
650 1868 719 1890 vox
741 1856 993 1894 vero'abssrafia
1017 1860 1154 1894 unicum
1177 1862 1230 1893 so*

351 1905 530 1941 lummodo
550 1929 561 1945 ‚
590 1904 693 1940 solam
714 1906 838 1942 scilicet
858 1907 1001 1942 formam
1024 1934 1031 1941 .

352 1956 536 1990 desumitur
555 1967 596 1990 ex
622 1965 709 1999 parte
731 1956 823 1990 modi
835 1956 1043 2001 significandi
1063 1959 1202 1994 formam
1218 1984 1229 1999 ‚

350 2018 425 2051 quae
445 2006 491 2041 est
516 2006 645 2049 utrique
669 2007 742 2040 voci
764 2017 946 2040 commune
977 2007 1198 2052 significatum
1216 2021 1224 2042 ε

351 2057 420 2092 alio
438 2068 581 2100 namque
603 2056 705 2091 modo
728 2058 869 2092 formam
893 2055 1040 2093 habitam
1065 2059 1227 2102 fignificat

351 2119 419 2141 vox
437 2116 616 2147 concreta,·
642 2106 709 2138 alio
731 2104 832 2138 modo
855 2115 922 2140 vox
940 2104 1118 2146 abnuam
1147 2107 1228 2141 Vox

351 2165 505 2191 concreta
527 2156 618 2189 enim
640 2153 799 2198 fignificat
825 2153 915 2192 illam
940 2164 994 2196 pet
1019 2153 1154 2189 modum
1170 2154 1245 2205 haut

352 2206 439 2249 biti;
466 2205 620 2244 abstracta
643 2204 719 2239 vero
743 2203 898 2238 minime.-
925 2203 1083 2248 fignificat
1094 2205 1244 2247 quidem}

352 2258 494 2291 formam
516 2255 560 2290 ab
576 2254 690 2297 aliquo
707 2254 849 2297 subjecte
870 2251 1018 2295 habitam
1042 2267 1052 2301 5
1090 2265 1158 2293 non
1183 2264 1227 2292 ta-

352 2317 430 2341 men
454 2317 510 2350 per
528 2303 665 2338 modum
685 2301 804 2338 habiti.
1160 2332 1163 2334 .

401 2368 432 2402 5.
459 2359 550 2388 Ratio
570 2353 660 2395 hujus
684 2351 721 2393 est
743 2366 751 2388 z
779 2353 855 2398 quia
878 2352 1058 2398 significare
1085 2354 1226 2392 formam

350 2417 407 2451 per
427 2405 565 2439 modum
586 2402 688 2438 habiti
703 2427 714 2444 ,
739 2414 808 2437 non
831 2403 876 2438 est
898 2402 1108 2440 solummodo
1131 2404 1245 2447 ligni»

350 2458 446 2491 ficare
467 2456 607 2490 formam
620 2478 632 2494 ,
658 2464 729 2498 quae
749 2451 913 2494 habetur;
937 2451 988 2489 sed
1012 2454 1056 2492 est
1070 2454 1228 2498 fignifica-

350 2519 385 2542 re
408 2508 549 2541 formam
564 2530 575 2546 ,
597 2515 668 2548 quae
689 2503 827 2537 habetur
849 2529 859 2545 ‚
885 2514 1045 2547 quatenus
1069 2502 1223 2539 habetur.

351 2559 391 2590 Id
409 2556 466 2597 est:
495 2555 591 2589 fimul
612 2565 690 2588 cum
713 2552 928 2589 suihabentia
942 2577 954 2593 ,
980 2554 1035 2588 seu
1055 2553 1225 2589 habitione

351 2607 486 2651 paffiva.
516 2604 622 2649 Atqui
645 2614 712 2638 vox
728 2603 882 2641 abstracta
906 2615 974 2638 non
990 2604 1149 2648 fignificat
1162 2603 1218 2638 ha-

351 2657 515 2692 bitionem
537 2657 649 2690 formae
679 2655 698 2689 ὲ
722 2654 752 2687 se
773 2653 993 2697 principaliter
1016 2655 1223 2699 significatas:

351 2719 452 2745 nam,
477 2714 585 2748 anper
606 2710 826 2747 experientiam
845 2713 957 2746 pam,
983 2705 1063 2739 dum
1075 2705 1220 2749 aliquam

349 2768 465 2792 vocem
487 2756 676 2791 abstraehm
696 2755 847 2789 audimus
862 2780 873 2795 ,
899 2755 1032 2799 quidem
1052 2754 1093 2788 de
1112 2755 1217 2790 forma

350 2810 536 2852 cogitamus
573 2831 585 2846 ,
630 2806 786 2848 illamque
804 2806 1037 2848 concipimus;
1068 2804 1110 2841 de
1133 2804 1221 2839 illius

348 2857 426 2892 vero
458 2857 572 2901 paffiva
596 2853 777 2895 habentia,
801 2866 858 2890 aut
881 2855 915 2889 in
931 2856 989 2889 suo
1002 2853 1141 2896 subjecto
1155 2854 1217 2886 ine·

349 2909 504 2942 xistentia
526 2904 623 2951 plane
644 2906 678 2940 ὰ
699 2904 841 2940 omnin&
869 2904 953 2939 nihil
977 2928 984 2939 .
1012 2905 1101 2948 Ergo
1124 2915 1219 2938 voces

349 2958 510 2993 abstraaae
531 2957 664 2999 quidem
686 2955 869 3000 significant
891 2956 1031 2991 formam
1056 2953 1217 2996 habitam;

348 3018 416 3041 non
435 3017 546 3042 tamen
576 3018 631 3050 per
661 3007 797 3040 modum
819 3003 924 3039 habiti
946 3029 953 3037 .
989 3006 1113 3039 Praeur
1130 3011 1218 3045 expe-

348 3063 486 3093 rientiam
511 3082 522 3098 ,
549 3057 644 3091 adbuc
661 3065 717 3099 pro
737 3061 843 3089 minori
860 3055 945 3096 facit
965 3060 1041 3088 ratio
1062 3067 1073 3087 .·
1099 3056 1173 3098 quia
1196 3055 1217 3091 fi

349 3120 415 3143 vox
443 3107 597 3142 abstracta
631 3107 824 3151 significaret
862 3105 973 3141 formae
1009 3103 1218 3147 habentiam,

348 3158 411 3200 iarn
434 3170 501 3192 non
527 3157 702 3199 abstra6h3
728 3157 782 3191 sed
803 3167 958 3191 concreta
978 3155 1082 3191 foret:
1110 3146 1231 3217 omnis?

349 3211 466 3251 quippe
489 3209 523 3242 &
544 3208 612 3242 sola
644 3218 709 3240 vox
747 3215 899 3265 confreta
922 3206 1081 3250 significat
1106 3206 1230 3275 format¹

349 3254 538 3292 habendam
561 3284 569 3291 .
597 3257 813 3300 Consequens
839 3257 1011 3290 absurdum
1029 3255 1074 3289 est
1095 3268 1103 3291 z
1139 3265 1231 3310 ergo¹

349 3305 384 3338 &
407 3309 616 3342 antecedens.
646 3306 795 3341 Probatur
815 3305 936 3349 sequela
958 3308 1081 3342 maioris
1102 3317 1110 3337 :
1140 3307 1232 3349 quia}

349 3364 414 3387 vox
435 3368 584 3392 concreta
607 3358 653 3392 est
673 3369 737 3392 vox
770 3357 956 3402 fignificans
979 3356 1118 3391 formam
1141 3366 1218 3390 cum

348 3402 490 3445 subiecto
510 3419 518 3440 2
557 3409 643 3449 atqui
668 3407 780 3442 omnis
812 3418 875 3446 vox
899 3407 1085 3451 significans
1107 3407 1218 3444 forma:

346 3452 497 3500 paffivam
526 3454 713 3495 habentiam
735 3482 749 3502 ,
784 3457 947 3507 fignificat
977 3456 1119 3495 formam
1140 3467 1217 3494 cum

1075 1909 1228 1944 Alterum
1251 1934 1254 1940 ,

942 133 944 137 ’
1011 120 1170 173 DrsP.
1218 122 1314 174 IXi
1364 121 1503 173 Due.
1541 127 1574 175 Ι.

1327 210 1491 253 subjestm
1517 221 1598 254 ergo
1616 209 1638 246 fi
1660 219 1725 258 voit
1747 208 1896 249 abstracta
1921 210 2114 256 significaret
2133 211 2198 248 for-

1325 269 1385 295 mae
1407 259 1594 298 habentiam
1608 285 1619 301 ‚
1645 260 1709 303 jam
1732 261 1815 295 foret
1831 271 1895 293 vox
1925 273 2076 296 concreta
2090 288 2097 295 .
2125 263 2196 293 Pro·
2241 263 2244 270 ‘

1323 309 1413 348 batur
1437 316 1557 347 minor.-
1585 313 1661 355 quia
1685 311 1797 347 forma:
1810 310 1926 353 paffiva
1945 311 2116 356 &subjecto
2135 309 2191 345 ha·

1323 358 1433 397 bentia
1454 362 1498 397 est
1521 362 1632 400 formae.
1654 371 1730 396 curn
1752 361 1811 396 suo
1832 360 1972 404 subjecto
1983 363 2088 404 unio,
2116 369 2194 396 con·

1320 409 1468 452 junctio,
1493 412 1525 444 δε
1548 411 1735 445 concretio:
1762 410 1851 453 atqui
1873 409 2123 455 figru'ficarinon
2138 423 2194 456 po·

1322 460 1379 493 test
1405 463 1515 498 torma
1537 473 1612 495 cum
1636 461 1778 503 subjecto
1800 460 1882 495 unio
1901 484 1912 501 ,
1950 459 2009 498 ulfi
2030 463 2193 508 consigni-

1321 510 1433 544 ficetur
1456 512 1559 554 ipsum
1589 510 1763 554 subjectum
1785 536 1795 551 ‚
1837 511 1891 547 cui
1927 510 2032 551 forma
2054 513 2191 550 unitur,-

1318 570 1397 602 ergo
1419 560 1563 596 similiter
1584 560 1757 604 significari
1781 572 1849 597 non
1876 560 1979 605 potest
2000 561 2113 599 ἴοι-ωε
2124 564 2190 606 pas·

1319 610 1382 643 siva
1404 609 1422 645 ὲ
1446 610 1586 653 subjecto
1606 609 1760 645 habentia
1778 634 1789 650 ,
1816 610 1873 645 nifi
1894 611 2114 655 significetur,
2141 612 2189 649 vel

1317 660 1580 703 conlignificetur
1603 659 1708 704 ipsum
1731 659 1926 704 subjefium,
1953 661 1971 695 ὲ
1992 673 2059 705 quo
2085 662 2190 699 forma,

1319 707 1453 746 habetur
1476 722 1486 744 a
1521 722 1601 755 ergo
1633 709 1743 745 omnis
1779 720 1843 745 vox
1866 710 2049 755 significans
2076 712 2194 750 formae·

1316 758 1506 797 habentiam
1532 785 1544 802 ,
1581 761 1679 795 etiam
1701 758 2062 808 confignificat'formae
2085 761 2188 803 subje-

1315 811 1403 847 &um
1426 823 1439 844 ι
1464 810 1614 855 adeoque
1631 809 1794 855 fignificat
1817 807 2056 850 formam'cum
2081 811 2188 854 subje-

1313 862 1382 895 ἂο,
1408 860 1545 897 Certum
1564 871 1644 906 ergo
1662 859 1720 901 fit,
1746 859 1764 894 ὲ
1793 870 1870 894 voce
1883 859 2035 896 abstrasta
2052 861 2184 905 quidem

1314 910 1484 956 significari
1515 912 1655 948 formam
1688 909 1834 947 habitam
1856 921 1868 955 3
1906 921 1975 947 non
1994 921 2102 948 tamen
2125 923 2181 956 per

1312 960 1448 996 modum
1461 960 1565 997 habiti
1577 986 1585 996 .

1362 1010 1395 1048 6.
1417 1016 1472 1047 Ex
1496 1023 1551 1056 quo
1566 1018 1652 1054 patet
1677 1023 1688 1044 .·
1725 1009 1803 1054 quid
1825 1010 1859 1045 in
1879 1009 2074 1046 definitione
2093 1011 2183 1045 vocis

1310 1071 1467 1098 concretae
1487 1061 1628 1106 intelligi
1650 1059 1765 1094 debeat
1793 1060 1927 1098 nomine
1940 1060 2053 1104 formae
2066 1086 2076 1103 ‚
2101 1061 2181 1107 quid,

1312 1112 1447 1147 nomine.
1465 1111 1607 1156 subjeaei.
1637 1111 1726 1148 Dico
1740 1110 1829 1144 enim
1843 1135 1853 1151 ‚
1882 1111 2131 1154 nomineformae
2144 1112 2179 1147 δε

1303 1158 1429 1202 subjet‘li
1450 1174 1518 1198 non
1543 1161 1660 1197 debere
1681 1160 1822 1204 intelligi
1843 1160 1944 1195 solam
1966 1162 2106 1195 formam
2132 1160 2181 1194 in·

1308 1211 1529 1251 formantem,
1555 1222 1611 1249 aut
1633 1209 1843 1246 inhaerentem
1856 1222 1931 1246 cum
1956 1210 2012 1244 suo
2037 1210 2179 1253 subjecto

1307 1260 1568 1302 informationis,
1586 1270 1650 1298 ‚aut
1671 1255 1876 1302 inhaefionis3
1906 1260 1957 1295 sed
1969 1260 2115 1305 intelligi
2125 1261 2177 1294 de·

1306 1310 1359 1348 bet
1382 1313 1489 1347 forma
1511 1321 1587 1347 cum
1611 1301 1752 1354 subicito
1773 1311 1834 1346 suae
1846 1309 2103 1353 praedicationis:
2130 1310 2177 1345 ita

1291 1369 1338 1399 ,ut
1371 1361 1576 1399 definitionis
1597 1360 1652 1398 hic
1674 1362 1711 1397 fit
1742 1361 1908 1405 legitimus
1930 1360 2039 1395 sensus
2062 1373 2070 1394 z
2108 1371 2176 1395 vox

1302 1422 1455 1448 concreta
1476 1412 1520 1446 est
1553 1412 1631 1453 illa,
1658 1421 1729 1456 quat
1750 1411 1910 1455 significat
1931 1410 2071 1446 formam
2081 1409 2173 1456 simul

1299 1462 1583 1506 configniflcando
1606 1460 1780 1504 subjeetum
1791 1483 1803 1500 ,
1830 1460 1870 1494 de
1882 1469 1949 1504 quo
1961 1457 2148 1502 praedicatur
2159 1483 2171 1500 ,

1300 1510 1350 1545 vel
1371 1511 1533 1554 praedicari
1557 1510 1664 1554 potest
1687 1534 1694 1543 .
1722 1511 1809 1555 Quae
1827 1510 1898 1545 duae
1919 1508 2172 1554 significationes

1292 1559 1404 1603 formae
1425 1563 1460 1597 &
1478 1560 1604 1605 subjeffl
1623 1570 1692 1595 non
1716 1560 1790 1594 sunt
1813 1559 1934 1595 eaedem
1957 1582 1967 1599 ,
1996 1570 2100 1603 neque
2125 1558 2172 1592 in-

1298 1621 1345 1646 ter
1368 1613 1400 1647 se
1423 1618 1678 1651 convertuntur;
1705 1610 1758 1645 sed
1785 1610 1858 1645 suut
1882 1608 1977 1652 plane
1987 1606 2171 1653 disparatae:

1299 1662 1437 1704 suntque
1451 1663 1592 1704 respectu
1608 1660 1653 1695 sui
1665 1657 1784 1695 mutuo
1796 1659 1900 1704 magis
1912 1671 1950 1693 ac
1963 1658 2072 1693 minus
2081 1668 2172 1693 com-

1298 1722 1412 1745 munes
1427 1730 1435 1738 -
1463 1712 1552 1749 Nam
1571 1710 1679 1747 omnis
1699 1710 1805 1743 forma
1826 1709 1860 1746 &
1881 1708 2059 1751 subjeetum
2070 1708 2173 1742 infor·

1297 1761 1454 1796 mationis
1473 1762 1516 1798 est
1537 1761 1672 1805 quidem
1694 1760 1800 1795 forma
1820 1760 1853 1792 δε
1876 1757 2052 1804 subjectum
2065 1755 2172 1801 praedi-

1286 1812 1437 1847 ,cationis
1458 1823 1468 1854 ;
1510 1822 1577 1845 non
1614 1820 1723 1846 tamen
1754 1807 1772 1845 ὲ
1793 1819 1908 1845 contra
1930 1820 1937 1839 :
1977 1818 2013 1843 ut
2034 1805 2168 1852 pulchte

1283 1854 1438 1898 &stendit
1465 1864 1626 1906 Gregorius
1650 1857 1836 1897 Ariminensi}
1858 1863 1890 1892 in
1908 1856 2165 1902 2.d1st.1.quaest.

1297 1922 1329 1956 ς.
1343 1913 1478 1952 art.2.ad
1491 1924 1519 1949 2.
1533 1923 1571 1944 ex
1582 1915 1822 1946 commentatore
1834 1905 1923 1951 super
1938 1917 1968 1957 3.
1973 1904 2052 1949 phys]
2065 1918 2166 1941 comm.

1300 1959 1351 2000 18-
1379 1972 1428 2006 19.
1448 1963 1482 1996 <v
1506 1970 1563 1998 20.
1585 1963 1736 2002 Etpatet:
1769 1969 1846 1994 narn
1869 1958 1976 1994 forma
1997 1957 2168 2001 ptaedicata

1295 2011 1436 2052 respectu
1461 2008 1611 2051 subjecti,
1638 2009 1679 2045 de
1702 2018 1770 2050 quo
1793 2006 2002 2050 praedicatur,
2025 2003 2167 2054 habetse

1277 222 1285 284 l
1308 226 1316 297 l

1249 2058 1253 2066 ’
1295 2059 1396 2097 modo
1412 2060 1492 2093 ficut
1509 2059 1616 2094 forma
1637 2058 1678 2094 ad
1702 2056 2138 2100 subjestuminformationis
2152 2069 2165 2090 :

1293 2108 1392 2149 mode)
1413 2108 1494 2144 ficut
1515 2110 1628 2153 forma·
1643 2106 1683 2142 ad
1706 2107 1881 2148 subjeetum
1902 2104 2094 2141 adhaefionis
2117 2106 2164 2139 in-

1293 2155 1461 2197 haelionis,
1486 2167 1541 2192 aut
1554 2156 1814 2200 suppositationis
1825 2168 1836 2190 .-
1862 2154 1965 2191 mode
1976 2155 2055 2188 ficut
2066 2154 2162 2189 vestis

1290 2208 1329 2242 ad
1352 2206 1502 2252 >vestitum
1524 2220 1536 2244 ‚-
1570 2204 1673 2243 modo
1693 2206 1772 2242 ficut
1799 2204 1891 2242 locus
1913 2203 1955 2246 ad
1977 2203 2123 2239 locatum
2142 2228 2155 2245 ,

1291 2257 1394 2292 modo
1418 2257 1495 2293 ficut
1506 2256 1596 2292 aetna
1604 2254 1645 2290 ad
1657 2255 1845 2297 objectum.-
1871 2253 1976 2291 mode
1988 2253 2066 2288 sicut
2080 2251 2160 2289 sub-

1289 2306 1409 2346 jectum
1421 2307 1460 2340 ad
1472 2306 1612 2340 sormam
1631 2305 1866 2342 informantem
1877 2327 1889 2344 ,
1915 2301 2132 2337 adhaerentem
2145 2325 2159 2344 ,

1290 2354 1520 2395 inhaeremem,
1547 2354 1597 2389 vel
1616 2354 1868 2397 suppofitatarn:
1895 2350 1996 2390 mode
2016 2352 2096 2386 ficut
2107 2363 2161 2386 ve·

1288 2403 1400 2441 stitum
1424 2405 1465 2442 ad
1480 2404 1616 2450 vestem.
1644 2404 1807 2441 Locatum
1829 2402 1869 2437 ad
1882 2402 2015 2441 locum,
2040 2401 2158 2439 &est-

1287 2456 1354 2490 cuti
1363 2455 1513 2497 exempla
1523 2454 1679 2490 inducere
1686 2454 1812 2488 volenti
1823 2449 1920 2487 facile
1930 2452 1985 2486 fiet
1997 2450 2135 2487 obvium
2145 2475 2157 2487 .·

1291 2505 1378 2550 Ergo
1401 2506 1506 2541 forma
1527 2504 1560 2542 ἃ
1582 2503 1755 2546 subjeetum
1768 2501 2006 2549 praedicationis
2019 2501 2158 2535 nullate·

1288 2565 1346 2592 nus
1356 2554 1542 2595 confundi,
1566 2563 1622 2590 aut
1633 2551 1780 2589 converti
1797 2551 1927 2597 poffuut
1938 2562 2015 2587 cum
2026 2551 2131 2587 forma
2142 2576 2155 2595 ,

1285 2605 1319 2641 ὅς
1334 2606 1366 2642 su
1373 2604 1476 2646 bjeeto
1489 2603 1733 2638 informationis
1743 2625 1751 2637 .

1298 2694 1300 2696 ¹
1334 2666 1363 2701 7.
1393 2658 1431 2690 Ac
1453 2659 1531 2689 ratio
1550 2651 1639 2693 hujus
1658 2658 1714 2688 mei
1735 2651 1809 2686 didi
1829 2649 1867 2690 est
1888 2653 1995 2685 clara.-
2019 2649 2097 2695 quia
2118 2650 2154 2684 in

1283 2703 1478 2742 definitione
1499 2703 1585 2739 vocis
1610 2712 1771 2739 concretae
1792 2701 1929 2737 nornine
1939 2701 2156 2735 formae&su·

1285 2754 1377 2796 bjeffi
1391 2753 1588 2797 intelligitur
1596 2764 1694 2787 omne
1705 2750 1855 2788 habitum
1867 2752 2007 2786 &omne
2018 2749 2152 2786 habens:

1281 2814 1314 2837 ut
1333 2807 1400 2837 dixi
1422 2814 1535 2851 num.3.
1561 2803 1622 2841 Vel
1640 2803 1748 2846 potius
1771 2800 1968 2845 intelligitur
1980 2811 2027 2834 res
2037 2800 2155 2846 signifi·

1281 2865 1353 2889 cata
1377 2866 1431 2898 per
1452 2855 1589 2889 modum
1612 2851 1738 2891 habiti,
1764 2851 1797 2887 ἃ
1828 2861 1876 2887 res
1895 2850 2076 2897 fignificat}
2095 2860 2152 2896 pet

1282 2906 1416 2940 modum
1441 2903 1608 2941 habentis:
1636 2903 1723 2948 atqui
1749 2900 1797 2937 bae
1820 2911 1868 2936 res
1880 2900 1962 2938 inter
1973 2900 2150 2944 sequidem

1280 2964 1509 2998 comparantur
1529 2956 1650 2998 semper
1674 2962 1840 2995 tamquam
1869 2952 1974 2988 forma
1996 2951 2029 2992 &
2051 2950 2150 2993 subje-

1278 3007 1363 3045 etum
1386 3004 1645 3048 praedicationis3
1673 3014 1741 3038 non
1765 3002 1886 3043 semper
1897 3009 2008 3039 tamen
2020 2999 2148 3034 seseha-

1279 3055 1356 3092 bent
1379 3064 1543 3098 tamquam
1566 3054 1672 3090 forma
1691 3052 1723 3088 &
1744 3049 1920 3093 subjectum
1941 3049 2148 3084 informatio-

1279 3106 1347 3139 nis:
1377 3106 1428 3142 sed
1443 3103 1563 3141 habent
1576 3105 1609 3142 se
1621 3102 1722 3140 modi>
1738 3100 1822 3140 hoc,
1837 3098 1939 3137 mod&
1951 3099 2012 3134 isto
2024 3098 2145 3134 modo:
2166 3116 2168 3119 ·

1277 3157 1324 3189 uti
1352 3154 1460 3190 statim
1480 3153 1648 3192 dicebam·
1676 3152 1764 3196 Ergo
1788 3150 1823 3186 in
1847 3149 1908 3186 hac
1925 3148 2145 3191 definitione,

1279 3206 1412 3244 nomine
1425 3204 1576 3240 formae&
1588 3202 1719 3243 subjesti
1732 3199 1875 3244 intelligi
1886 3200 1985 3235 debet
1998 3211 2066 3238 non
2081 3200 2148 3234 for-

1277 3266 1328 3292 ma
1353 3255 1387 3289 &
1411 3251 1856 3298 subjestuminformationi53
1887 3250 1941 3285 sed
1953 3249 2144 3290 formacutn

1277 3305 1418 3347 subiesto
1445 3302 1680 3347 praedicationis
1689 3327 1696 3337 .
1727 3300 1770 3337 Et
1782 3298 1857 3336 sane
1868 3301 1890 3334 fi
1901 3301 1934 3334 in
1947 3298 2144 3334 definitione

1276 3355 1410 3389 nomine
1413 3355 1527 3397 forme
1549 3354 1581 3393 &
1597 3350 1992 3396 subjedliintelligeremus
2002 3350 2143 3384 formam

1275 3416 1347 3438 cum
1370 3406 1508 3449 subjecto
1528 3403 1796 3443 informationis,
1822 3411 1918 3444 quam
1930 3400 2076 3444 plurimae
2087 3408 2143 3433 vo·

1273 3467 1326 3495 ces
1339 3457 1410 3493 vere
1419 3463 1576 3496 concretae
1585 3476 1597 3498 2
1620 3451 1764 3493 dicendae
1789 3452 1897 3491 forent
1910 3461 1978 3490 non
1990 3449 2052 3484 effe
2065 3459 2143 3485 con-

1977 3508 2069 3535 cretae
2080 3511 2092 3534 ε
