2384 3770
767 162 1510 214 Arni-ocris.

248 236 510 282 dependentem,
520 239 553 275 ὃς
566 250 739 276 exeuntem
750 240 886 276 babere.
914 241 1004 285 Ergo
1016 241 1038 275 fi
1050 242 1116 277 ani-

251 299 305 327 ma
315 288 584 332 gallinaematris‚
610 301 666 336 aut
676 291 754 337 galli
767 302 869 346 patris
885 292 1119 338 conformatio·

251 348 329 372 nem
350 339 407 373 ovi
429 340 637 385 solummodo
655 340 792 384 mediate
811 348 899 384 agit,
934 340 1008 375 sane
1029 342 1118 380 illam

251 397 322 421 non
336 389 408 435 vere
417 391 506 436 agit,
533 401 637 434 neque
646 389 691 424 est
703 391 796 424 causa
808 391 895 424 illius
917 402 1008 425 vera.
1037 393 1083 426 At
1099 393 1120 430 si

254 448 324 480 non
341 451 414 483 vera
437 465 448 481 ‚
473 438 643 485 quomodo
657 439 842 483 principalis
863 441 992 481 caussa?
1017 445 1120 485 Opor-

253 498 301 522 tet
311 500 393 535 {ergo
404 501 541 534 quaerere
550 488 647 533 aliam
670 488 766 532 hujus
785 491 890 533 operis
912 502 1018 532 veram
1030 491 1121 534 prin-

255 539 414 581 cipalem,
434 539 701 585 &immediatam
713 541 852 582 caussam
866 554 878 575 .-
903 541 1048 584 quaefifit
1058 542 1121 577 alia

255 599 355 633 quam
369 600 433 629 ovo
446 588 583 627 insidens
595 592 719 630 anima,
743 601 803 624 oro
816 601 847 633 te
859 591 949 635 illam
961 602 1001 626 ne
1012 603 1064 625 me
1072 603 1121 635 ce-

256 637 308 681 ,¹³2
335 636 568 682 habebiturque
578 639 770 682 immortalis
780 642 882 684 gratia
895 665 903 673 .

309 696 360 722 10.
387 688 518 722 Deinde
538 700 602 734 ego
622 688 789 724 debilioris
824 690 981 731 stomachi
1013 690 1084 733 sum
1114 713 1125 730 ,

255 747 352 781 quam
365 747 400 771 ut
413 736 471 771 ista
490 738 531 773 ab
550 738 674 774 afflone
695 742 729 774 δε
756 740 870 781 afiuali
892 743 1123 786 cooperatione

254 788 319 821 suae
339 787 523 833 principalis
541 790 652 828 caussa
671 791 809 837 separata
832 791 1044 834 instrumenta
1074 801 1123 824 va·

254 837 341 878 leam
352 836 511 883 digerere.
539 839 591 873 De
600 839 718 885 quibus
730 839 863 883 pulchre
873 840 957 875 dixit
968 840 1123 878 Thomas

254 886 410 927 Fienusl.
422 888 459 922 de
471 893 506 929 ’μὶ
509 887 685 929 formatrice
688 888 786 930 foetus
803 901 850 932 qu.
868 890 898 925 6
921 891 955 924 tir
975 895 1007 928 in
1030 891 1123 932 apolo-

249 941 305 980 gia
315 947 415 970 contra
426 937 556 974 Sanlla·
569 949 661 971 crux.
687 944 727 974 Et
737 946 815 972 rano
825 939 955 976 breviter
976 939 1015 982 ιβ
1036 940 1123 973 haec:

254 987 347 1036 Qia
370 987 618 1030 instrumentum
639 985 706 1026 non
727 989 826 1033 potest
848 990 994 1025 effectum
1007 990 1122 1033 produ·

253 1046 327 1069 cere
339 1034 370 1070 se
383 1036 474 1082 solo,
501 1037 553 1076 sed
565 1036 660 1076 debet
672 1038 834 1082 adjuvari,
848 1039 966 1073 elevari
978 1064 990 1080 ,
1016 1050 1122 1079 move

254 1086 283 1119 ri
302 1097 339 1119 ac
362 1097 417 1129 per
443 1097 548 1123 totam
574 1088 663 1123 suam
686 1090 847 1134 astionem
865 1089 992 1134 dirigi
980 1101 998 1123 a
1020 1090 1124 1123 caussa

254 1135 451 1182 principali:
491 1137 740 1178 instrumentum
759 1140 848 1178 enim
869 1151 963 1184 agere
985 1138 1124 1175 debetin

255 1186 375 1221 virtute
387 1187 496 1224 causEe
508 1188 710 1231 principalis.
742 1190 844 1238 Atqui
855 1200 948 1233 agere
959 1190 993 1223 in
1007 1191 1125 1223 virtute

257 1235 312 1276 seu
325 1246 379 1283 per
390 1232 539 1272 virtutem
550 1240 661 1274 caussae
685 1235 869 1286 principalis
887 1239 933 1273 est
954 1250 1048 1284 agere
1072 1249 1125 1282 per

256 1286 422 1319 aaronem
442 1287 555 1328 caussae
580 1288 786 1334 principalis,
811 1289 876 1323 five
889 1290 933 1325 est
959 1289 1071 1322 assumi
1092 1288 1125 1330 ὃς

255 1333 373 1373 elevari
385 1334 425 1369 ad
435 1337 597 1379 astionem
610 1339 723 1383 caussae
735 1339 938 1382 principalis:
965 1350 1044 1383 ergo
1057 1338 1125 1371 nul-

254 1383 324 1417 lum
336 1385 405 1418 dari
419 1387 518 1428 potest
531 1377 781 1431 instrumentum
794 1388 834 1423 ab
854 1388 966 1436 actuali
976 1399 1126 1441 coopera-

255 1434 348 1474 tione
362 1437 419 1468 suae
431 1437 541 1471 caussae
552 1427 735 1481 principalis
746 1440 941 1484 separatum.

308 1494 324 1519 1
335 1493 358 1517 1.
384 1485 446 1519 Sed
460 1486 659 1524 Clarissimus
672 1487 717 1533 D
728 1487 894 1530 Plempius
905 1486 1046 1528 οιιιιιίιιὸ
1059 1487 1126 1525 vult

253 1531 442 1577 hujusmodi
455 1537 593 1578 separata
605 1537 818 1577 iustrumenta
830 1535 848 1569 a
862 1537 955 1581 politi
981 1535 1125 1580 philoso-

254 1581 314 1627 phi
325 1582 493 1620 stomacho
514 1586 576 1618 effe
599 1585 816 1630 digestibilia
849 1585 983 1623 Etenim
1005 1586 1071 1620 Lib
1095 1598 1126 1622 2-

255 1631 438 1677 defundant.
449 1636 553 1669 medtc
563 1633 679 1683 seH.4
682 1660 689 1668 .
711 1643 775 1676 cap,
800 1647 828 1676 1.
843 1634 951 1677 &sed
966 1638 996 1674 6.
1019 1645 1081 1680 cap.
1081 1648 1126 1692 75

255 1680 433 1727 impulsum
445 1646 685 1729 locomotivurn
699 1686 781 1723 dicit
793 1686 855 1719 esse
874 1683 1087 1727 hujusmodi
1081 1697 1127 1718 ιιι·

255 1731 472 1778 strumentum
495 1734 514 1767 a
538 1735 695 1769 concursu
715 1735 750 1768 &
781 1735 1014 1781 cooperatione
1035 1734 1126 1778 proji-

255 1782 373 1817 cientis
389 1776 589 1826 separatum.
614 1783 716 1827 quue
728 1794 815 1827 putat
828 1786 890 1818 esse
902 1794 969 1823 tam
983 1785 1127 1824 firmum,

254 1841 292 1864 ut
317 1831 407 1865 nulla
429 1834 574 1874 ratione,
611 1835 704 1877 nullo
725 1843 916 1882 argumento
936 1835 1089 1877 fortificet
1116 1847 1127 1866 .-

254 1881 342 1926 quasi
362 1882 439 1929 vero
451 1883 561 1917 nullus
572 1885 753 1941 reperiatur
770 1896 836 1931 tam
855 1874 1045 1929 animosus,
1071 1884 1125 1927 qui

254 1931 351 1966 illum
363 1942 492 1965 murum
511 1922 602 1977 ausus
616 1934 698 1967 foret
709 1935 864 1975 arietare3
891 1935 946 1976 qui
958 1933 1074 1974 istum'
1067 1944 1126 1965 im-

256 1980 384 2023 pulsum
407 1981 470 2021 esse
497 1973 674 2025 separatum
695 1984 859 2022 adtivitate
879 1976 1127 2023 instrumentum

256 2029 342 2062 foret
362 2029 454 2064 ausus
478 2042 612 2076 negare.
651 2031 710 2076 Ast
731 2032 834 2077 quid?
860 2032 1047 2074 Clariffimo
1071 2031 1123 2070 isti

257 2069 453 2126 philosopho
473 2081 570 2123 fidem
592 2081 740 2124 haberem
762 2092 858 2138 quam
883 2079 1127 2121 libentissime·

256 2125 338 2168 Non
351 2130 474 2172 possum
486 2140 612 2164 tamen.
637 2131 729 2172 Qicit
742 2133 833 2171 enirn
844 2141 981 2173 magnus
995 2131 1052 2166 ille
1075 2140 1127 2171 pa-

254 2187 304 2210 ter
326 2188 435 2222 meus,
464 2177 564 2221 Epist.
588 2176 643 2225 85.
665 2180 729 2222 ,Qui
749 2190 787 2222 eq,
810 2202 821 2223 2
847 2190 914 2221 quae
937 2178 1131 2222 intelligenda

245 2225 342 2270 sunt,
368 2228 513 2262 credenda
523 2228 725 2268 tantummodo
736 2222 907 2268 existimat,
932 2233 1035 2265 cunci
1052 2228 1130 2273 fides

251 2275 375 2317 profit,
397 2282 536 2318 ignorat.
574 2276 665 2323 Qia
688 2276 767 2318 ergo
788 2285 1002 2318 communem
1036 2267 1121 2311 hanc

254 2320 497 2379 philosophiam
508 2335 574 2358 non
587 2324 764 2380 intelligo·
753 2348 764 2365 ‚
792 2324 867 2361 ideo
880 2334 983 2366 neque
995 2324 1093 2361 credo
1121 2347 1128 2354 .

256 2374 289 2411 Si
303 2373 390 2416 enim
404 2374 492 2409 illam
503 2395 514 2413 ‚
539 2375 747 2419 quantumuis
756 2373 779 2412 a
787 2373 930 2417 principe
941 2372 1000 2412 illo
1012 2371 1127 2411 Philo-

255 2423 365 2466 sopho
373 2412 539 2466 probatam
552 2435 590 2457 ac
612 2423 798 2469 sigillatam,
825 2421 987 2461 crederem
1003 2422 1036 2456 &
1062 2433 1129 2462 non

255 2472 470 2516 intelligerem
483 2496 494 2515 ‚
521 2474 632 2512 nonne
644 2474 755 2518 magni
767 2474 831 2511 mei
846 2471 949 2513 Patris
965 2472 1130 2508 censuram

256 2521 471 2560 incurrerem
466 2521 481 2545 ³
505 2522 630 2556 Nonne
650 2524 704 2558 cui
717 2524 765 2570 rei
781 2523 860 2559 fides
886 2523 979 2568 prosit
1002 2522 1128 2568 ignora

255 2582 344 2614 rem.
339 2571 359 2597 ³
379 2557 564 2615 Ignorarem
576 2573 733 2618 omnino.

312 2629 325 2655 ι
334 2633 363 2662 2..
391 2621 479 2656 Dico
490 2622 575 2667 ergo
585 2622 758 2665 impulsum
769 2621 865 2656 istum
878 2621 1132 2662 loco-motivum

257 2671 318 2704 esse
341 2667 478 2710 caussam
506 2671 678 2713 separatam
705 2673 746 2707 ab
766 2674 894 2709 actione
919 2672 951 2706 ὅ(
972 2672 1127 2715 concursu

257 2718 459 2764 projicientis
470 2731 479 2760 3
507 2719 586 2754 ficut
597 2731 660 2762 ego
676 2722 747 2760 sum
757 2724 861 2761 ,caussa
872 2723 1014 2764 ,separata
1024 2720 1043 2753 a
1055 2731 1125 2755 coo

257 2770 426 2812 peratione
437 2768 499 2803 mei
509 2771 664 2812 parentis.
696 2770 828 2810 Etenim
842 2772 993 2813 ficutego
1013 2781 1128 2813 operor

256 2819 325 2852 srn'e
336 2819 560 2865 cooperatorio
569 2820 668 2864 patris
681 2821 745 2857 mei
758 2821 882 2861 auxilio
892 2844 902 2860 ‚
930 2820 977 2864 ita*
988 2819 1041 2853 ille
1054 2831 1127 2862 ope-

255 2879 345 2913 ratur
356 2865 421 2910 sien-'e
433 2870 659 2911 cooperatorio
672 2870 797 2914 auxilio
818 2870 1019 2913 projicientis
1031 2894 1038 2901 .
1066 2870 1128 2910 sed„

256 2929 345 2964 nego
356 2918 450 2962 plane
463 2919 627 2966 illurntesse
647 2921 786 2965 caussam
809 2915 1094 2963 instrumentalem
1116 2943 1129 2964 ²„

256 2970 312 3002 seu
336 2969 585 3012 instrumentum
609 2970 771 3017 astivitatg
794 2971 988 3012 separatum,-
1027 2969 1088 3012 ljle

255 3019 415 3068 inquam,
437 3019 593 3062 impulshs
605 3030 807 3063 nequaquam
821 3020 864 3053 est
884 3020 991 3059 caussa
1014 3018 1131 3064 instru-

256 3064 431 3111 mentalis;
457 3070 567 3107 sedest
582 3070 626 3102 sui
641 3070 766 3104 effectus
789 3069 892 3112 caussa
913 3068 983 3102 vere
1007 3068 1126 3111 princi-

256 3117 359 3161 palis.
385 3119 547 3162 Adeoque
559 3109 1025 3163 hicimpulsusnihilornnind
1051 3119 1125 3154 facit

258 3178 317 3210 pro
334 3166 733 3213 instrumentisafflvitate
740 3169 912 3212 separatis.
934 3172 1053 3212 Moveor
1075 3167 1128 3200 ba

2011 32 2033 75 sl

1908 172 2002 222 307

1173 242 1324 284 effectum
1335 243 1369 284 ⁸se
1382 240 1634 286 ignobiliorem,
1656 243 1696 286 est
1704 244 1848 280 evidens:
1874 243 1963 293 Qia
1973 245 2047 280 effe·-

1174 294 1243 335 *stus
1254 292 1320 335 ejus
1333 293 1375 326 est
1392 291 1536 333 ubicatio
1549 295 1690 336 corporis
1708 293 1855 338 projecti:
1883 295 1978 338 atqui
1990 294 2047 329 hic

1179 342 1334 386 impulsus
1345 341 1390 382 ⁴3st
1406 340 1504 386 longe
1515 341 1658 383 nobilior
1670 344 1876 386 ubicartipne:
1899 343 2047 384 „bicario

1177 393 1269 431 ,enim
1282 392 1390 427 tenuis
1398 391 1500 432 modu
1529 390 1576 424 est
1591 401 1602 432 3
1627 390 1680 424 hic
1693 393 1931 437 veroimpulsus
1942 394 1989 431 est
2000 395 2046 430 so·

1180 442 1286 485 lida&
1297 442 1398 476 astiva
1412 440 1487 485 qual
1502 451 1568 474 tas.
1596 440 1684 484 Ergo
1697 440 1910 486 hicimpulsus
1931 442 2047 487 produ-

1182 492 1226 526 cit
1239 491 1387 532 effestum
1398 492 1428 525 se
1439 490 1670 536 ignobiliorem
1683 508 1692 514 -
1718 490 1817 536 Qod
1839 492 1991 535 producat
2011 492 2047 529 il-

1181 542 1251 582 lum
1264 542 1382 575 virtute
1393 541 1516 588 propria
1524 563 1535 580 ,
1555 546 1648 580 ruam
1655 539 1692 580 est
1704 542 1851 574 evidens:
1872 544 1961 590 Qia
1973 544 2047 577 effe·

1184 592 1251 625 etus
1266 592 1392 635 virtutis
1405 591 1535 634 propriae
1545 598 1678 631 vocatur
1689 590 1734 629 is,
1760 591 1815 633 qui
1829 592 1965 625 naturali
1976 592 2047 627 acti·
2067 602 2070 604 ’

1184 641 1276 677 yitati
1288 666 1299 683 ,
1327 641 1531 684 naturalique
1540 639 1675 686 alicujus
1688 640 1797 679 caussa
1810 640 1920 674 virtuti
1942 642 1974 675 δε
1985 642 2049 678 effi-

1185 690 1278 726 caciae
1287 691 1331 725 est
1345 694 1606 734 proportionatus
1616 703 1626 723 .·
1654 690 1744 731 atqui
1757 690 1901 725 ubicatio
1911 689 1956 725 est
1979 691 2051 723 effe-

1186 743 1252 775 nus
1265 742 1379 775 nativae
1393 741 1525 781 virtuti,
1551 738 1705 778 astivitati
1715 763 1725 778 ,
1756 740 1788 773 δε
1798 740 1944 781 efficaciae
1957 738 2050 782 hujus

1185 779 1341 834 impulsus
1363 791 1642 834 proportionatus:
1677 787 1732 829 hic
1751 791 1873 833 quippe
1895 788 2052 837 impulsus

1185 852 1225 874 ex
1238 851 1350 875 natura
1363 841 1439 881 sua,
1465 837 1506 874 e'x
1519 841 1571 874 sua
1584 839 1693 872 nativa
1716 839 1833 874 virtute
1852 837 1898 873 est
1917 839 2053 888 qualitas

1191 891 1266 925 loco
1289 891 1434 933 motiva,
1460 889 1494 924 &
1518 889 1716 923 ubicationis
1732 887 1933 932 produfiiva.
1963 887 2054 933 Ergo

1188 940 1339 993 producit
1353 940 1444 974 istam
1458 938 1682 982 ubicationem
1695 940 1815 973 virtute
1827 940 1881 979 sua
1892 937 2053 984 propria·

1189 991 1346 1047 Adeoque
1357 988 1411 1022 hic
1423 985 1581 1031 impulsus
1591 988 1739 1032 producit
1751 989 1897 1024 eflectum
1910 987 1965 1026 sibi
1976 988 2056 1031 infe·

1188 1040 1304 1074 riorem
1318 1040 1433 1073 virtute
1447 1039 1590 1082 propria:
1617 1039 1696 1084 quid
1708 1039 1786 1082 ergo
1798 1039 1844 1072 illi
1856 1037 1940 1072 deest
1951 1060 1962 1076 ‚
1987 1049 2055 1081 quo

1189 1091 1297 1124 minus
1309 1090 1343 1122 fit
1357 1089 1459 1122 caussa
1473 1089 1542 1122 vere
1554 1087 1760 1131 principalis?
1788 1087 1883 1126 Nihil
1896 1086 2036 1121 omnino
2046 1111 2054 1120 .

1190 1139 1294 1181 Unde
1307 1138 1361 1184 hic
1376 1138 1529 1182 impulsus
1541 1139 1623 1171 nihil
1641 1138 1813 1171 confirmat
1835 1138 2009 1170 semineum
2022 1136 2057 1170 il-

1190 1184 1256 1225 lum
1270 1189 1419 1232 spiritum
1435 1199 1485 1222 tot
1500 1188 1589 1231 vanis
1601 1198 1637 1221 ac
1649 1187 1762 1228 alienis
1775 1187 1879 1221 titulis
1889 1186 1905 1219 a
1917 1185 2057 1220 Ludovi2

1188 1252 1228 1272 co
1241 1240 1284 1273 du
1298 1238 1421 1275 Gardin
1445 1239 1589 1282 fucatum
1601 1261 1608 1269 .
1635 1235 1756 1279 Nihil,
1798 1237 1954 1279 inquam,
1980 1246 2059 1271 con-

1188 1289 1293 1332 firmat
1307 1289 1356 1325 vel
1369 1288 1464 1327 istum
1478 1288 1656 1330 femineum
1670 1285 1815 1330 spiritum
1826 1311 1837 1327 ‚
1862 1285 1912 1319 vel
1925 1284 2060 1328 qualita-

1188 1338 1343 1373 tem'huic
1355 1338 1478 1381 spiritui
1494 1336 1700 1371 insidentem.
1729 1336 1802 1383 Ego
1813 1337 1903 1378 enim
1916 1346 1970 1380 per
1991 1345 2061 1368 orn-

1190 1400 1263 1423 nem
1276 1400 1380 1429 meam
1394 1387 1593 1431 phantasiam
1616 1397 1683 1421 non
1709 1386 1864 1429 intelligo
1875 1410 1885 1426 ‚
1912 1396 1978 1417 non
2002 1396 2058 1418 ca-

1191 1440 1245 1482 pio
1257 1461 1268 1477 ,
1295 1442 1362 1472 non
1384 1436 1591 1481 apprehendo
1602 1460 1615 1476 ‚
1640 1434 1808 1480 quomodo
1834 1445 1981 1468 mortuus
2003 1434 2059 1467 ille

1193 1489 1336 1532 spiritus,
1367 1487 1417 1521 vel
1430 1489 1476 1520 illi
1490 1497 1620 1520 mortuo
1634 1496 1760 1519 mortua
1774 1485 1910 1519 insidens
1923 1483 2061 1527 qualitas

1191 1538 1327 1581 poffitse
1339 1537 1406 1571 sola
1431 1538 1496 1569 fine
1516 1537 1641 1569 auxilio
1664 1536 1762 1568 ullius
1773 1534 1872 1568 causae
1894 1534 2064 1576 superioris

1189 1598 1257 1620 tam
1283 1585 1428 1620 nobilem
1451 1585 1583 1618 vitalem
1606 1584 1767 1618 actionem
1784 1582 1991 1625 principiare.
2032 1582 2065 1614 Si

1190 1638 1260 1680 quis
1273 1634 1335 1669 hoc
1345 1636 1478 1682 capiat,
1504 1633 1604 1668 miror
1615 1642 1711 1686 quare
1720 1642 1870 1675 captum
1864 1632 1954 1664 suum
1970 1630 2066 1665 nobis

1191 1697 1258 1729 non
1269 1685 1431 1728 explicat.

1242 1745 1292 1781 ¹3·
1320 1738 1402 1767 Dono
1414 1732 1578 1775 conclusioni
1589 1743 1662 1772 meae
1675 1730 1752 1763 banc
1765 1728 1862 1767 adbuc
1883 1734 2029 1762 rationem
2057 1743 2065 1762 :

1188 1785 1278 1832 Qia
1288 1785 1399 1818 eadem
1413 1785 1517 1819 causta
1527 1782 1836 1820 conformationem,
1847 1780 1901 1813 ovi
1916 1780 1979 1813 live
1991 1790 2068 1814 con-

1189 1835 1416 1868 formationem
1431 1832 1533 1876 pulli
1528 1844 1610 1866 intra
1624 1832 1678 1865 ovi
1699 1832 1852 1865 corticem
1881 1830 1995 1862 inclusi
2019 1830 2070 1864 in-

1187 1882 1286 1917 choat
1298 1907 1309 1923 ‚
1336 1894 1406 1925 quae
1417 1882 1716 1922 conformationem
1730 1879 1810 1922 pulli
1832 1881 1897 1922 jarn
1923 1890 1990 1912 ovo
2012 1890 2070 1912 ex·

1187 1931 1264 1974 clufi
1282 1931 1403 1975 perficit
1415 1955 1425 1970 ‚
1453 1932 1597 1974 complet
1610 1942 1646 1964 ac
1665 1930 1871 1970 consummat
1883 1954 1890 1961 .
1922 1929 2065 1963 Confor-

1189 1981 1290 2014 matio
1303 1980 1392 2016 enim
1416 1981 1495 2024 pulli
1508 1992 1573 2016 ovo
1591 1980 1711 2014 exclusi
1723 1978 1829 2017 adhuc
1851 1978 1942 2021 valde
1963 1979 2063 2020 infor-

1190 2032 1251 2065 mis
1263 2031 1296 2073 ὅς
1321 2030 1503 2076 ἱιιιρειξεᾶιι
1515 2031 1560 2071 est
1570 2055 1581 2071 ,
1608 2042 1684 2067 caro
1703 2029 1807 2071 adhuc
1832 2028 1918 2061 fluxa
1930 2052 1941 2068 ,
1976 2038 2065 2063 tota-

1189 2091 1251 2123 que
1264 2079 1399 2117 humida
1414 2104 1425 2118 ‚
1450 2081 1482 2122 dt
1496 2081 1632 2116 viscosa:
1659 2081 1726 2122 offa
1745 2079 1848 2122 magis
1870 2077 2026 2121 cartilago
2054 2102 2065 2117 ‚

1189 2139 1286 2172 quam
1301 2128 1366 2163 offa
1381 2152 1388 2159 .
1416 2128 1475 2167 Illa
1487 2139 1565 2172 ergo
1575 2131 1679 2169 caussa
1691 2128 1967 2170 conformationis
1980 2139 2063 2170 opus

1191 2179 1275 2215 intra
1288 2177 1346 2211 ovi
1357 2176 1511 2218 corticem
1526 2175 1660 2217 inchoat
1675 2200 1686 2216 ,
1712 2187 1783 2219 quae
1796 2176 2004 2219 postmodum
2017 2178 2068 2210 os-

1191 2227 1220 2258 sa
1229 2250 1240 2265 ,
1267 2236 1396 2260 carnem
1419 2249 1431 2265 ,
1458 2236 1571 2261 nervos
1583 2249 1594 2264 ,
1622 2226 1746 2267 plumas
1756 2250 1767 2266 ‚
1803 2235 1928 2269 ungues
1941 2249 1953 2266 ,
1989 2225 2068 2260 alia·

1189 2285 1252 2318 que
1265 2273 1406 2316 membra
1418 2274 1450 2317 βε
1471 2284 1595 2316 organa
1620 2274 1804 2307 consolidat
1816 2297 1827 2312 ,
1853 2274 1979 2316 perficit
1989 2297 1999 2314 ,
2025 2287 2064 2310 ac

1189 2332 1399 2367 augmentat.
1431 2322 1539 2365 Atqui
1549 2322 1654 2356 caussa
1667 2319 1875 2358 consolidans
1886 2323 1932 2356 est
1954 2324 2065 2362 anima

1190 2373 1268 2416 pulli
1284 2386 1295 2405 .·
1318 2382 1396 2416 ergo
1409 2371 1464 2409 illa
1476 2373 1575 2406 etiam
1589 2370 1649 2406 fuit
1676 2372 1779 2405 causta
1801 2372 1910 2414 primae
1930 2373 2060 2408 confor-

1189 2421 1341 2457 mationis
1352 2433 1434 2464 opus
1444 2421 1635 2466 aggrediens
1647 2420 1852 2457 &inchoans
1862 2444 1869 2452 .
1898 2422 1950 2455 De
1960 2421 2064 2455 mino-

1179 2471 1214 2510 ri
1228 2483 1295 2510 non
1306 2472 1405 2505 credo
1416 2473 1477 2509 efle
1490 2470 1727 2514 Philosophum
1740 2493 1751 2509 ‚
1778 2470 1990 2513 quidubitet:
2019 2471 2061 2506 de

1188 2521 1391 2565 majorivero
1402 2532 1498 2564 quare
1509 2520 1693 2554 dubitares?
1714 2520 1802 2558 Nam
1816 2521 1903 2565 quod
1917 2522 2059 2564 signum?

1187 2572 1275 2613 quod
1289 2572 1458 2614 vestigium
1471 2571 1487 2602 ?
1515 2581 1584 2612 quae
1596 2569 1800 2612 praesumptio
1813 2570 1871 2610 tibi
1890 2571 1929 2607 de
1941 2572 2061 2607 variata

1187 2621 1291 2656 caussa
1333 2622 1560 2667 conformante
1595 2620 1755 2664 ingereret
1805 2619 2020 2662 suspicionem
2046 2624 2060 2655 ‚²

1187 2659 1378 2726 Qornodo
1381 2671 1472 2709 enirn
1483 2670 1701 2712 animaposs'et
1727 2679 1792 2707 tam
1814 2669 1941 2712 praecise
1961 2672 2061 2714 prose-

1186 2721 1241 2767 qui
1253 2721 1343 2759 filum
1358 2717 1633 2766 conformationis
1646 2718 1685 2752 ab
1695 2718 1756 2753 alia
1768 2719 1862 2762 causa
1875 2717 2050 2760 inchoatae.
2046 2724 2058 2745 >

1186 2762 1368 2816 Qiomodo
1382 2780 1448 2803 non
1461 2769 1599 2809 erraret?
1623 2768 1813 2814 Qomodo
1821 2778 1887 2806 non
1898 2766 2056 2803 deviaret?

1190 2820 1242 2852 Est
1254 2819 1394 2854 omuino
1405 2819 1518 2856 eadem
1530 2818 1634 2852 caussa
1646 2842 1657 2858 ,
1675 2829 1743 2861 quae
1756 2816 2055 2852 conformationem

1188 2868 1325 2909 inchoat
1336 2880 1410 2903 cum
1425 2868 1497 2907 illa,
1525 2878 1594 2908 quae
1604 2878 1674 2900 eam
1686 2866 1827 2910 complet
1849 2867 1881 2899 &
1905 2855 2058 2905 consum-

1188 2930 1252 2954 mat
1265 2945 1272 2952 .
1302 2919 1434 2956 Etenim
1447 2929 1481 2952 ut
1493 2917 1571 2951 dicit
1584 2917 1728 2955 Galenus
1737 2918 1756 2954 I.
1766 2915 1983 2963 deformatione
1997 2915 2056 2957 sa·-

1117 2966 1129 3006 j
1150 2987 1154 2991 ·
1186 2979 1234 3002 rur
1247 2980 1270 3002 c.
1286 2980 1336 3015 17.
1353 2978 1401 3014 19.
1415 2966 1575 3005 <521.cui
1589 2977 1654 3003 non
1665 2966 1819 3003 absimilia
1841 2964 2056 3000 habetPhilo-

1185 3019 1332 3063 iophusL
1347 3030 1376 3055 2
1388 3019 1563 3060 degenerat.
1578 3028 1600 3049 c.
1612 3027 1643 3063 3.
1659 3015 1738 3054 illud
1752 3015 1889 3060 singulas
1911 3016 2054 3059 corporis

1186 3080 1290 3115 partes
1313 3067 1517 3109 conformat,
1543 3066 1716 3110 distinguit
1732 3090 1743 3106 ‚
1777 3065 1810 3099 ὅ(
1850 3065 2016 3110 organizat
2042 3089 2054 3106 ,

1185 3118 1271 3161 quod
1298 3118 1403 3160 postea
1427 3128 1478 3151 eas
1501 3117 1693 3155 conservat,
1718 3116 1766 3149 eis
1787 3115 1912 3158 utitur,
1938 3115 2052 3158 easque

1158 3168 1358 3237 ‘itgubernat
1385 3167 1473 3211 atqui
1500 3166 1552 3206 id,
1579 3165 1667 3208 quod
1690 3175 1791 3207 partes
1810 3163 1873 3205 jam
1898 3164 2052 3199 formatas

259 3222 393 3250 ratione:
422 3210 628 3264 Ψίιιριιιιιίε
643 3220 766 3258 caussa,
793 3230 862 3262 ¹quae
884 3210 1035 3261 producit
1056 3219 1125 3250 effe
1164 3206 1359 3266 1¹,gubernat
1387 3218 1494 3259 eisque
1507 3191 1847 3255 uritur&conservat‚
1871 3213 1917 3247 est
1932 3213 2053 3254 anima:

249 3267 346 3317 (stum
370 3268 402 3300 se
425 3267 656 3311 ignobiliorem
679 3271 797 3303 virtute
821 3269 876 3307 sua
906 3268 1054 3310 propria,
1081 3268 1123 3301 est
1181 3279 1258 3311 ergo
1272 3266 1408 3309 haecipsa
1423 3265 1491 3305 est,
1518 3277 1587 3308 quae
1610 3265 1680 3298 illas
1702 3255 1911 3304 conformat,
1920 3263 2052 3308 distin·

258 3316 364 3353 caussa
385 3318 605 3361 principalis.-
630 3319 749 3363 quidni
765 3319 854 3362 enim
872 3319 988 3357 foret?
1023 3317 1127 3361 Atqui

259 3365 315 3400 hic
338 3367 498 3410 impulsus
510 3367 658 3410 producit
674 3371 838 3409 ειΐεᾶὶιιςιι
837 3369 870 3402 se
894 3357 1134 3412 ignobiliorem

260 3419 379 3452 virtute
393 3419 446 3451 sua
460 3420 610 3472 propria:
626 3420 707 3465 ergo
716 3419 760 3457 est
772 3420 875 3457 caussa
886 3416 957 3454 vere
969 3416 1126 3460 principa-

261 3470 328 3509 lis·
315 3496 328 3518 ›.
354 3481 420 3503 non
434 3463 543 3507 au'tem
556 3469 827 3515 instrumentalis.
854 3467 955 3528 Qod
969 3466 1125 3511 producat

1180 3317 1272 3361 guit,
1298 3316 1531 3361 &organizat.
1560 3314 1654 3355 Alias
1675 3314 1814 3347 rationes
1836 3306 1933 3356 quam
1954 3313 2052 3357 pluri·

1181 3376 1247 3404 mas
1262 3364 1384 3399 habeo·
1414 3365 1464 3398 sed
1478 3376 1530 3399 eas
1542 3365 1663 3398 omitto
1675 3387 1686 3403 ,
1713 3363 1799 3405 quia
1801 3362 1853 3404 hic
1875 3374 1942 3401 non
1961 3374 2052 3407 man-

1178 3417 1322 3460 gonizO,
1351 3413 1402 3448 sed
1423 3415 1523 3448 unico
1547 3423 1673 3451 tantum
1702 3412 1799 3454 verbo
1822 3423 1925 3453 meam
1948 3412 2050 3455 philo-

1167 3465 1327 3508 isophiam
1341 3489 1351 3505 ‚
1378 3476 1476 3507 quam
1483 3464 1618 3507 quidam
1631 3462 1798 3506 absurdam
1809 3473 1945 3506 purant,
1982 3470 2049 3493 mo·

1183 3514 1268 3549 destc
1278 3515 1416 3549 excuso.
1868 3521 1917 3554 14.
1947 3511 2002 3552 1³³:
