2384 3770
144 1262 228 1309 Cap..
247 1274 262 1304 1
272 1274 299 1302 r.

199 3106 317 3145 Hares

169 3151 223 3196 Βο-

378 117 399 159 5
410 120 438 151 Ο

335 185 414 221 dam
437 185 576 218 crinium
600 182 747 226 reliquiis
773 183 1040 227 coronabantur,
1067 181 1223 219 monachi

337 246 449 269 autem
471 243 579 267 totum
604 234 829 268 tondebantur
843 245 944 277 caput
967 259 979 275 ‚
1005 235 1105 278 idque
1121 237 1223 278 usque

336 284 378 319 ,ad
399 294 509 317 cutem
524 306 532 314 .
558 281 705 318 Primum
718 296 758 319 ex
779 283 922 325 Photio,
946 295 1065 330 quarto
1076 285 1224 321 concilio

337 334 510 370 Toletano
528 357 541 377 ,
568 344 604 366 ac
625 335 731 368 saneto
754 333 942 378 Augustino
959 334 1022 377 jam
1047 334 1192 369 adductis
1210 359 1222 374 ,

334 394 397 418 nec
421 395 490 417 non
513 382 586 419 aliis
608 385 741 423 multis,
767 385 820 426 qui
844 385 964 419 adduci
986 387 1115 429 poflent
1134 409 1146 424 ‚
1175 395 1223 417 te-

334 432 437 469 stibus
456 434 605 479 conss2t;
635 434 813 470 secundum
825 446 932 469 autem
943 447 985 469 ex
1005 436 1123 469 eodem
1138 434 1223 468 Pho-

334 485 384 516 tio
398 508 408 523 ‚
435 495 495 519 nec
520 496 586 517 non
607 497 649 518 ex
674 486 781 520 sansto
804 486 958 520 Salviano
971 496 1011 519 ac
1021 487 1131 519 sine‘to
1145 484 1224 518 Pau-

338 535 430 568 lino.
457 535 529 579 Jam
551 536 674 578 quippe
695 546 735 569 cx
747 535 902 570 Salviano
912 536 1098 570 audivimus
1114 536 1224 573 Afros,

336 583 580 630 AEgyptios‘ac
603 585 930 628 Hierosolymitanos
951 586 1134 619 monachos
1160 585 1224 620 effe

331 635 500 678 palliatos,
532 635 692 678 pallidos,
704 637 738 670 ὅ(
752 636 854 669 recisis
864 647 1034 669 comarum
1049 636 1222 670 fluentium

330 684 417 727 jubis
439 684 479 720 ad
499 687 772 730 cutem'tonsos3
800 685 957 719 Paulinus
977 697 1088 720 autem
1102 687 1142 718 ad
1156 685 1223 718 san-

331 736 418 770 stum
441 735 617 777 Sulpitium
641 736 793 770 Severum
815 735 925 771 scribit
952 747 1010 769 eos
1037 746 1096 767 non
1114 740 1221 775 impro-

274 783 280 790 '
328 785 369 820 bo
396 784 505 826 attonfi
516 792 629 827 capitis
645 784 749 826 fronte
768 791 923 829 crinitos-‚
945 783 1001 828 sed
1028 784 1108 824 casta
1128 783 1220 825 infor-

326 841 433 870 mitate
446 837 590 877 capillum
611 837 657 869 ad
674 845 768 870 cutem
781 835 871 879 caesos
880 860 894 879 ,
924 838 958 870 (ν
977 838 1169 878 inaequalner
1180 833 1221 877 [e-

325 888 467 931 miionsos
487 909 496 925 ‚
524 889 559 919 ¹&
583 886 724 925 destituta
737 886 849 931 fronte
866 884 1016 928 p'raerasos
1039 909 1047 916 .
1075 886 1120 918 Et
1145 885 1220 920 sane

326 934 392 969 haec
409 936 549 971 tonsurae
569 936 756 971 differentia
777 947 877 981 quam
896 935 1026 980 optime
1042 934 1216 970 convenie-

325 986 397 1019 bat.
426 985 656 1021 Conveniebat
672 986 764 1020 enim
787 987 822 1020 in
831 986 963 1023 clericis
979 984 1215 1021 coronariNo·

325 1037 356 1071 ui
380 1035 585 1072 Testamenti
611 1035 738 1080 Regale
759 1035 1004 1081 Sacerdotium,
1033 1034 1214 1075 monachos

322 1095 432 1118 autern
459 1109 472 1129 ‚
506 1087 670 1129 quoniam
702 1087 929 1131 poenitentiam
953 1098 990 1120 ac
1010 1085 1052 1120 de
1073 1086 1212 1130 peccatis

323 1135 446 1171 lustum
459 1136 493 1173 &
516 1135 683 1179 plaustum
701 1137 917 1181 profitentur,
941 1135 1070 1172 tonderi
1089 1146 1211 1170 conve·

321 1185 431 1219 niebat
454 1196 547 1222 more
566 1186 819 1229 poenitentium,
845 1187 888 1223 de
899 1186 1016 1232 quibus
1029 1187 1139 1221 statuit
1152 1196 1211 1219 ter-

321 1236 404 1268 tium
429 1234 624 1270 Concilium
649 1236 880 1273 Toletanum.
908 1236 1146 1285 ,Quicumqueab
1159 1239 1206 1270 E-

314 1284 431 1331 piscopo
455 1286 508 1320 vel
525 1287 697 1325 Presbytero
716 1293 925 1328 poenitentiam
935 1287 1062 1328 postulat
1075 1311 1085 1326 ,
1112 1287 1151 1320 id
1159 1296 1208 1317 an·

316 1344 351 1371 te
371 1342 470 1369 omnia
504 1336 669 1379 Episcopus
693 1335 797 1382 servet
819 1337 854 1373 l&
883 1337 1037 1379 Presbyter
1056 1361 1068 1377 ,
1094 1347 1129 1370 ut
1143 1360 1156 1377 ‚
1187 1334 1214 1376 fi

317 1393 370 1419 vir
389 1387 427 1427 est
441 1411 452 1428 ,
474 1389 576 1431 primi
597 1399 666 1421 eum
688 1389 811 1420 tondeat
824 1411 835 1427 ‚
862 1390 896 1421 Θ
919 1393 952 1420 in
973 1388 1116 1422 cinere&
1124 1384 1206 1428 sacco

316 1436 455 1472 habitum
476 1436 713 1482 mutarefaciat
724 1461 735 1477 ,
763 1440 798 1471 i&
811 1436 855 1482 fic
867 1443 1078 1481 poenitentiam
1099 1443 1127 1470 ei
1147 1445 1207 1470 tra·

317 1487 390 1519 dae.
426 1487 529 1531 Erant
553 1486 651 1530 porro
674 1487 870 1533 poenitentes
891 1487 1018 1523 detonsi
1037 1497 1148 1522 toturn
1158 1499 1208 1520 ca-

319 1546 377 1578 put
392 1562 401 1577 ,
429 1549 519 1571 more
539 1535 771 1572 damnatorum
784 1562 792 1570 .
820 1537 980 1573 Attamen
1002 1549 1046 1573 ao
1068 1538 1112 1571 ita
1125 1537 1208 1571 conss

317 1587 439 1620 fuerint
460 1585 617 1622 monachi
638 1587 762 1634 ubique
780 1599 918 1632 omnes,
946 1599 1014 1624 non
1040 1588 1141 1623 auum
1161 1586 1207 1621 di-

317 1647 406 1671 cere:
435 1636 574 1680 Propter
592 1649 756 1674 canonem
770 1662 781 1678 ‚
807 1649 926 1684 quem,
953 1648 1118 1684 tamquam
1131 1648 1208 1670 con-

315 1687 386 1720 cilii
413 1687 541 1725 Nicaeni
555 1687 616 1729 fit,
640 1699 742 1731 nuper
756 1699 801 1722 ex
812 1688 962 1723 Arabicis
973 1687 1209 1732 exemplaribus

317 1737 454 1780 protulit
476 1739 666 1774 Franciscus
687 1739 892 1776 Turrianus:
923 1738 1062 1773 Monacbr·
1085 1740 1146 1772 alin
1157 1737 1207 1770 ba»

318 1785 409 1821 beant
430 1788 606 1823 indumenta
627 1790 664 1823 &2
677 1800 794 1829 mores,
819 1801 913 1832 quam
933 1789 1047 1823 babent
1057 1790 1127 1823 laici
1139 1812 1150 1828 ‚
1177 1789 1210 1820 Θ·

315 1844 408 1876 caput
426 1838 573 1869 tondeant
583 1844 616 1872 in
629 1840 749 1873 modum
760 1850 869 1873 coronae
879 1864 888 1872 .
917 1839 1037 1886 Neque
1046 1840 1134 1873 enim
1148 1849 1211 1883 ego

319 1886 417 1920 ausim
445 1885 486 1921 de
506 1885 568 1917 isto
590 1897 718 1921 canone
736 1888 900 1930 judicare.

373 1936 417 1968 Et
439 1934 505 1968 haec
530 1933 664 1980 quidem
689 1937 885 1971 de-tonsura
906 1936 1024 1977 capitis
1043 1959 1052 1966 .
1092 1934 1212 1980 Qoad

322 1985 426 2024 barbae
450 1984 525 2019 vero
546 1985 710 2021 tonsuram
737 1984 873 2019 Ecclesia
896 1984 1007 2018 Graeca
1027 1994 1065 2017 ac
1095 1983 1213 2019 Latina

323 2037 419 2070 nullo
441 2034 543 2068 mode>
565 2033 831 2070 conveniebant.
859 2034 972 2070 Latini
994 2033 1115 2076 quippe
1138 2031 1211 2066 bat-

322 2087 398 2122 bam
415 2085 542 2128 penitus
550 2085 706 2123 radebant
719 2108 728 2124 ‚
741 2083 846 2118 Graeci
857 2094 930 2119 eam
943 2083 1074 2118 alebant
1089 2107 1100 2124 ‚
1111 2092 1212 2117 erant-

322 2149 387 2179 que
401 2133 613 2181 Longobarbi
626 2158 633 2165 .
657 2133 796 2170 Testem
807 2132 936 2168 adduco
949 2133 1144 2176 Gregoriurn
1157 2130 1212 2166 Pa-

325 2197 400 2231 pam
425 2183 821 2230 septimum-scribentem
843 2183 883 2217 ad
896 2181 1088 2218 Orzochum
1113 2180 1212 2216 Sardi»

328 2237 389 2268 niae
413 2234 593 2277 principem
612 2233 654 2266 de
676 2231 821 2276 jacobo,
847 2245 946 2277 quem
970 2244 1071 2276 nuper
1097 2233 1216 2274 Capuae

327 2286 494 2318 ordinarat
520 2282 838 2327 Archi-Episcopum
851 2284 1097 2319 Calaritanum.
1125 2283 1211 2318 Nolu-

327 2347 394 2371 mus
424 2335 621 2371 Prudentiam
631 2342 715 2368 tuam
725 2333 836 2373 moleste
844 2339 975 2377 accipere
988 2357 998 2373 ‚
1022 2334 1108 2377 quod
1119 2331 1212 2366 Archi

331 2383 511 2427 Episcopum
542 2383 669 2423 vestrum
696 2383 851 2432 Jacobum
873 2386 1080 2426 consuetudini
1101 2381 1217 2425 sant‘lae

331 2440 477 2472 ,Romame
508 2433 643 2474 Ecclesia·
665 2458 675 2474 ‚
701 2439 809 2467 matris
833 2441 963 2467 omnium
988 2432 1180 2473 Ecclefiarum
1207 2454 1217 2470 ‚

331 2486 498 2529 vefiraeque
516 2482 685 2530 specialiter
701 2504 712 2525 ‚
737 2483 858 2518 obedire
867 2489 1011 2529 coegimus
1030 2507 1040 2522 ,
1065 2481 1174 2524 scilicet
1185 2488 1216 2514 ut

333 2535 589 2577 quemadmodum
614 2532 708 2568 totius
736 2533 928 2568 occidentalis
959 2531 1095 2570 Ecclefiae
1123 2531 1217 2565 clerus

335 2585 375 2619 ab
396 2582 462 2625 ipfis
487 2582 668 2625 Christianae
688 2581 762 2624 fidei
780 2584 953 2623 primordiis
977 2582 1101 2617 barbam
1112 2582 1217 2614 raden-

335 2636 370 2667 di
381 2644 489 2671 morem
498 2638 597 2670 tenuit
606 2657 616 2674 ,
631 2638 676 2667 ita
689 2634 723 2669 (5
732 2630 794 2675 ipse
798 2631 903 2674 frater
914 2631 1004 2671 noster
1016 2631 1110 2673 vester
1122 2630 1220 2667 Arabi-

337 2681 526 2726 ,Episcopus‚
553 2683 685 2719 raderet.
721 2683 804 2720 Unde
825 2685 1012 2717 Eminentiae
1034 2693 1147 2724 quoque
1160 2691 1220 2715 tuae

332 2739 525 2779 praecipimus
539 2733 555 2772 ,’
573 2742 608 2769 ut
626 2732 723 2775 ipsum
738 2731 792 2780 seu
815 2732 962 2772 Pastorem
983 2735 1017 2768 (τ
1034 2730 1221 2778 spiritualem

331 2792 455 2826 patrem
473 2781 633 2828 suscipiens
651 2784 687 2819 6·
713 2781 885 2826 auscultans
904 2808 916 2825 ‚
941 2794 1004 2818 cum
1025 2780 1133 2826 confilio
1143 2784 1220 2822 ejus,

336 2845 451 2869 omnem
473 2843 535 2870 tuae
542 2833 697 2878 potestatis
705 2834 814 2868 elerum
825 2833 936 2869 barbas
953 2834 1058 2869 radere
1062 2832 1165 2874 facias
1177 2842 1223 2863 at-

340 2895 393 2926 que
413 2885 569 2924 compellas
594 2907 602 2918 .
632 2883 732 2921 Rcste
754 2883 836 2919 dicit
858 2894 933 2919 eum
953 2884 971 2916 a
993 2881 1067 2918 fidei
1092 2883 1221 2924 primor-

339 2929 403 2966 diis
416 2935 506 2969 fuifle
519 2943 643 2971 morem
658 2934 809 2971 Ecclesia:
826 2933 1059 2969 occidentalis.
1088 2932 1222 2967 Etenim

340 2982 491 3020 Ecclefiae
515 2984 685 3020 orientalis
707 2994 830 3020 morem
852 2984 946 3022 ‚fuisse
967 2983 1067 3018 alium
1088 2981 1224 3017 testatur

341 3034 467 3069 sanstus
495 3032 700 3075 Epiphanius
718 3059 730 3076 ‚
756 3034 799 3070 fic
819 3034 933 3070 dicens
957 3032 1126 3067 adversum
1149 3031 1225 3065 istos

342 3083 522 3121 Haereticos
540 3083 791 3127 Mesopotamiae
812 3082 1014 3118 monachos..
1042 3084 1134 3126 ‚Quid
1152 3084 1223 3117 verb

341 3133 376 3174 fit
394 3136 486 3176 pejus
509 3134 544 3171 ἐν
563 3139 743 3170 contrarium
761 3134 774 3167 ?
802 3138 846 3171 Hi
867 3134 991 3171 bar-bam
1020 3135 1139 3175 quidem
1152 3132 1223 3173 for·

343 3196 422 3217 mam
446 3189 508 3217 viri
530 3181 684 3230 resecant,
706 3184 832 3226 capillos
852 3185 952 3222 autem
962 3190 1071 3224 cupitis
1080 3182 1160 3225 saepe
1174 3194 1224 3214 nu-

345 3239 440 3265 triunt
462 3258 468 3264 .
507 3236 555 3269 Et
587 3234 627 3270 de
646 3233 741 3270 barba
771 3236 894 3276 quidem
917 3240 950 3271 in
971 3232 1223 3274 constitutionibus

348 3282 540 3321 Apostolorum
565 3284 638 3318 dicit
659 3278 780 3322 Divina
786 3284 939 3326 scriptura
951 3296 986 3319 ac
1001 3283 1137 3320 doc‘lrina
1150 3308 1156 3315 .
1174 3287 1225 3318 Ne
1238 3323 1241 3325 μ

344 3340 517 3372 corrumpas
532 3357 542 3372 ,
568 3332 620 3369 boc
638 3333 677 3371 eff
697 3358 708 3374 ‚
734 3344 771 3372 ne
779 3332 858 3376 seces
880 3334 984 3370 barbae
1008 3335 1105 3375 pilos,
1132 3344 1225 3375 neque

345 3387 505 3413 meretricio
531 3395 608 3416 more
627 3384 663 3419 ob
681 3395 793 3421 comam
812 3383 966 3424 efferaris.
998 3383 1052 3418 Ad
1075 3395 1146 3432 quae
1161 3394 1223 3416 ver-

345 3429 386 3470 ba
407 3430 488 3469 ‚dicit
509 3434 908 3485 annotatiomarginalis.
937 3434 1073 3471 Barbam
1088 3432 1225 3483 secantes

858 100 939 147 De
975 100 1250 146 Ossxfime
1291 100 1693 144 Euam-rmum

1288 189 1414 219 Larinas
1442 184 1562 215 videtur
1578 191 1701 215 notare.
1730 180 1855 216 'Verum
1877 179 1963 214 ‘istud
1976 189 2044 214 non
2058 180 2173 220 credo,

1289 234 1397 267 Credo
1428 233 1535 267 notari
1560 233 1644 266 solos
1671 231 1747 264 istos
1773 229 1954 266 monachos
1972 255 1984 270 ,
2017 231 2072 274 qui
2096 242 2175 266 cum

1268 283 1393 318 ‘Graeci
1414 285 1518 318 essent
1546 307 1555 322 ,
1594 281 1678 314 nihil
1701 291 1810 314 tamen
1835 282 1937 316 Graeci
1971 282 2136 315 faciebant
2162 306 2175 323 ,

1268 311 1402 376 lutpote
1423 344 1540 369 contra
1558 332 1707 365 Graecum
1736 342 1863 365 morem
1886 342 1953 364 non
1991 332 2177 370 solummo-

1269 379 1333 422 {do
1356 394 1483 417 comam
1507 383 1690 416 nutrientes
1707 405 1718 421 ,
1744 380 1798 415 sed
1832 381 1929 414 etiam
1962 381 2096 418 barbam
2126 397 2174 418 ra·
2206 408 2208 412 ,

1269 435 1401 469 identes
1417 457 1427 466 ,
1464 433 1519 467 An
1541 444 1578 466 ea
1601 432 1684 466 rasio
1712 432 1749 465 srt
1770 440 1886 467 contra
1916 432 2172 472 constitutiones

1267 472 1518 550 inportunas,
1543 482 1661 516 viderit
1680 481 1907 525 Epiphanir153
1937 481 2177 530 issiusgeiexa.

1285 546 1360 567 men
1374 544 1443 568 non
1457 533 1503 567 est
1514 531 1612 575 hujus
1623 533 1686 566 loci
1698 558 1705 565 .
1735 532 1826 567 Dico
1849 531 1952 566 solum
1969 532 2087 569 iilicab
2099 535 2174 579 Epi.

1286 583 1411 627 phanio
1430 596 1500 618 non
1524 584 1631 617 notari
1655 583 1810 617 Latinos.
1839 583 1971 616 Etenim
1988 583 2042 615 rasi
2057 584 2173 621 Latini

1282 646 1358 667 curn
1382 632 1616 678 Longobarbis
1635 633 1757 666 Graecis
1769 633 1803 666 in
1815 633 1910 667 var-iis
1928 633 2082 668 conciliis
2092 645 2173 668 con-

1285 695 1437 718 venerant
1452 709 1463 724 ,
1487 684 1730 723 consederant,
1756 695 1794 716 ac
1806 683 2004 726 quandoque
2027 684 2114 718 inter
2141 687 2172 719 se

1284 737 1359 769 satis
1371 735 1485 769 acriter
1495 759 1507 776 ,
1533 745 1602 768 non
1619 734 1725 767 solum
1736 733 1953 776 disceptantes
1963 758 1974 773 ,
2004 734 2058 768 sed
2070 735 2171 770 etiam

1281 786 1528 823 conviciantes,
1556 794 1726 828 nunquam
1740 783 1788 815 vel
1813 794 1916 818 unum
1935 784 1997 829 grii
2015 785 2058 818 de
2069 786 2169 820 barba,

1283 837 1453 870 dixerant:
1483 836 1552 870 Cur
1572 846 1645 868 eam
1669 834 1885 878 quaessionem
1908 837 2029 878 primus
2054 846 2169 869 move-

1280 898 1327 921 ret
1356 887 1481 921 sancius
1513 884 1749 929 Epiphanius?
1787 884 1917 919 Primus
1953 896 2026 919 eam
2060 886 2168 920 movit

1281 935 1605 979 Pseudo-Episcopus
1621 947 1661 971 ac
1672 935 1869 971 Latinorum
1884 935 2097 977 implacabilis
2113 936 2172 969 ho-

1280 987 1335 1022 stis
1358 985 1501 1021 photius
1517 1010 1528 1027 ‚
1549 986 1593 1021 de
1612 986 1706 1030 cujus
1729 984 1901 1019 adversum
1919 985 2093 1020 Ecclesiam
2109 986 2169 1019 La-

1279 1038 1383 1072 tinam
1413 1036 1592 1071 calumniis
1621 1037 1663 1070 ad
1691 1035 1914 1070 Hincmarum
1942 1035 2166 1070 Rhemensem

1279 1088 1479 1132 Episcopum
1501 1088 1543 1121 {ic
1565 1087 1650 1121 inter
1675 1097 1786 1119 caetera
1809 1086 1918 1119 scribit
1933 1086 2093 1120 Nicolaus
2108 1086 2165 1118 Pa-

1279 1149 1317 1182 pa
1338 1139 1478 1180 primus.
1505 1140 1594 1180 ,Quin
1611 1139 1646 1171 ἐν
1662 1135 1875 1176 reprehendere
1891 1134 2057 1178 satagunt,
2083 1138 2164 1177 quod

1273 1197 1364 1230 penes
1385 1199 1438 1220 nos
1458 1189 1553 1220 clerici
1566 1186 1679 1217 barbas
1691 1186 1797 1218 radere
1819 1197 1876 1216 non
1889 1185 2023 1216 abnuunt
2036 1210 2044 1217 .
2072 1187 2164 1233 Qa-

1277 1248 1406 1281 propter
1427 1237 1547 1272 merito
1569 1246 1686 1271 omnes
1701 1235 1846 1268 Eccleliae
1861 1234 1977 1268 Graecae
1992 1236 2088 1268 ianstr
2106 1237 2168 1269 Pa-

1277 1300 1337 1321 tres
1355 1287 1584 1331 depinguntur
1605 1296 1681 1319 cum
1703 1285 1806 1328 longa
1827 1284 1923 1317 barba
1948 1296 1957 1326 ς
1987 1286 2028 1319 ita
2052 1296 2163 1320 autem

1276 1339 1409 1383 pingere
1428 1338 1541 1372 Patres
1563 1335 1702 1370 Latinos
1719 1335 1762 1369 est
1787 1335 1893 1377 palam
1918 1346 1955 1368 ac
1980 1335 2046 1368 fine
2068 1335 2165 1369 rubo-

1274 1400 1306 1422 re
1327 1388 1524 1431 imperitiam
1547 1387 1635 1421 suam
1654 1386 1818 1420 ostentare
1836 1396 1875 1418 ac
1899 1386 2043 1428 profiteri
2067 1410 2077 1417 .
2108 1387 2166 1418 Er-

1274 1451 1326 1473 ror
1348 1437 1427 1472 hinc
1449 1436 1666 1473 intolerabilis
1676 1436 1722 1470 est
1734 1434 1906 1479 praesertim
1923 1436 1955 1467 in
1973 1436 2092 1476 pistura
2106 1446 2165 1469 aut

1274 1489 1374 1523 statua
1396 1490 1493 1523 sancii
1518 1487 1721 1531 Augustini,
1745 1485 1878 1532 Qarto
1897 1496 2035 1525 namque
2050 1485 2163 1518 conci-

1274 1540 1320 1574 lio
1333 1538 1594 1584 Carthaginiensi
1611 1562 1622 1578 ,
1647 1538 1681 1571 in
1704 1546 1772 1581 quo
1796 1535 1938 1579 legimus
1960 1537 2047 1569 huuc
2058 1545 2163 1568 cano·-

1275 1601 1349 1623 nem
1373 1613 1385 1631 ,
1411 1591 1540 1624 clericus
1569 1598 1621 1621 nec
1653 1598 1767 1620 comam
1786 1592 1902 1618 nutriat
1926 1596 1975 1617 nec
1997 1585 2124 1619 barbam
2151 1608 2162 1624 ,

1276 1641 1399 1676 sanstus
1423 1638 1631 1685 Augustinus
1654 1637 1803 1673 interfuit
1827 1647 1865 1669 ac
1888 1635 2068 1679 subscripfit
2091 1658 2103 1675 ‚
2130 1635 2165 1669 &

1274 1691 1346 1734 quis
1365 1690 1446 1724 aufit
1463 1691 1667 1729 dicereoleum
1685 1688 1726 1723 ab
1743 1686 1812 1730 ipso
1831 1697 1996 1720 canonem
2010 1697 2077 1719 non
2090 1684 2166 1719 fuis·

1275 1742 1306 1775 se
1321 1740 1524 1777 observatum
1538 1742 1551 1775 ?
1577 1739 1835 1773 Servarunteum
1849 1735 1946 1769 eriam
1967 1736 2079 1771 fratres
2096 1734 2165 1779 ejus

1278 1791 1427 1826 Eremitae
1441 1815 1451 1832 ,
1477 1791 1519 1824 ad
1541 1799 1624 1832 quos
1647 1789 1690 1823 ita
1704 1788 1769 1831 ipse
1782 1787 1815 1820 in
1830 1787 1916 1820 libro
1927 1786 1970 1819 de
1980 1797 2078 1828 opere
2094 1796 2165 1819 mo·

1278 1839 1457 1875 nachorum
1468 1863 1475 1870 .
1503 1840 1598 1884 ,Quod
1607 1844 1747 1881 iniquius
1757 1862 1766 1877 ,
1794 1848 1886 1878 quam
1898 1837 1974 1868 velle
1989 1835 2046 1877 fibi
2057 1835 2166 1868 obtem·

1273 1896 1375 1932 perat-i
1395 1892 1416 1923 ἃ
1428 1889 1593 1923 minoribus
1605 1913 1616 1929 ,
1639 1891 1672 1923 (τ
1684 1889 1759 1922 nolle
1770 1886 1970 1928 obtemperare
1980 1885 2165 1927 majoribus?

1279 1940 1404 1981 apostolo
1425 1942 1509 1980 dico,
1535 1951 1594 1972 non
1617 1938 1703 1971 nobis
1717 1963 1728 1978 ‚
1754 1944 1787 1971 in
1797 1938 1917 1969 tantum
1927 1942 2038 1974 etiam,
2054 1946 2088 1968 ut
2099 1939 2165 1976 jam

1276 1999 1389 2022 comam
1411 1994 1568 2021 nutriant.
1596 1989 1681 2019 Unde
1703 1998 1754 2018 nec
1765 1987 1816 2018 ille
1828 1984 1976 2025 disputari
1985 1991 2104 2017 omnino
2114 1995 2166 2016 vo-

1277 2038 1334 2070 luit
1350 2061 1360 2076 ‚
1384 2038 1502 2069 dicens:
1534 2039 1566 2070 si
1581 2042 1651 2078 quis
1673 2044 1775 2069 autem
1788 2033 1851 2066 vult
1872 2032 2068 2076 contentiosus
2089 2034 2164 2076 effe,

1278 2098 1330 2118 nos
1350 2087 1444 2118 talem
1465 2085 1705 2126 consuetudinem
1730 2096 1788 2117 non
1801 2082 1966 2122 habemur,
1994 2095 2086 2126 neque
2098 2086 2166 2116 Ec-

1278 2134 1359 2176 clefin
1369 2137 1440 2169 Dei.
1471 2139 1530 2168 Hoc
1547 2143 1649 2167 autem
1666 2138 1826 2174 praecipio:
1857 2130 2008 2173 utfiilrcet
2026 2143 2083 2164 non
2105 2130 2166 2173 dss-

1276 2184 1402 2228 serentis
1421 2183 1543 2230 solertia
1563 2189 1740 2225 requiratur
1751 2206 1762 2221 ,
1785 2181 1841 2225 sed
1848 2186 2054 2222 praecipientis
2068 2181 2165 2213 audla-

1280 2241 1359 2267 ritas
1381 2235 1558 2268 attendatur
1568 2260 1575 2267 .
1604 2237 1639 2267 N
1642 2246 1691 2266 am
1703 2235 1736 2268 (τ
1749 2231 1799 2265 boc
1810 2242 1866 2272 quo
1876 2238 2025 2273 pertinet,
2052 2230 2164 2273 quaeso,

1280 2295 1344 2318 tam
1365 2287 1470 2325 aperte
1493 2293 1594 2317 contra
1621 2283 1744 2325 Apostoli
1758 2290 1913 2324 praecepta
1934 2281 2009 2315 velle
2029 2281 2162 2314 comari?

1284 2341 1328 2370 An
1349 2340 1393 2367 ita
1416 2336 1588 2369 vacandum
1610 2333 1667 2373 est,
1692 2342 1725 2365 ut
1748 2343 1798 2366 nec
1818 2329 1949 2372 tonsores
1962 2339 2118 2372 opmnrur
2146 2330 2162 2361 ,2

1286 2390 1328 2418 An
1349 2392 1423 2426 quia
1451 2384 1661 2428 Evangelc'cas
1682 2384 1813 2416 volucres
1833 2385 1949 2413 imitari
1966 2378 2001 2422 se-
2020 2382 2125 2413 drcunt
2152 2404 2164 2419 ,

1282 2434 1364 2477 quasi
1381 2435 1510 2477 depilari
1532 2440 1639 2467 timent
1653 2458 1663 2472 ,
1684 2445 1720 2476 ne
1729 2434 1831 2465 volare
1843 2442 1901 2463 non
1910 2432 2014 2471 poffint
2028 2431 2045 2461 ἒ
2059 2434 2165 2463 Vereor

1282 2491 1312 2518 in
1330 2485 1380 2517 boc
1399 2490 1510 2519 vitium
1523 2485 1618 2524 plura
1638 2484 1732 2515 dicere
1747 2488 1868 2524 propter
1890 2478 2031 2521 quosdam
2042 2485 2163 2512 crinitos

1276 2534 1397 2575 fratres
1411 2558 1421 2573 ‚
1442 2545 1564 2577 quorum
1583 2540 1695 2574 praeter
1720 2531 1770 2564 hoc
1787 2530 1882 2563 multa
1900 2531 1933 2565 (9
1950 2530 2040 2570 paem?
2064 2535 2164 2562 omnia

1285 2596 1465 2619 veneramur
1490 2608 1498 2616 .
1522 2584 1583 2619 Sea*
1602 2585 1658 2624 qub
1682 2587 1778 2625 magis
1803 2592 1851 2613 eos
1873 2585 1906 2611 in
1928 2578 2044 2620 Christo
2065 2580 2163 2622 diligi-

1283 2645 1371 2673 mus,
1396 2637 1428 2667 τὸ
1452 2632 1594 2678 solicitius
1618 2633 1809 2665 admonemus
1830 2655 1837 2663 ,
1865 2633 1972 2672 Neque
1998 2636 2078 2662 enim
2103 2641 2168 2663 me-

1283 2690 1395 2718 tuimus
1408 2708 1419 2725 ‚
1446 2696 1484 2719 ne
1509 2683 1666 2716 humilitas
1685 2693 1784 2716 eorum
1807 2678 1925 2721 respuat
1934 2679 2167 2713 admonitionem

1283 2733 1409 2776 nostram
1422 2758 1434 2774 ,
1459 2735 1582 2779 quando
1600 2733 1722 2774 quidem
1740 2733 1773 2765 <5
1786 2741 1838 2762 nos
1850 2732 1869 2762 ἃ
1881 2729 1995 2763 talibus
2005 2754 2016 2770 ‚
2042 2729 2093 2764 ubi
2099 2729 2167 2772 for-⁴

1283 2786 1314 2820 te*
1334 2783 1500 2820 titubamus
1517 2793 1572 2818 aut
1582 2794 1717 2817 erramus
1731 2806 1741 2821 ‚
1767 2785 1895 2821 cupimus
1917 2781 2086 2814 admoneri.
2110 2783 2167 2814 Hoc

1283 2845 1349 2878 ergo
1370 2835 1560 2869 admonemus
1582 2840 1647 2867 tam
1664 2831 1786 2877 sanilos
1799 2836 1901 2870 viros,
1924 2829 2066 2868 nestultis
2077 2841 2168 2863 vano·

1284 2896 1350 2918 rum
1372 2883 1520 2919 bominum
1531 2881 1838 2931 argumentationibus
1851 2871 2027 2914 moveaniur
2037 2905 2048 2920 ,
2076 2882 2110 2914 <35
2119 2891 2168 2915 eos

1285 2941 1317 2968 in
1344 2933 1398 2966 hac
1421 2933 1613 2976 perversitate
1628 2938 1809 2972 imitentur,
1839 2931 1943 2972 quibus
1965 2928 2037 2973 sunt
2060 2936 2094 2963 in
2114 2941 2169 2964 σα·

1285 2991 1356 3017 teris
1382 2987 1465 3032 longe
1490 2984 1636 3024 diffimt'les
1658 3006 1665 3014 .
1698 2982 1747 3014 Illi
1780 2987 1861 3016 enim
1888 2981 2025 3014 venalem
2050 2987 2170 3011 circum-

1280 3033 1416 3075 ferentes
1452 3031 1607 3078 bypocrifin
1627 3057 1638 3075 ,
1670 3038 1779 3067 timent
1802 3055 1813 3073 ‚
1839 3042 1876 3066 ne
1907 3031 1995 3063 vilior
2022 3028 2167 3061 habentur

1283 3082 1425 3126 sant‘litas
1441 3082 1526 3126 tonsa
1538 3107 1549 3126 ‚
1574 3094 1667 3127 quam
1687 3090 1804 3114 comata
1815 3104 1825 3119 ,
1856 3087 1889 3114 ut
1912 3082 2047 3114 videlicet
2060 3085 2111 3120 qui
2124 3090 2170 3111 eos

1287 3137 1373 3169 videt
1387 3160 1397 3174 ‚
1426 3141 1563 3177 antiquos
1586 3133 1672 3173 illos,
1697 3143 1770 3174 quos
1792 3132 1937 3176 legimus,
1964 3135 2091 3172 cogitet,
2118 3131 2171 3161 sa-

1286 3188 1409 3218 muelem
1434 3188 1467 3220 (⁸2⁴
1481 3186 1552 3218 alios
1565 3208 1575 3224 ,
1601 3188 1652 3226 qui
1666 3195 1723 3217 non
1735 3182 1935 3215 tondebantur
1947 3204 1953 3211 .
1971 3180 2052 3222 Agit
2065 3178 2173 3212 adver-

1287 3234 1356 3269 sum
1379 3235 1455 3269 istos
1468 3234 1652 3279 AEgyptios
1671 3232 1798 3274 aspides
1810 3257 1820 3271 ‚
1841 3232 1896 3274 qui
1913 3231 1945 3263 in
1960 3229 2106 3264 Africam
2119 3229 2174 3263 ad-

1287 3296 1378 3320 venae
1400 3286 1509 3321 noxiis
1533 3284 1598 3321 suis
1619 3282 1660 3316 de
1684 3293 1780 3325 opere
1795 3292 1952 3315 manuum
1973 3278 2171 3317 calceamen-

1269 3361 1272 3379 2
1288 3336 1330 3369 tis
1342 3359 1352 3377 ‚
1365 3347 1402 3369 ac
1414 3339 1521 3380 capite
1531 3344 1664 3378 comato
1677 3331 1908 3378 quaestionibus
1921 3330 2068 3365 novellos
2085 3329 2175 3363 Afri-

1287 3397 1331 3419 cae
1363 3384 1546 3419 monachos
1567 3383 1648 3416 mire
1675 3382 1943 3416 conturbabant.
1971 3381 2177 3423 Acceperant

1290 3435 1375 3473 virus
1397 3437 1483 3471 istud
1507 3436 1525 3470 a
1546 3432 1681 3481 praefatis
1708 3433 1775 3467 istis
1803 3430 2054 3476 Mesopotamiae
2066 3441 2180 3464 mona·

1263 3497 1270 3502 ·
1742 3500 1746 3503 -
2003 3516 2006 3518 ,
2061 3480 2132 3516 chis

2181 1611 2264 1657 Cap.
2274 1619 2332 1658 44.

2182 1854 2339 1901 Cap.31.
