2384 3770
157 630 199 667 A.
228 629 305 679 389.
319 634 374 669 nia
395 632 485 670 brevi
502 645 541 668 ac
552 635 696 681 eleganti
718 639 958 673 commentario
970 638 1108 674 illustrat
1127 641 1201 674 Car-

159 1894 232 1933 L.1.
248 1892 311 1932 c.8.
328 1891 592 1933 presbyteratum
627 1900 757 1932 tempore
790 1891 893 1925 boatus
931 1891 1105 1938 Augustinus
1143 1899 1209 1927 erae

158 1957 225 1985 ιη.

161 2122 206 2158 Ν.
216 2131 250 2168 4.

346 161 384 207 4
868 151 1001 196 Dra*
1046 155 1094 199 O
1124 164 1208 199 R}

321 229 461 273 domum,
487 231 627 276 agrosque
648 243 800 269 remeare.
831 237 882 269 Ad
902 249 974 281 quos
998 244 1149 280 veniens,
1173 241 1223 274 δὲ

321 284 356 313 in
371 282 477 323 quibus
500 282 673 323 constitutus
689 285 791 326 ferme
812 292 962 328 triennio,
990 290 1025 323 (9
1049 290 1070 320 ἃ
1092 288 1207 333 sejam

320 331 462 364 alienatis
486 338 564 366 curis
584 333 781 376 saecularibus
806 362 818 379 ,
841 347 908 371 cum
934 344 975 371 iis
1002 363 1013 380 ,
1041 345 1092 382 qui
1111 341 1206 374 eidem

319 379 518 415 adbaerebant
546 406 557 424 ,
585 387 647 418 Deo
673 386 804 427 vivebat
825 411 837 428 ,
857 390 987 430 jejuniis
1019 413 1031 429 ,
1067 396 1204 423 orationi-

318 428 394 471 bus,
421 430 557 478 bonisque
579 435 738 478 operibus,
768 442 801 471 in
823 439 883 482 lege
908 433 1030 472 Domini
1051 441 1205 474 meditans

309 481 369 514 -die
386 491 423 514 ac
443 481 538 515 ποθι.
576 488 621 518 Et
644 487 680 518 de
702 491 742 519 iis
756 511 768 527 ,
792 499 858 530 quae
875 487 932 530 fibi
958 490 1040 523 Deus
1063 496 1206 533 cogitanti

316 539 407 572 atque
423 538 526 566 oranti
546 536 701 569 intellec‘ia
727 537 882 571 revelabat
894 562 905 579 ,
929 540 963 573 ὁ·
979 538 1148 582 praesentes
1173 543 1207 575 &¹

318 580 453 625 absentes
477 581 662 626 sermonibus
688 597 724 620 ac
746 587 837 621 libris
859 588 981 622 docebat
1001 615 1007 622 .
1031 591 1115 636 Qae
1136 601 1205 624 om-

316 683 438 719 dinalis
461 683 566 721 Caesar
583 685 764 722 Batonius.
792 690 925 722 Rediens
946 699 1007 722 unae
1026 700 1092 723 eum
1115 688 1203 731 sociis

319 737 416 776 Alipio
436 735 470 768 6·
486 734 607 769 Evodio
631 741 663 770 in
679 742 821 779 patriam
849 762 861 778 ‚
889 749 975 780 quem
1001 739 1204 772 condixerant

319 792 396 820 vitae
411 784 544 826 statum,
570 797 638 822 cum
665 786 762 820 adbuc
788 792 822 820 in
846 790 941 823 ltalia
965 790 1055 832 essent
1079 813 1089 829 ,
1116 800 1197 822 exer·

318 848 382 872 cere
406 842 572 877 caeperunt.
601 838 770 871 secedentes
780 842 860 870 enim
871 849 924 872 rus
936 861 947 879 ,
979 838 1090 873 ibidem
1112 845 1204 873 trien-

320 893 368 921 nio
391 884 595 929 permansere.
623 889 716 923 Porro
739 895 800 919 toto
809 889 862 921 illo
882 894 1012 923 triennio
1027 889 1125 921 ⁴laicus
1141 892 1203 923 Deo

316 938 450 983 servivit
473 961 480 968 .
509 938 579 980 ,Quo
600 945 750 979 tempore,
777 936 829 970 boe
851 961 863 977 ,
888 942 1036 979 inquam,
1060 950 1140 971 anno
1166 941 1201 972 Ii>

322 989 410 1025 hrum
431 984 543 1029 scripsit
568 987 606 1020 de
630 983 764 1029 magistro
785 997 798 1025 5
822 995 927 1028 nempe
955 985 1091 1030 sequenti
1121 1000 1205 1022 anno

324 1041 345 1072 ἃ
367 1036 497 1081 [ὶιῙεεριο
518 1033 662 1081 bapsismo
679 1031 682 1034 ⁴
697 1057 708 1075 ‚
737 1032 809 1070 3cum
828 1037 914 1080 jam
937 1038 1105 1071 adeodatus
1128 1047 1204 1080 puer

319 1088 469 1134 J'exdecim
489 1086 555 1128 esset
579 1094 723 1119 annorum
747 1109 758 1125 ‚
786 1090 839 1127 qui
863 1094 993 1128 tempore
1011 1087 1157 1131 baptismi
1194 1114 1205 1130 ‚

323 1149 410 1183 quem
424 1133 555 1180 sus'cepir
573 1145 653 1169 anno
672 1132 837 1177 superiori,
861 1137 968 1180 agebat
983 1149 1097 1171 annum
1124 1140 1203 1172 deci-

306 1186 405 1224 *mum
417 1185 556 1228 quinium
569 1208 579 1227 ‚
592 1195 683 1227 quem·
690 1185 895 1227 eodemferme
904 1191 1030 1229 ‘tempore
1040 1199 1080 1222 ex
1090 1187 1146 1223 bac
1158 1195 1203 1222 vi-

323 1247 359 1275 ta
385 1235 525 1280 disceffisse
545 1236 643 1270 tradit
662 1259 670 1267 .
695 1233 812 1277 scripfit
837 1242 931 1270 etiam
956 1247 1026 1271 tunc
1053 1239 1126 1271 duos
1154 1239 1200 1274 li-

323 1289 393 1323 bros
419 1295 520 1320 contra
539 1283 722 1318 Manlebaeos
747 1286 787 1323 >de
806 1285 924 1328 genefi,
949 1286 1078 1330 absolvit
1110 1290 1144 1322 (9
1170 1290 1204 1322 li·

324 1338 392 1375 bros
418 1338 455 1369 de
475 1334 578 1377 mufica
599 1358 610 1376 ,
639 1336 762 1368 addidit
786 1341 879 1369 etiam
893 1343 1141 1381 ⁴commentarium
1168 1340 1205 1375 de

325 1394 404 1425 vera
424 1387 577 1432 Religione
600 1383 755 1428 'adversus
779 1385 959 1421 Manichacus
986 1412 993 1419 .
1023 1392 1093 1422 Haee
1122 1411 1133 1428 ,
1161 1394 1203 1423 in·

324 1450 440 1483 quam,
466 1441 566 1469 omnla
587 1436 705 1475 edidit,
724 1445 889 1480 >antequam
910 1438 1064 1485 presbyter
1079 1440 1167 1482 fieret
1194 1464 1204 1481 ,

325 1487 389 1531 ipso
415 1485 541 1520 triennio
559 1486 802 1521 'commorationis
826 1495 858 1521 m
882 1490 994 1522 Eremo
1017 1515 1024 1522 .
1058 1488 1167 1523 Reste
1194 1513 1206 1530 ,

328 1536 537 1580 Ampliffime
563 1535 749 1572 Cardinalis
778 1536 790 1576 ‘,
814 1540 986 1571 in²Eremo
1010 1562 1018 1570 .
1056 1537 1204 1572 Vivebat

328 1599 471 1632 namque
496 1597 567 1622 eam
579 1587 705 1627 vitam,
733 1598 831 1631 quam
854 1587 883 1620 ei
909 1588 1130 1631 praedicaverat
1145 1587 1200 1622 Po-

326 1638 488 1678 titianus‚
516 1649 585 1683 quae
602 1637 716 1680 utique
727 1644 839 1672 eratin
859 1638 999 1682 gregibus
1024 1637 1201 1678 monasterio-

326 1702 394 1724 rum
420 1700 454 1723 ac
478 1694 511 1722 in
536 1687 671 1722 uberibus
699 1691 805 1723 Eremi
831 1687 955 1731 desertis
969 1715 976 1723 .

375 1741 459 1775 Haec
480 1749 587 1775 tamen
599 1741 713 1775 omnia
727 1751 795 1774 non
806 1740 934 1784 placent
956 1735 1105 1775 Gabrieli
1124 1741 1207 1776 Pen-

327 1798 448 1831 notto,
472 1792 528 1835 qui
550 1801 592 1826 ex
615 1791 682 1825 istis
703 1788 838 1826 Poffidii
863 1786 966 1825 verbis
989 1791 1074 1826 varia
1088 1791 1184 1826 infert
1198 1814 1208 1831 ,

328 1850 470 1886 quorum
489 1842 640 1884 quintum
663 1839 708 1875 est
730 1864 742 1880 ,
767 1839 1207 1886 quo'daapprehenfionis'ad

329 1940 428 1977 adhuc
452 1941 564 1974 laicus.
594 1942 739 1980 Sextum,
765 1942 957 1984 quodadbuc
981 1942 1106 1976 tenebat
1119 1954 1206 1986 agros

327 1996 483 2037 proprios.
513 1995 562 2024 Ait
586 1996 664 2024 enim
677 1999 776 2023 textus
794 2005 805 2025 .-
833 1993 883 2025 Ad
904 2000 1062 2035 propriam
1089 1994 1210 2025 domum

332 2046 367 2078 ό·
394 2054 480 2088 agros
503 2047 637 2083 proprios
662 2046 812 2073 remeavit
839 2062 850 2075 ‚
876 2040 923 2068 bd
944 2049 1172 2078 qur-rvvemens
1199 2066 1210 2079 ‚

334 2096 368 2128 Θ
395 2099 428 2126 in
453 2090 558 2135 quibus
585 2092 713 2121 triennio
731 2084 834 2126 ferme=
859 2085 1052 2123 constitutus,
1079 2086 1144 2118 &c-
1167 2086 1209 2118 Et

334 2144 420 2178 infra
445 2139 635 2178 concludit,
663 2141 757 2169 etiam
773 2132 896 2173 falsum
921 2137 976 2176 effe
997 2159 1008 2174 ,
1033 2135 1113 2175 quod
1138 2138 1212 2166 Cor·-

333 2195 428 2228 'nelius
458 2191 643 2224 Lancilotrus
671 2187 705 2220 ό*
725 2185 847 2226 quidam
861 2185 918 2216 alii
939 2183 1101 2228 scribunt,
1131 2186 1208 2216 Bea-

335 2253 400 2278 tum
427 2239 613 2285 Augustinum
634 2236 738 2277 statim
761 2257 771 2272 ‚
789 2243 823 2267 ut
849 2235 893 2266 ad
914 2239 1068 2275 propriam
1095 2235 1211 2267 domum

335 2295 429 2328 rediit
443 2317 453 2332 ,
479 2291 559 2334 quod
582 2288 726 2329 reliquum
752 2293 816 2318 erat
838 2283 888 2327 sui
909 2288 1082 2326 patrimonii
1106 2308 1116 2324 ,
1142 2294 1211 2317 ven-

339 2343 440 2386 didtffe
461 2348 583 2383 partem
611 2339 644 2371 cii
666 2334 848 2378 pauperibus
876 2334 1049 2376 dfiribuiffl·
1074 2357 1085 2374 ‚
1113 2334 1158 2367 ἐν»
1175 2345 1213 2366 ex

332 2403 422 2437 parte
448 2393 509 2424 alia
534 2393 682 2432 tugurium
701 2384 803 2426 fibi&
824 2381 888 2425 suls
915 2387 1066 2418 Eremitis
1092 2388 1124 2415 in
1136 2386 1213 2416 Ere-

337 2455 384 2477 mo
405 2440 595 2483 exstruxr'ffe:
624 2441 710 2468 Nam
742 2434 883 2474 Poffldius
908 2435 996 2467 aliter·
1022 2434 1097 2466 dicu
1121 2458 1128 2465 .
1164 2433 1213 2466 Ex

338 2492 418 2527 hinc
441 2490 587 2525 falsstatis
609 2485 763 2521 convinci
785 2491 876 2526 putat
893 2495 930 2517 ea
952 2488 969 2525 ς
991 2494 1062 2528 quae
1082 2482 1214 2525 quidam

340 2542 472 2578 tradunt
493 2540 534 2574 de
552 2536 749 2572 monasterio
774 2534 805 2567 δε
838 2531 1016 2567 Eremitica
1036 2531 1213 2578 Augustini

341 2603 417 2628 cum
445 2590 542 2625 sociis
561 2585 813 2622 cohabitatione
839 2584 872 2616 in
904 2583 1024 2617 Eremo
1045 2585 1114 2628 agri
1142 2582 1217 2616 Ta-

342 2641 494 2688 gastenfis
522 2665 530 2672 .
568 2637 693 2673 Verum
726 2634 911 2668 pennottus
941 2632 1056 2666 misere
1094 2641 1178 2666 errat
1208 2657 1216 2664 .

343 2695 462 2728 Fateor
490 2699 631 2729 namque
657 2697 693 2720 ac
715 2696 789 2718 cum
814 2684 931 2717 Sansto
956 2682 1105 2717 Poffidio
1131 2683 1218 2725 ipso-

344 2753 407 2788 que
430 2739 620 2784 Augustino
643 2735 795 2780 profiteor
815 2759 826 2774 ,
854 2731 1080 2778 Augustinum
1102 2757 1113 2774 ,
1139 2731 1219 2765 dum

348 2793 368 2827 a
393 2792 517 2836 populo
535 2787 575 2822 ad
592 2786 855 2828 presbyteratum
876 2784 1062 2828 arriperetur
1079 2804 1090 2821 ‚
1127 2782 1220 2815 fuiffe

345 2841 453 2876 adhuc
476 2841 597 2875 laicum
621 2862 628 2870 .
655 2835 815 2878 Nunquid
830 2834 906 2868 ideo
929 2845 995 2868 non
1015 2830 1221 2867 monachus?

350 2891 463 2926 Abflt.
489 2890 603 2924 Palam
626 2897 766 2927 namque
786 2885 831 2918 est
855 2883 946 2918 istius
972 2883 1128 2926 temporis
1155 2892 1220 2915 mo-

352 2940 476 2976 nachos
493 2940 586 2974 fuiffe
606 2947 720 2972 omnes
744 2935 860 2968 laicos.
889 2933 982 2968 Hinc
1001 2933 1091 2967 enim
1111 2932 1222 2976 Augu-

350 2993 453 3026 stinus
478 3015 490 3032 ,
523 2990 602 3023 dum
627 2989 668 3022 de
694 2985 819 3030 vulgari
845 2983 932 3018 laico
959 2983 1081 3027 populo
1120 2982 1221 3024 loqui-

352 3051 406 3076 tur
428 3065 439 3081 ,
466 3040 577 3085 paffim
610 3048 703 3071 vocat
747 3039 850 3069 Laicos
877 3032 1028 3076 inferioris
1052 3030 1188 3075 propofiti
1214 3055 1224 3071 ‚

354 3103 391 3126 ut
410 3090 590 3134 distinguat
610 3097 724 3121 contra
745 3082 951 3125 monachos,
981 3084 1081 3117 laicos
1108 3093 1220 3126 propo-

357 3143 404 3176 fiti
426 3139 642 3176 sublimioris.
669 3135 813 3169 Proinde
838 3134 913 3168 dico
939 3133 1163 3178 Augustinum
1191 3131 1222 3164 in

358 3192 442 3236 agris
467 3189 602 3235 propriis
629 3186 726 3230 prope
746 3184 926 3230 Tagastam
947 3208 958 3225 ,
986 3184 1111 3217 dudum
1139 3193 1224 3216 ante-

358 3252 456 3284 quam
480 3241 672 3284 Hipponam
692 3235 865 3269 adveniens
885 3235 924 3268 ad
956 3234 1157 3267 Clericatum
1183 3242 1225 3264 ar-

359 3292 534 3333 riperetur,
561 3286 623 3323 toti
636 3287 765 3331 proprio
786 3286 843 3318 suo
867 3284 1168 3328 quantulocumque
1179 3293 1228 3324 pa-

360 3339 518 3377 trimonio
534 3336 733 3372 renunciasse
755 3360 766 3375 ,
792 3346 829 3368 ac
850 3334 955 3377 ipsum
979 3334 1029 3367 vel
1055 3334 1089 3367 in
1114 3343 1223 3375 paupe·

363 3400 413 3423 res
439 3389 489 3422 vel
516 3387 549 3420 in
577 3389 707 3420 suorum
736 3385 782 3419 ibi
805 3385 1061 3417 Coeremitarum
1088 3383 1226 3426 primum

362 3438 594 3474 monasterium
614 3438 705 3469 fuisse
725 3435 920 3479 elargitum:
947 3432 1175 3476 Credibileque
1184 3434 1226 3466 est

1244 153 1519 201 GsER'e
1557 170 1602 201 M.

1270 239 1419 285 aliosque
1445 240 1651 276 Coeremitas
1677 250 1809 276 omnes.
1838 241 1960 279 Tradit
1984 242 2017 278 id
2043 243 2159 291 Augu·

1270 291 1372 326 stinus
1395 292 1428 325 in
1457 293 1603 326 sermone
1627 292 1775 335 populari
1800 291 1842 330 de
1864 292 2018 336 diversis,
2043 296 2084 330 fic
2110 297 2159 331 dit

1270 352 1346 375 cens
1371 341 1437 385 jam
1461 343 1643 386 Episcopus
1665 342 1707 376 ad
1732 341 1858 386 plebem
1873 354 1911 379 ac
1929 345 2064 379 clerum
2076 347 2159 390 Hip·
2180 347 2280 381 Serm-

1272 393 1449 434 ponensem
1477 417 1484 424 .
1523 396 1598 427 Non
1621 393 1715 425 attuli
1738 393 1860 435 aliquid
1883 415 1895 431 ‚
1938 405 1997 428 non
2022 402 2094 430 veni
2118 398 2162 429 ad
2173 408 2229 445 49.
2241 409 2301 434 c.1.

1271 439 1348 475 hanc
1373 440 1555 482 Exustam,
1580 441 1637 485 nlfi
1655 454 1723 477 cum
1749 449 1789 475 iis
1816 444 2002 476 indumentis
2016 469 2026 485 ,
2050 446 2159 488 quibus

1272 491 1325 524 illo
1351 501 1486 535 tempore
1512 492 1659 533 vestiebar
1685 518 1693 525 .
1719 493 1812 539 Qia
1839 504 1956 537 nempe
1980 502 2083 529 omne
2107 508 2159 539 pa-

1270 541 1466 579 trimonium
1488 542 1749 577 iflimonasterio
1770 542 1928 583 dederat,
1955 542 2096 587 ideoque
2111 546 2159 580 nil

1272 590 1327 624 nifi
1354 602 1455 628 unam
1478 592 1595 626 vestem
1614 594 1723 627 secum
1748 603 1872 636 poterat
1901 593 2013 628 afferre
2032 594 2162 638 Hippo-

1272 651 1345 674 nam
1367 666 1375 673 .
1405 643 1498 677 Hinc
1529 634 1671 686 riamque
1697 643 1784 685 apud
1817 652 1880 677 nos
1897 643 2081 678 etiamnum
2110 645 2163 678 vi-

1269 702 1325 735 get
1348 702 1384 725 ea
1405 692 1458 726 lex
1474 718 1484 734 ‚
1504 704 1576 736 quae
1597 692 1764 727 Fratribus
1790 691 1830 725 ad
1853 693 2089 737 Episcopatum
2101 704 2160 730 aut

1269 741 1367 773 aliam
1392 740 1593 787 dignitatem
1614 753 1706 776 extra
1732 743 1897 777 Ordinem
1919 744 2099 788 adsumptis
2112 745 2161 779 ni·

1269 789 1318 823 hil
1335 790 1394 824 nifi
1421 792 1541 827 vestem
1565 803 1665 827 unam
1687 793 1981 836 efferrerpermittit
2007 818 2018 834 ‚
2043 794 2085 828 de
2112 807 2159 830 re-

1269 840 1359 884 liqua
1382 851 1492 875 autem
1526 853 1641 877 eorum
1662 842 1859 886 supellectile
1884 842 2014 887 disponi
2040 840 2118 880 facit
2141 869 2154 887 ‚

1268 891 1439 933 quomodo
1459 892 1540 925 solet
1563 892 1603 926 de
1630 892 1829 936 supellectile
1849 893 1986 927 fratrum
2008 904 2154 929 mortuo-

1269 951 1339 974 rum
1366 966 1375 977 .
1405 941 1523 986 Longe
1544 942 1664 977 clarius
1691 942 1788 977 tradit
1815 942 1880 977 hoc
1902 944 2006 987 ipsum
2038 944 2154 989 Augu-

1268 989 1370 1024 stinus
1403 993 1437 1024 in
1477 991 1621 1035 Epistola
1656 992 1698 1027 ad
1734 992 1892 1028 Albinam
1926 1016 1938 1033 ,
1975 1004 2075 1038 agens
2110 994 2152 1029 de

1268 1041 1372 1074 caussa
1397 1041 1621 1085 Hipponenfis
1650 1043 1698 1076 sui
1716 1042 1830 1087 populi
1860 1068 1871 1085 ,
1899 1044 1957 1088 qui
1986 1042 2075 1086 quod
2103 1055 2161 1078 nu-

1267 1101 1322 1133 per
1350 1091 1455 1125 virum
1479 1091 1729 1126 Nobilissimum
1753 1104 1854 1137 atque
1874 1093 2159 1138 opulentiffimutn

1268 1139 1471 1182 Pinianum,
1496 1137 1670 1188 quomodo
1682 1142 1766 1176 olim
1795 1144 1900 1185 ipsum
1926 1143 2156 1188 Augustinum

1270 1189 1311 1224 ad
1340 1190 1603 1234 Presbyteratum
1631 1201 1777 1233 rapuerat
1799 1215 1809 1231 ,
1845 1194 1936 1236 gravi
1963 1193 2084 1236 ubique
2113 1195 2157 1227 la-

1269 1239 1405 1273 borabat
1434 1241 1573 1273 infamia
1601 1240 1744 1279 avaritiae
1769 1251 1865 1282 atque
1887 1241 2048 1275 fimoniae.
2075 1246 2154 1286 ,Quo-
2173 1245 2230 1291 Ep.
2248 1243 2328 1284 228·

1266 1290 1351 1322 modo
1378 1292 1453 1322 dicii
1482 1288 1532 1322 hoc
1555 1300 1602 1322 eos
1633 1290 1736 1333 fectffie
1764 1291 1921 1331 turp1ffimo
1945 1298 2084 1333 appetitu
2106 1301 2158 1334 pe-

1266 1340 1387 1373 cuniae?
1415 1341 1539 1379 Primo,
1566 1344 1639 1382 quia
1664 1341 1709 1373 ad
1728 1340 1863 1381 plebem,
1890 1350 1956 1383 quae
1984 1342 2153 1386 clamabat,

1267 1394 1383 1422 omnino
1410 1401 1469 1422 non
1490 1395 1646 1432 pertinet.
1674 1392 1754 1426 sicut
1779 1397 1860 1424 enim
1883 1392 1969 1433 plebs
1994 1393 2156 1436 Tagasten'·

1261 1439 1303 1485 fis
1324 1441 1361 1473 de
1387 1438 1434 1472 bis
1462 1463 1473 1479 ‚
1499 1451 1568 1482 quae
1608 1438 1767 1481 contulistis
1795 1440 1927 1483 Ecclefiae
1954 1443 2125 1487 Tagastenfi
2143 1468 2156 1485 ‚

1269 1501 1326 1522 non
1363 1488 1453 1523 babet
1480 1488 1536 1530 nifi
1552 1491 1700 1533 gaudium
1735 1490 1802 1523 boni
1829 1497 1925 1534 operis
1952 1492 2040 1532 vestri
2070 1506 2084 1536 ,-
2115 1492 2156 1536 fic

1269 1541 1302 1573 e·
1330 1537 1581 1581 Hipponensis&
1600 1540 1767 1579 <cujuslibet
1792 1544 1916 1574 alterius
1944 1544 2018 1582 Ioci,
2046 1543 2100 1576 ubi
2118 1545 2158 1578 de

1268 1601 1444 1624 mammonae
1469 1596 1646 1633 iniquitatis
1676 1594 1797 1624 Domini
1831 1601 1985 1634 praecepm
2004 1592 2119 1634 fecistis
2145 1617 2158 1634 ,

1269 1642 1323 1675 vel
1340 1640 1406 1681 estis
1434 1640 1605 1684 ubicumque
1625 1640 1762 1682 fai‘luri.
1796 1646 1870 1675 Non
1896 1655 1963 1686 ergo
1986 1645 2116 1686 populus
2147 1667 2159 1684 ,

1269 1700 1302 1724 ut
1328 1692 1365 1723 de
1384 1701 1469 1724 tanto
1486 1697 1554 1725 viro
1571 1691 1705 1732 Ecclefiae
1730 1690 1890 1735 consuleret
1910 1691 1979 1738 suae
2007 1717 2018 1732 ‚
2046 1694 2159 1727 arden·

1269 1741 1368 1780 ‘tiffime
1381 1741 1528 1787 flagitans
1543 1767 1553 1783 ‚
1576 1739 1663 1785 suum
1688 1747 1896 1784 pecuniarium
1924 1742 2063 1785 quaefivit
2083 1754 2158 1776 com·

1269 1793 1387 1824 modum
1413 1794 1433 1825 ἃ
1455 1792 1541 1825 vobis
1579 1815 1589 1832 ,
1624 1791 1682 1834 sed
1707 1791 1834 1832 vestrum
1868 1799 2004 1835 pecuniae
2035 1802 2160 1827 contem-

1266 1849 1354 1886 ptum
1380 1842 1489 1876 dilexit
1509 1847 1543 1875 in
1570 1841 1677 1876 vobis.
1706 1846 1793 1876 Nam
1812 1840 1843 1884 fi
1858 1849 1946 1877 inme
1969 1844 2159 1883 dilexerunt,

1269 1894 1348 1934 quod
1371 1895 1531 1926 audierant
1553 1898 1658 1934 paucis
1704 1893 1836 1937 agellulis
1860 1899 2001 1935 paternis
2027 1903 2159 1926 contem-

1269 1948 1333 1984 ptis
1349 1945 1394 1975 ad
1418 1945 1475 1976 Dei
1506 1942 1629 1976 liberam
1651 1940 1832 1985 servitutem
1858 1955 1904 1977 me
1925 1946 2012 1988 fuiſje
2037 1955 2160 1977 conver·

1266 1991 1335 2036 sum
1361 2016 1371 2032 ‚
1401 2004 1493 2033 neque
1520 1991 1571 2024 boc
1597 1993 1774 2025 inviderunt
1801 1994 1940 2033 Ecclesia
1958 1992 2126 2036 Tagastenfi
2145 2013 2159 2032 ‚

1272 2053 1339 2084 quae
1360 2042 1493 2074 carnalis
1516 2046 1621 2080 patria
1648 2051 1714 2073 mea
1736 2053 1743 2072 :
1788 2041 1848 2074 sed
1872 2052 1935 2075 cum
1960 2042 2014 2075 illa
2039 2041 2162 2075 clerica-

1272 2096 1336 2118 tum
1362 2086 1438 2116 mibi
1449 2096 1506 2117 non
1528 2085 1727 2128 imposuiffet,
1754 2090 1876 2127 quando
1896 2097 2082 2129 potuerunt,
2108 2089 2162 2120 ha-

1273 2134 1401 2167 bendum
1428 2131 1630 2175 invaserunt.-
1658 2136 1786 2176 ,Quanto
1805 2134 1986 2179 flagrantius
2013 2142 2044 2170 in
2069 2138 2161 2179 nostro

1276 2187 1404 2216 Piniano
1430 2194 1534 2216 amare
1562 2192 1727 2225 potuerunt
1756 2208 1767 2223 ,
1792 2192 1912 2219 tantam
1937 2189 2043 2220 mundi
2068 2186 2161 2228 hujus

1277 2235 1470 2275 cupiditatem
1481 2257 1491 2273 ‚
1506 2243 1610 2266 tantas
1621 2242 1690 2277 opes
1706 2259 1717 2275 ,
1741 2242 1861 2267 tantam
1876 2234 1970 2278 spem·
1988 2246 2077 2270 tanta
2097 2249 2162 2271 con-

1274 2282 1401 2322 verfione
1420 2281 1594 2326 superatam
1620 2293 1710 2325 atque
1733 2285 1884 2318 calcatam
1906 2288 1919 2319 ἓ
1950 2287 2035 2321 Ecce
2061 2311 2072 2328 ,
2100 2299 2161 2330 pa-

1277 2334 1340 2366 lam
1362 2332 1442 2366 dicit
1463 2332 1694 2377 Augustinus,
1721 2335 1809 2376 quod
1831 2336 1862 2368 se
1886 2336 1918 2368 in
1934 2336 2075 2370 Ecclesia
2086 2336 2162 2371 Ta-

1276 2382 1409 2427 gastenli
1435 2385 1526 2416 omni
1552 2392 1681 2425 paterna
1709 2383 1895 2419 haereditate
1918 2386 2044 2420 exuerit
2066 2411 2076 2426 ,
2105 2398 2163 2419 an·

1276 2442 1405 2473 tequam
1426 2443 1503 2466 eum
1525 2431 1758 2476 Hipponenses
1786 2433 1975 2468 invaderent
1993 2436 2162 2478 atqueim-

1278 2490 1435 2526 ponerent
1456 2482 1648 2516 clericatum
1667 2506 1674 2513 .
1702 2481 1796 2516 Hinc
1822 2483 1856 2517 in
1876 2483 2052 2519 Eccleliam
2075 2485 2162 2528 Hip-

1279 2532 1453 2576 ponensem
1475 2529 1559 2565 nihil
1576 2531 1720 2571 detulit,
1749 2532 1807 2567 nisi
1819 2533 1971 2575 unicum,
2000 2546 2067 2579 quo
2081 2546 2163 2570 tunc

1278 2582 1489 2616 amiciebatur
1509 2606 1520 2622 ,
1547 2581 1776 2616 vestimentum
1804 2596 1812 2616 :
1841 2584 1930 2630 Qia
1957 2597 2073 2628 nempe
2093 2595 2164 2618 om-

1279 2634 1331 2666 nia
1355 2633 1411 2666 sua
1432 2631 1496 2675 jam
1515 2633 1534 2665 a
1560 2632 1590 2665 se
1608 2631 1782 2673 alienarat,
1806 2633 2070 2679 effuderatquein
2087 2636 2164 2669 Ere-

1280 2693 1368 2716 mum
1392 2681 1629 2726 Tagastensem
1656 2705 1663 2713 .
1697 2683 1768 2717 Nili
1804 2694 1945 2729 namque
1971 2696 2065 2721 antea
2091 2684 2165 2719 fuis·

1282 2734 1351 2766 sent
1377 2731 1517 2766 alienata
1553 2755 1564 2772 ,
1593 2733 1681 2775 sequi
1713 2732 1815 2774 ipsum
1847 2735 1960 2768 omnia
1987 2735 2167 2770 debuerant

1283 2782 1474 2825 Hipponem
1498 2806 1510 2823 ‚
1531 2782 1579 2816 uti
1611 2781 1815 2816 manifestum
1836 2783 1881 2816 est
1911 2795 1952 2818 ex
1972 2796 2008 2818 ea
2033 2787 2164 2819 suorum

1282 2832 1554 2866 monasteriorum
1586 2832 1822 2867 fundamentali
1850 2834 1922 2878 lege
1948 2858 1959 2874 ‚
1984 2847 2083 2880 quam
2110 2835 2165 2869 ha-

1283 2881 1337 2915 bet
1359 2882 1392 2915 in
1417 2881 1560 2925 Epistola
1587 2880 1626 2916 ad
1668 2883 1814 2916 sanetum
1839 2882 1990 2927 Alrpium
2015 2909 2026 2925 ‚
2051 2885 2166 2929 scripta

1284 2933 1318 2966 in
1345 2933 1449 2966 caussa
1486 2931 1635 2965 Eccleliae
1655 2931 1850 2967 Thianenlis
1874 2946 1932 2976 pro
1963 2935 2165 2978 patrimonio
2181 2957 2209 2991 E
2250 2968 2270 2994 2

1284 2982 1402 3016 Fratris
1419 2982 1586 3016 Honorati
1607 2983 1758 3024 assumpti
1782 2994 1823 3017 ex
1849 2984 2034 3028 Tagasteufi
2050 2996 2163 3018 mona·
2211 2968 2239 3002 P'
2274 2967 2327 3004 39¹

1285 3032 1379 3065 sterio
1396 3032 1436 3065 ad
1460 3032 1550 3066 diecae
1573 3032 1985 3077 EcclefiaePrcsbyteratum
2007 3059 2015 3066 .
2045 3034 2165 3068 Hono-

1286 3092 1371 3115 ratus
1395 3082 1454 3115 iste
1476 3082 1674 3126 patrimonio
1693 3083 1806 3122 dives,
1832 3085 1991 3126 professus
2017 3083 2073 3117 iub
2095 3084 2165 3117 Ali·

1289 3132 1342 3174 pio
1363 3132 1542 3166 monachus
1563 3131 1770 3175 Tagastenfis
1803 3156 1815 3172 ,
1851 3133 2020 3168 ordinatus
2055 3134 2101 3168 est
2127 3134 2164 3168 iu

1289 3182 1519 3224 Presbyterum
1549 3193 1588 3216 ac
1619 3181 1792 3216 Reflorem
1819 3182 1963 3217 Ecclefiae
1991 3183 2164 3217 Thranen·

1287 3232 1325 3265 fis
1351 3256 1362 3272 ,
1387 3242 1528 3267 recenter
1545 3231 1564 3265 ὲ
1586 3231 1722 3266 Donato
1735 3233 1896 3266 conversae
1919 3234 1960 3268 ad
1972 3232 2140 3268 Christum
2154 3255 2162 3264 ·

1290 3283 1382 3317 Hinc
1404 3282 1488 3315 inter
1507 3281 1613 3326 Alipii
1627 3281 1858 3315 monasterium
1885 3284 2083 3327 atqueistam
2096 3283 2164 3316 Ec-

1289 3332 1418 3366 clefiam
1448 3332 1662 3366 controversia
1681 3332 1722 3366 de
1752 3331 1821 3375 ejus
1842 3334 2042 3376 patrimonio
2064 3358 2070 3365 .
2097 3332 2165 3367 Pro

1291 3382 1489 3416 monasterio
1510 3380 1640 3424 Alipius
1661 3405 1673 3421 ,
1699 3393 1757 3425 pro
1782 3382 1920 3417 Ecclefia
1952 3384 2070 3429 agebat
2090 3383 2165 3416 Au-

1293 3431 1442 3476 gustinus
1467 3457 1475 3465 .
1506 3431 1639 3475 Alipius
1662 3431 1792 3465 volebat
1819 3435 2054 3475 patrimonium
2080 3431 2165 3467 istud

362 3490 504 3534 idipsum
530 3486 635 3522 fecisse
664 3485 762 3520 etiarn
790 3485 939 3529 Alipium
975 3508 987 3524 ,
1026 3483 1191 3518 Evodium
1219 3506 1231 3523 ,
1295 3481 1348 3517 vel
1373 3492 1480 3518 totum
1503 3481 1702 3518 monasterio
1721 3483 1882 3527 relinqui,
1908 3485 1958 3519 vel
1974 3483 2060 3520 certe
2082 3483 2166 3517 inter

2047 3544 2117 3568 mo-
