2384 3770
381 137 477 184 240

339 218 507 250 nunquam
520 207 622 252 potest
638 217 705 242 non
719 205 916 247 convenire,
942 205 1224 250 convenitsssubje·

338 261 391 294 ἂο
405 260 462 293 suo
474 259 507 292 in
524 257 680 296 omnibus
694 258 762 292 iilis
772 267 910 301 quatuor
925 258 1147 302 temporibus.-
1177 268 1223 290 at-

336 307 393 352 qui
406 308 630 353 significatum
644 309 780 345 formale
794 309 955 351 praedicati
969 307 1132 342 necessarii
1144 318 1221 342 con-

339 358 432 392 venit
445 360 568 403 semper
579 359 613 393 &
624 361 759 403 ubique,
775 369 879 402 neque
892 359 995 401 potest
1011 358 1152 401 subjecto
1164 359 1221 395 suo

340 418 410 443 non
421 410 616 444 convenire:
642 422 722 455 ergo
747 408 902 446 convenit
923 410 959 443 in
980 408 1136 446 omnibus
1158 408 1222 443 illis

342 470 484 502 quatuor
495 461 704 504 temporibus.
716 460 867 495 Probatur
881 464 977 491 minor
992 471 998 494 ς
1027 458 1116 507 Qia
1129 457 1224 503 figni-

342 509 477 548 ficatum
490 512 627 547 formale
638 510 798 557 praedicati
814 509 830 543 ἐι
844 508 985 550 subjeiio
997 509 1094 552 plane
1105 510 1221 551 insepa-

340 559 462 601 rabile,
493 562 653 606 planeque
664 560 906 594 identificatam
920 569 1090 602 nunquam
1116 559 1221 605 potest

339 609 482 654 subjecto
497 624 565 646 non
579 612 771 646 convenire:
804 609 893 652 atqui
915 608 1135 655 significatum
1160 610 1222 643 for-

338 663 427 696 male
439 663 598 706 praedicati
613 660 776 695 necessarii
788 659 832 693 est
846 658 987 700 subjecto
1011 658 1071 693 suo
1096 658 1222 696 realiter

338 711 580 750 identificatum
593 726 603 745 :
634 721 669 745 ut
687 710 794 744 dicam
816 708 919 742 infra.
947 708 1038 754 Ergo
1050 719 1219 753 nunquam

339 761 442 813 potest
455 764 514 801 suo
527 762 667 809 subjecto
680 772 748 796 non
760 759 938 796 convenire
955 781 966 796 .
1031 773 1051 785 ν

542 912 577 947 D
606 910 646 948 U
675 910 703 947 B
730 911 746 948 1
774 910 814 946 U
845 909 887 947 M
951 908 1004 946 11.

476 1017 521 1046 De
544 1011 757 1055 Distrafflone,
780 1012 814 1050 (ν
836 1012 924 1048 ssata
950 1013 1054 1055 Logico
1070 1034 1078 1046 ,

339 1130 372 1171 7,
397 1109 642 1199 Dlstrastio
675 1111 807 1148 moralis
832 1113 887 1146 seu
916 1108 1037 1146 Ethica
1060 1109 1106 1144 est
1133 1119 1218 1143 aver·

513 1165 560 1201 sio
573 1163 691 1198 mentis
716 1162 758 1197 ab
783 1173 881 1210 opere
907 1162 1063 1206 agendo,
1088 1160 1142 1194 cui
1169 1158 1218 1192 de·

339 1218 429 1253 beret
452 1214 641 1254 attendere,
665 1211 875 1248 &conversio
887 1211 956 1254 ejus
966 1211 1005 1247 ad
1018 1220 1099 1255 opus
1125 1222 1136 1246 .-
1163 1219 1218 1243 aut

340 1279 407 1303 rem
435 1266 599 1309 quandam
630 1265 919 1307 impertinentem:
947 1261 990 1295 fic
1016 1261 1117 1296 etiam
1144 1258 1217 1296 Dis-

338 1318 452 1356 trastio
480 1316 607 1362 Logica
633 1314 677 1353 est
708 1314 830 1348 aversio
851 1313 941 1346 vocis
966 1316 983 1344 a
1009 1320 1219 1353 temporeco·

339 1368 424 1413 pulae
451 1366 589 1404 debito,
616 1365 650 1398 &
674 1364 846 1398 conversio
858 1362 929 1406 ejus
954 1361 994 1394 ad
1021 1360 1219 1403 tempusim-

338 1418 526 1461 pertinens,
553 1416 587 1452 <sc
614 1415 632 1452 ὲ
658 1413 895 1460 significatione
920 1411 1044 1455 copulae
1063 1410 1221 1445 alienum2

338 1468 421 1508 Est,
447 1467 604 1510 inquam,
633 1461 836 1502 nihilaliud‚
865 1473 962 1506 quatu
976 1460 1142 1506 usurpatio
1166 1472 1218 1494 vo·

336 1521 383 1552 cis
408 1516 449 1552 ad
494 1514 744 1561 significandum
771 1513 988 1558 significatum
1016 1513 1110 1547 suum
1137 1511 1218 1544 exis-

338 1578 404 1602 tere
433 1578 491 1609 pro
517 1567 585 1603 alio
612 1574 758 1607 tempore
780 1587 791 1603 ‚
817 1574 916 1605 quam
944 1562 1139 1605 importetur
1164 1572 1219 1607 per

337 1617 490 1660 copulam
518 1613 747 1658 propositionis
773 1612 1007 1658 principalem.
1036 1611 1078 1645 V.
1095 1622 1127 1655 g.
1142 1622 1217 1645 cum

337 1668 414 1701 dico
426 1689 437 1709 2
463 1665 674 1703 caecividem,
701 1667 776 1696 muti
791 1664 1217 1704 loquuntur,mortu1v1vum,

336 1719 394 1751 &c-
424 1716 537 1751 omnia
564 1714 621 1749 ista
649 1713 788 1757 subjesta
814 1709 1057 1753 distrahuntur,
1084 1709 1219 1743 habent-

332 1777 398 1810 que
425 1764 691 1803 distractionem:
718 1764 913 1806 usurpantur
938 1761 1029 1797 enim
1057 1759 1102 1794 ibi
1129 1760 1169 1794 ad
1185 1760 1219 1792 fi·

332 1815 562 1866 gnificandum
589 1813 725 1858 aliquod
752 1812 967 1858 significatum
992 1810 1218 1847 alteriustem·

333 1866 445 1912 poris,
472 1875 572 1909 quam
599 1864 636 1897 sit
662 1863 849 1908 principalis
879 1859 998 1905 copula
1027 1860 1218 1904 propositio·

332 1919 386 1952 nis
410 1943 417 1949 .
446 1916 657 1958 Usurpantur
680 1913 802 1959 quippe
826 1912 867 1948 ad
894 1910 1146 1957 significandum
1185 1909 1220 1943 fi-

333 1968 528 2015 gnificatum
543 1964 699 2008 temporis
711 1961 882 2006 praeteriti,
909 1970 987 1996 cum
1012 1959 1131 2002 copula
1150 1967 1218 2002 pto·

333 2017 504 2063 positionis
532 2015 568 2049 sit
595 2013 753 2056 temporis
780 2010 963 2054 praesentis.
993 2009 1082 2043 Nam
1097 2007 1155 2044 ista
1170 2009 1218 2042 su-

335 2069 438 2113 bjesta
451 2075 585 2106 mutuus,
606 2075 718 2105 cacus,
741 2071 872 2095 mortuus
884 2070 952 2095 non
966 2057 1151 2103 significant
1161 2069 1217 2091 εε-

332 2130 413 2160 cos²
442 2126 551 2154 mutos
564 2138 575 2154 ‚,
599 2125 653 2146 aut
680 2122 828 2146 mortuos
851 2109 1008 2151 temporis
1033 2107 1192 2149 presentis
1207 2128 1218 2144 ,

333 2169 389 2205 sed
424 2164 579 2210 temporis
599 2160 768 2205 praeteriti:
798 2158 991 2200 faciuntque
1031 2154 1121 2190 hunc
1149 2155 1218 2188 sen·

874 118 1193 169 Dispurir.
1232 123 1376 173 XVII.
1414 124 1554 173 Dun.
1591 126 1648 172 11.

1281 207 1390 246 locum
1415 211 1513 246 etiam
1539 208 1663 247 habent
1687 212 1720 245 in
1749 212 1858 256 natu.
1880 213 2149 251 &distractione-

1283 260 1394 307 Itaque
1415 262 1552 298 status&
1564 262 1728 297 distractio
1739 264 1815 298 sunt
1825 265 1897 299 vere
1905 276 2023 300 vocum
2038 265 2153 306 suppo·

1283 311 1432 346 sitiones,
1457 316 1549 347 Ratio
1567 312 1626 355 est:
1649 313 1740 359 Qia
1762 312 1989 357 suppositioest
2014 313 2152 359 applica.

1281 362 1331 395 tio
1359 362 1449 396 vocis
1474 363 1514 396 ad
1540 363 1805 407 significandum:
1828 363 1919 406 atqui
1934 363 2096 399 distractio
2116 364 2154 398 &1

1283 412 1382 447 status
1401 413 1476 447 sunt
1498 414 1677 457 applicatio
1697 414 1731 449 &
1755 413 1871 458 positio
1895 414 1985 449 vocis
2012 413 2047 447 in
2070 425 2153 449 con·

1284 472 1377 495 textu
1399 461 1557 499 orationis
1576 463 1617 499 ad
1635 463 1884 508 significandum
1906 477 1914 498 z
1938 464 2011 498 sunt
2032 463 2152 508 quippe

1284 512 1399 554 positio
1421 512 1509 547 vocis
1531 514 1565 548 in
1589 516 1750 550 orationis
1779 524 1939 550 contextu
1967 512 2010 548 ad
2032 513 2154 556 signifi·

1281 562 1423 597 candum
1443 562 1658 607 significatum
1684 566 1776 601 suurn
1798 565 1934 600 existere
1955 574 2014 607 pro
2031 573 2155 606 tempo-

1282 623 1313 647 re
1344 612 1385 646 ad
1407 611 1681 656 significationem
1702 615 1829 658 copula
1857 613 2079 650 accommodo
2103 611 2156 646 vel

1281 661 1525 698 discommodo.
1552 662 1642 707 Ergo
1663 664 1737 698 sunt
1759 675 1832 700 vera
1854 664 1942 699 vocis
1966 662 2154 707 suppositio.

1281 713 1320 748 ln
1341 712 1400 747 suo
1422 713 1551 756 praeciso
1572 724 1734 757 conceptu
1756 708 1862 759 neque
1884 716 1958 750 sunt
1979 713 2156 758 suppositio

1282 761 1456 798 materialis
1475 787 1489 802 ,η
1507 773 1612 806 neque
1633 763 1768 808 simplex
1788 788 1801 805 ‚
1834 775 1939 808 neque
1961 763 2154 807 personalis;

1282 812 1328 847 ast
1351 813 1386 846 in
1408 823 1442 848 re
1466 810 1711 850 identificantur
1735 813 1931 860 quandoque
1942 810 2156 857 suppositioni

1282 862 1438 897 materiali
1453 888 1464 903 ,
1482 864 1680 908 quandoque
1701 865 1865 909 simplici,
1883 865 2078 909 quandoque
2090 873 2157 906 per·

1282 912 1385 947 sonali
1411 912 1475 955 ;V.
1489 925 1523 958 g.
1546 914 1580 948 in
1603 913 1666 949 hac
1688 914 2155 960 propositione,coecivident,

1281 963 1446 1001 distraetio
1470 964 1561 999 vocis
1582 969 1655 1001 caeci
1677 965 1898 1001 identificatur
1917 975 1993 999 cum
2009 962 2156 1006 ejusdem

1283 1013 1373 1049 vocis
1394 1013 1615 1060 suppositione
1636 1016 1797 1057 personali
1821 1041 1829 1051 .
1861 1019 1953 1050 Ratio
1977 1013 2015 1054 est
2036 1026 2044 1046 :
2066 1013 2156 1058 Qia

1283 1064 1457 1108 suppositio
1479 1065 1656 1110 personalis
1676 1064 1722 1100 est
1745 1065 1887 1109 prolatio
1907 1065 1997 1100 vocis
2019 1065 2156 1098 cumin-

1282 1115 1432 1149 tentione
1453 1113 1653 1158 significandi
1666 1114 1737 1158 ejus
1759 1116 1937 1162 significata
1957 1112 2156 1155 secundaria;

1284 1164 1450 1197 distractio
1467 1164 1545 1199 vero
1567 1164 1613 1199 est
1642 1165 1784 1209 prolatio
1807 1165 1952 1208 ejusdem
1975 1165 2067 1198 vocis
2079 1174 2156 1197 cum

1284 1213 1471 1249 intentione
1493 1214 1699 1259 significandi
1719 1215 1897 1262 significata
1917 1215 1984 1260 ejus
2007 1213 2157 1248 secunda-

1281 1265 1327 1300 ria
1349 1264 1484 1299 existere
1507 1274 1565 1308 pro
1596 1265 1664 1300 aiio
1695 1274 1844 1312 ternpore
1870 1290 1881 1306 ,
1909 1275 2007 1309 quam
2041 1264 2157 1307 exigat

1282 1314 1512 1360 propositionis
1532 1316 1651 1358 copula
1673 1327 1681 1347 :
1715 1316 1807 1360 atqui
1829 1314 1878 1353 hae
1906 1315 1977 1350 duae
2003 1314 2158 1357 prolatio·

1283 1376 1361 1405 nes,
1384 1365 1470 1399 idem
1492 1364 1542 1401 hae
1559 1366 1629 1399 duae
1640 1367 1843 1403 intentiones
1864 1364 1923 1402 fibi
1941 1364 2058 1399 mutuo
2067 1363 2159 1396 iden-

1282 1416 1449 1452 tificantur
1471 1428 1484 1450 .·
1510 1425 1546 1449 ut
1574 1417 1644 1449 dixi
1668 1415 1736 1450 dub.
1766 1427 1794 1453 1·
1823 1416 1913 1460 Ergo
1933 1414 2023 1449 vocis
2046 1411 2160 1447 distra-

1280 1466 1346 1499 &io
1369 1466 1403 1499 ὅ(
1431 1464 1522 1499 vocis
1546 1466 1720 1507 personalis
1747 1466 1923 1510 suppositio
1955 1462 2012 1499 fibi
2035 1462 2158 1497 mutuo

1281 1515 1409 1551 realiter
1433 1515 1679 1550 identificantur
1703 1539 1711 1548 .
1748 1515 1873 1551 Eodem
1897 1514 1999 1550 modo
2019 1512 2157 1554 loquen-

1279 1565 1357 1598 dum
1376 1564 1422 1598 est
1442 1563 1483 1599 de
1503 1564 1575 1600 aliis
1615 1564 1875 1608 suppositionum
1910 1562 2086 1610 generibus
2114 1561 2158 1597 ad

1280 1614 1543 1654 distractionem,
1566 1625 1604 1650 ac
1625 1615 1778 1650 etiamad
1798 1617 1919 1651 statum
1941 1613 2156 1656 comparatis.

1338 1673 1392 1701 ιο.
1414 1663 1465 1697 Ex
1490 1662 1610 1707 quibus
1629 1664 1785 1700 omnibus
1805 1675 1891 1709 patet
1904 1689 1915 1704 ,
1940 1675 1999 1700 cur
2019 1664 2159 1707 suprain

1280 1714 1382 1751 titulo
1403 1712 1501 1758 hujus
1522 1712 1776 1757 dispdixerim,
1802 1715 2073 1759 ampliationem,
2098 1712 2160 1747 sta-

1279 1774 1351 1802 tum
1374 1788 1386 1804 ,
1410 1774 1448 1797 ac
1466 1762 1707 1800 distractionem
1736 1766 1801 1801 effe
1821 1776 1939 1800 vocum
1966 1764 2160 1808 suppositio-

1260 1809 1338 1859 ines
1360 1814 1567 1861 respicientes
1589 1815 1818 1858 propofitionis
1840 1813 1996 1858 copulam
2009 1837 2018 1848 .
2053 1817 2159 1854 Ratio,

1260 1867 1405 1908 linquam
1425 1889 1437 1905 ‚
1475 1863 1564 1904 hujus
1591 1864 1629 1904 est
1655 1877 1663 1899 z
1705 1864 1794 1909 Qia
1827 1866 1938 1900 omnis
1968 1864 2158 1909 dependens

1262 1915 1407 1959 ³respicit
1429 1914 1511 1948 illud
1523 1939 1535 1956 ‚
1560 1913 1579 1948 ὲ
1600 1926 1669 1957 quo
1688 1913 1850 1957 dependet
1875 1927 1887 1948 .-
1908 1915 1999 1957 atqui
2024 1914 2159 1957 amplia-

1280 1964 1331 1999 tio
1353 1986 1366 2003 2
1399 1961 1499 1996 status
1522 1986 1534 2003 ‚
1555 1963 1588 1997 δε
1611 1963 1772 1998 distractio
1793 1964 1980 2009 dependent
1999 1962 2018 1995 a
2038 1964 2161 2008 copulp

1282 2012 1532 2057 propositionis:
1552 2022 1632 2056 ergo
1661 2014 1836 2055 respiciunt
1860 2014 2013 2055 copulam
2041 2024 2162 2057 propo·

1282 2063 1431 2102 sitionis,
1463 2062 1612 2103 adeoque
1642 2064 1716 2096 sunt
1738 2063 1973 2107 suppositiones
1991 2064 2162 2108 respicien-

1280 2123 1328 2145 tes
1340 2111 1493 2153 copulam
1507 2112 1756 2153 propositionis.
1775 2113 1927 2145 Probatur
1937 2119 2052 2146 mmor:
2067 2114 2161 2160 Quia.

1280 2159 1461 2203 dependere
1483 2158 1526 2194 ab
1549 2159 1663 2204 aliquo
1686 2160 1730 2193 est
1753 2171 1820 2193 non
1835 2163 1926 2205 posse
1949 2163 2012 2195 esse
2023 2161 2089 2195 fine
2101 2163 2161 2195 ali·

333 2222 423 2257 sum.
454 2214 644 2253 Homines,
670 2210 726 2254 qui
757 2210 891 2245 fuerunt
917 2205 1040 2241 mortui
1070 2229 1082 2246 ,
1106 2204 1216 2255 surdi,
1261 2213 1347 2254 [quo
1369 2223 1380 2242 .·
1399 2207 1490 2251 atqui
1509 2209 1628 2250 status,
1650 2209 1835 2249 distractio,
1863 2210 1897 2245 &
1919 2209 2091 2253 ampliatio
2112 2213 2162 2246 es.

335 2268 446 2307 muti,
472 2265 570 2303 caeci,
597 2260 698 2296 modo
724 2259 864 2296 vivunt,
894 2255 1057 2294 audiunt,
1083 2254 1216 2296 vident,
1262 2254 1311 2300 {se
1337 2269 1406 2292 non
1420 2259 1549 2301 possunt
1561 2258 1626 2291 sine
1637 2260 1755 2302 copula
1771 2259 2021 2302 propofitionis3
2045 2270 2082 2294 ut
2109 2262 2162 2296 sav-

339 2321 542 2363 loquuntur.
570 2309 807 2354 Dividitur-que
834 2305 999 2339 distrassio
1026 2302 1060 2337 in
1088 2302 1217 2337 distrac·
1262 2308 1322 2372 Ιῑῐς
1342 2316 1430 2352 patet
1446 2318 1488 2341 ex
1511 2317 1627 2342 comm
1647 2308 1902 2344 definitionibus
1925 2321 1933 2343 ἶ
1957 2319 2036 2353 ergo
2059 2309 2162 2346 etiam

334 2370 461 2404 tionem
487 2364 505 2397 a
532 2370 676 2404 tempore
703 2357 873 2401 praesenti,
901 2355 919 2392 ὲ
947 2364 1093 2401 ternpore
1110 2362 1219 2400 praete-

335 2420 425 2458 rito,
452 2416 487 2449 &t
508 2413 525 2446 a
545 2419 692 2454 tempore
717 2408 845 2443 futuro.

388 2467 418 2506 8.
445 2466 554 2502 Status
590 2460 737 2504 Logicus
781 2456 867 2493 nihil
894 2455 938 2493 est
968 2454 1086 2495 aliud,
1120 2463 1217 2498 quam

336 2516 505 2562 usurpatio
532 2512 623 2548 vocis
652 2509 693 2545 ad
721 2507 975 2553 significandum
1001 2505 1216 2549 significatum

339 2572 436 2606 suum
471 2562 608 2599 existere
642 2571 700 2604 pro
737 2568 884 2600 tempore
921 2568 976 2600 per
1005 2554 1216 2599 principalem

337 2618 495 2662 copulam
530 2614 709 2656 importato
731 2633 738 2642 .
780 2605 888 2647 Unde
923 2606 1022 2643 status
1051 2605 1095 2640 est
1130 2605 1216 2651 quasi

338 2668 421 2713 quid
448 2664 593 2700 medium
622 2662 705 2695 inter
731 2658 977 2694 distrostionem
1009 2668 1047 2691 ac
1088 2655 1217 2698 amplia·

338 2723 485 2755 tionem:
518 2724 593 2747 nam
621 2709 793 2753 ampliatio
821 2706 1095 2752 fignificationem
1118 2704 1217 2748 subje-

338 2771 380 2805 &i
403 2767 486 2804 ultra
507 2762 784 2809 significationem
805 2759 931 2802 copulae
953 2756 1103 2793 extendit
1125 2779 1137 2796 ‚
1172 2754 1219 2791 di·

337 2820 467 2857 strafflo
493 2812 625 2856 subjeffi
654 2808 928 2855 significationem
960 2807 978 2843 ὲ
1013 2805 1217 2851 significatio-

338 2881 382 2904 ne
402 2866 528 2915 copuiae
547 2861 689 2902 avertit,
712 2860 746 2895 ὅ(
765 2857 938 2901 distrahit;
962 2866 995 2893 at
1019 2858 1096 2891 vero
1120 2855 1219 2891 status

339 2920 488 2964 Logicus
515 2911 788 2960 significationem
810 2909 965 2952 subJecti,
990 2907 1032 2941 ad
1062 2906 1218 2952 fignifica-

339 2971 467 3006 tionem
492 2963 617 3008 copulae
628 2960 811 2997 coarctat&
836 2959 962 3003 affigit-
989 2956 1033 2992 V.
1055 2967 1087 3001 g.
1113 2957 1148 2991 in
1160 2955 1220 2989 hac

339 3018 561 3065 propositione
576 3038 587 3054 ,
616 3016 725 3048 Petrus
747 3010 786 3054 est
807 3010 915 3048 albus,
940 3018 1005 3042 vox
1035 3010 1143 3042 Petrus
1166 3004 1222 3039 hs·

339 3071 397 3109 bet
421 3069 560 3106 statum:
583 3064 742 3106 accipitur
759 3061 850 3097 enim
871 3070 931 3105 pro
947 3056 1046 3092 Petro
1065 3057 1220 3100 temporis

341 3119 509 3169 praesentis
532 3116 623 3160 iuxta
646 3113 847 3157 exigentiam
880 3108 1006 3151 copulae
1028 3105 1218 3152 propositio-

346 3174 415 3207 nis.
445 3168 602 3213 Facitque
623 3163 710 3198 hunc
735 3162 884 3196 sensum:
911 3159 1046 3200 Petrus,
1074 3156 1130 3201 qui
1154 3168 1210 3190 mo

343 3222 389 3256 do
412 3220 476 3260 est,
503 3217 549 3252 est
575 3214 685 3251 albus.
714 3211 890 3247 Dividitur
907 3210 1005 3245 status
1020 3209 1100 3244 sicut
1114 3207 1217 3243 distra-

346 3271 410 3311 stio
435 3294 446 3310 ,
485 3267 521 3304 in
546 3267 664 3303 statum
688 3273 747 3306 pro
772 3272 920 3304 tempore
946 3259 1091 3303 praesenti
1111 3282 1122 3298 ‚
1162 3269 1220 3300 pro

346 3330 494 3360 tempore.
521 3316 702 3359 praeterito,
726 3323 763 3346 ac
790 3312 824 3348 in
853 3311 972 3345 statum
1000 3321 1058 3354 pro
1074 3318 1221 3351 tempore

344 3372 458 3410 futuro
478 3391 486 3398 .
519 3367 672 3402 Formare
693 3374 809 3399 eorum
830 3360 978 3405 exempla
1000 3371 1036 3394 ac
1057 3358 1223 3395 definitio·

348 3430 407 3459 nes
420 3443 431 3459 ‚
452 3415 546 3449 facile
565 3416 609 3448 est
622 3439 629 3447 .

1281 2355 1469 2401 dependent
1488 2357 1507 2392 ὲ
1528 2357 1646 2401 copula
1658 2358 1906 2401 propositionis.
1925 2359 1963 2394 ln
1976 2371 2043 2405 quo
2067 2359 2164 2396 diffe-

1283 2418 1357 2442 runt
1387 2406 1429 2442 ab
1463 2408 1559 2441 omni
1582 2408 1646 2443 alia
1667 2409 1759 2443 vocis
1782 2409 2004 2453 suppositione
2025 2422 2034 2444 2
2069 2410 2162 2446 Nam

1283 2458 1397 2492 omnia
1419 2458 1647 2502 suppositionis
1663 2469 1803 2502 genera,
1820 2460 2000 2502 omnesque
2016 2459 2086 2501 ejus
2095 2462 2163 2504 spe-

1283 2509 1370 2548 cies,
1393 2508 1473 2541 item
1497 2507 1672 2551 appellatio
1694 2508 1728 2542 &
1752 2507 2007 2547 determinatio,
2030 2510 2162 2550 esse‚&

1281 2558 1351 2592 fieri
1376 2556 1506 2601 possunt
1527 2557 1595 2591 sine
1615 2557 1733 2600 copula
1761 2566 1852 2591 extra
1877 2558 2157 2604 propositionem‘;

1285 2619 1321 2643 ut
1337 2616 1424 2652 patet
1440 2606 1679 2641 consideranti.
1706 2607 1760 2641 De
1772 2606 1823 2641 his
1833 2608 1990 2644 omnibus
2002 2607 2076 2644 vide
2090 2611 2161 2656 plu-

1283 2671 1317 2695 ra
1328 2657 1413 2705 apud
1423 2656 1640 2694 Laurentium
1651 2657 1809 2701 Gyffene.

1369 2787 1850 2841 DISPUTATIO
1898 2788 2071 2837 XVIII.

1286 2912 1344 2957 De
1370 2906 1456 2958 aliis
1483 2930 1620 2960 vocum
1637 2908 1947 2977 fisppofitionibus
1988 2904 2162 2976 copulam

1531 3001 1600 3031 non
1622 2979 1914 3053 respicientibus.

1447 3101 1496 3136 ΛΕ
1530 3103 1604 3137 sunt
1633 3099 1807 3146 appellatio
1841 3099 1876 3134 &
1905 3094 2148 3132 determinatio.

1455 3153 1587 3199 Qubus
1599 3152 1720 3188 diutius
1736 3151 1770 3186 ἀ
1786 3146 1922 3194 longius
1937 3144 2160 3182 inhaerendum

1457 3203 1525 3244 est,
1543 3213 1642 3249 quam
1665 3201 1758 3236 statui
1776 3197 1976 3235 dissraffioni
2000 3221 2011 3237 ,
2035 3197 2069 3232 ὃς
2094 3208 2162 3230 am·

1465 3253 1616 3298 pliationi
1631 3251 1784 3289 inhaesum
1803 3249 1867 3283 fuit
1880 3273 1887 3281 .
1913 3249 1995 3283 Sunt
2005 3247 2097 3281 enirn
2111 3244 2162 3281 hae

1296 3310 1400 3355 tnagis
1408 3305 1594 3345 ordinariae,
1607 3302 1770 3346 magisque
1783 3300 1863 3335 scitu
1876 3296 2070 3334 necessariae:
2083 3307 2162 3330 cum

1291 3370 1330 3392 ex
1352 3369 1464 3393 earum
1485 3354 1676 3400 cognitione
1698 3350 1836 3394 pendeat
1849 3348 1969 3385 solutio
1983 3347 2163 3381 multarum

1292 3410 1545 3447 difficultatum,
1566 3400 1934 3446 &Philosophicarum,
1955 3397 1988 3432 &
2011 3396 2163 3431 Theolo-

400 3479 432 3522 9.
457 3463 612 3509 Pleraque
631 3463 685 3498 illa
698 3487 709 3507 ,
732 3475 804 3507 quae·
824 3462 893 3499 dixi
920 3462 962 3498 de
986 3459 1201 3508 ampliatione
1214 3483 1224 3501 ,
1295 3461 1443 3505 gicarum
1455 3484 1462 3493 .
1475 3453 1576 3505 Quod
1589 3451 1666 3490 vero
1677 3451 1723 3488 hae
1734 3451 1886 3497 copulam
1898 3459 1967 3486 non
1976 3447 2165 3494 respiciant,

2059 3496 2135 3533 satis
