2384 3770
251 102 285 117 ,,
762 94 807 143 Α.
875 107 899 136 P

238 176 368 212 anima.
398 174 565 209 Probatur:
595 175 684 222 Qia
695 174 790 218 juxta
812 175 981 219 politiores
1003 174 1116 208 Medi-
1135 216 1136 219 Ἴ

240 234 329 267 τοες
350 225 505 260 albumen
516 226 571 260 ovi
582 223 809 269 correspondet
828 224 977 268 spermati
999 224 1053 257 seu
1075 225 1118 259 se·

242 277 352 319 mini·‚
379 275 507 310 vitellus
519 275 598 310 vero
612 273 844 318 correspondet
864 273 1031 307 menstruo
1050 274 1135 308 fan-·

245 327 361 371 guini:
390 326 479 361 unde
488 327 566 360 ficut
578 325 738 364 hominis,
769 323 973 364 aliorumque
995 324 1117 359 anima·

240 377 328 411 lium
338 377 433 412 foetus
444 377 668 411 conformatur
687 374 721 407 &
740 373 951 417 organizatur
977 385 1017 406 ex
1029 374 1118 408 serni-

246 439 290 462 ne
303 452 314 467 ,
339 427 523 461 &nutritur
532 435 570 459 ac
590 425 798 459 alimentatur
819 431 863 456 ex
881 433 1030 458 materno
1050 425 1119 458 san-

245 478 369 522 guine;
395 478 439 511 ita
453 486 583 521 quoque
595 472 699 516 pullus
714 474 799 506 intra
825 484 927 507 ovum
950 474 1118 518 organiza-

244 538 298 562 tut
307 539 348 562 ex
359 527 528 562 albumine
541 548 553 564 ,
579 524 612 557 &
624 523 832 557 alimentatur
841 533 883 556 ex
896 523 1007 557 vitello
1022 548 1029 556 .
1057 524 1118 558 At·

245 579 303 621 qui
314 579 423 612 anima
433 577 529 609 foetus
541 573 676 607 humani
688 574 738 606 vel
748 573 856 616 equini
871 584 939 607 non
962 573 1117 608 informat

244 626 432 662 alimentale
442 634 648 665 maternum;
661 623 712 657 sed
728 622 832 657 solum
844 624 964 666 sperma
977 648 988 664 ‚
1014 635 1051 657 ac
1059 625 1117 658 fet·

242 686 425 711 mentatum
446 676 551 708 semen
578 675 636 707 fibi
654 673 847 715 subjeetum:
873 671 951 717 ergo
970 673 1117 714 similiter

242 727 352 759 anima
368 725 423 759 ovi
437 735 504 758 non
520 723 675 757 informat
685 723 918 758 alimentitium
932 724 1087 757 vitellum·
1105 748 1116 764 ,

241 775 295 812 sed
307 776 410 810 solum
425 776 651 818 spermaticum
663 773 834 807 albumen.
864 773 979 813 Minor
989 774 1032 807 est
1054 774 1117 807 cla-

243 836 276 860 ra
289 849 300 865 ‚
326 826 360 858 &
371 825 388 858 ὲ
402 825 531 858 nemine
540 823 690 868 neganda
702 836 713 856 .-
741 821 817 866 Ego
828 824 917 856 enim
928 834 995 856 non
1008 824 1116 856 memi-

242 875 400 919 nilegiffe
423 873 614 912 Medicum,
641 883 697 906 aut
721 871 925 915 Phyficum,
958 873 1013 916 qui
1029 884 1116 907 meu·

242 924 325 957 strua
340 924 389 958 vel
400 935 543 959 materna
554 923 673 956 diceret
684 922 747 955 effe
758 923 901 956 animata
911 947 918 954 .
945 923 1056 965 Major
1069 934 1118 956 ve-

242 972 372 1008 rointer
395 974 545 1007 Medicos
577 973 622 1006 est
652 972 915 1006 communissima
936 984 946 1014 ·‚
982 984 1118 1016 eamque

243 1024 342 1058 tradit
355 1025 452 1057 etiam
464 1023 590 1056 Plinius
601 1030 667 1055 tom.
693 1021 781 1058 1.li'b.
797 1031 846 1057 10.
857 1031 922 1064 cap.
936 1033 989 1069 53.
1018 1026 1116 1061 Omni·

242 1074 295 1107 bus
309 1081 372 1107 ovis
389 1073 483 1106 medio
493 1074 589 1107 vitelli
597 1081 672 1114 pars
684 1071 754 1110 inest
765 1072 859 1105 velut}
866 1071 1028 1115 sangumem
1046 1082 1115 1116 gut-

242 1133 277 1157 ta
288 1148 298 1163 ,
326 1126 404 1166 quod
411 1123 462 1166 effe
474 1134 520 1156 cor
532 1129 635 1155 avium
649 1121 819 1161 existimant
830 1146 841 1161 ,
863 1129 995 1164 primum
1016 1128 1048 1154 in
1061 1134 1118 1155 om-

244 1179 278 1207 ni
286 1183 399 1215 corpore
409 1176 445 1207 id
450 1178 534 1218 gigni
544 1172 746 1212 existimantes
761 1185 767 1204 :
781 1177 813 1204 in
824 1184 877 1204 ovo
887 1174 963 1205 certe?
968 1180 1055 1216 gutta
1062 1171 1117 1215 sa-

243 1225 300 1263 lit,
325 1226 534 1266 palpitatque.
560 1221 662 1265 Ipsum
674 1223 790 1262 animal
800 1233 837 1255 ex
847 1223 912 1254 albo
933 1224 1045 1264 liquore
1068 1228 1118 1255 ovi

244 1281 431 1315 corporatur3
458 1275 516 1307 (τε.
532 1274 652 1306 vitellus
662 1274 813 1314 paulatim
825 1272 938 1313 deficit.
967 1273 1052 1306 Ecce
1065 1272 1118 1306 di·-

239 1325 287 1357 cit
300 1322 430 1357 Plinius
441 1323 564 1363 animal
577 1335 619 1356 ex
630 1322 706 1356 albo
715 1322 772 1356 ovi
785 1323 910 1365 liquore
926 1346 937 1361 ‚
962 1322 1015 1355 seu
1030 1322 1115 1356 albu-

241 1373 331 1406 mine
342 1373 506 1415 corporati
519 1375 571 1406 seu
587 1371 786 1407 conformari
795 1397 806 1412 ,
832 1384 869 1406 ac
882 1371 1029 1406 vitellum
1042 1383 1113 1415 pau-

241 1422 333 1457 latim
343 1422 499 1464 defieere3
526 1424 601 1466 quia
612 1424 767 1456 nimirum
779 1422 820 1463 ab
841 1421 978 1456 animali
1005 1423 1116 1465 paula-

239 1473 302 1506 tim
325 1482 413 1510 totus
441 1471 635 1512 attrahitur,
661 1473 887 1510 consumitur,
922 1483 960 1504 ac
987 1471 1022 1506 in
1050 1470 1118 1504 sub·

238 1520 389 1558 stantiam
400 1522 467 1564 ejus
476 1523 708 1555 transmutatur
721 1532 732 1553 .·
758 1519 839 1563 ergo
850 1519 1003 1554 albumen
1015 1519 1060 1553 est
1076 1522 1116 1553 il·-

238 1571 296 1605 lud
308 1596 318 1611 ,
346 1582 387 1605 ex
398 1582 464 1615 quo
479 1570 586 1614 pullus
608 1570 854 1611 conformatur;
883 1570 1014 1602 vitellus
1033 1571 1117 1604 *veto

238 1623 284 1655 est
299 1622 379 1655 illud
391 1645 403 1662 ,
427 1631 467 1654 ex
479 1631 546 1663 quo
566 1620 799 1654 alimentatur:
826 1617 971 1662 adeoque
996 1618 1053 1666 bic
1073 1621 1116 1654 vi·

238 1682 313 1707 vere
325 1682 390 1704 non
403 1672 506 1714 potest
523 1693 534 1709 ,
559 1670 636 1703 licut
648 1670 727 1703 vivit
743 1668 823 1702 illud
843 1692 851 1700 .

293 1732 351 1767 ῃ,
374 1721 525 1765 Putoque
538 1718 602 1754 hoc
613 1725 678 1753 tam
693 1720 889 1762 effecertum
906 1743 917 1758 ,
946 1728 981 1754 ut
993 1721 1011 1763 (>
1019 1719 1115 1753 verba

238 1771 268 1803 S.
292 1770 465 1804 Patrismei
480 1770 655 1814 Augustini
673 1771 704 1802 in
717 1768 806 1813 epist.
821 1767 925 1816 57-ad
939 1780 971 1803 te
982 1769 1116 1814 dirigo)

238 1823 258 1852 5
260 1827 269 1850 ἐ
280 1820 330 1852 hoc
341 1823 465 1853 velimus
478 1820 577 1853 verbis
588 1818 728 1859 ostendere
741 1844 751 1859 ‚
779 1830 887 1852 verear
910 1830 944 1851 ne
966 1819 1032 1860 ipfis
1050 1817 1115 1860 sen-

231 1869 308 1910 fibus
323 1869 423 1908 nostris
444 1870 544 1912 facere
566 1871 726 1903 videamur
748 1871 914 1911 injurtam,
941 1870 1061 1909 quando
1083 1869 1118 1900 id

236 1920 376 1959 loquendo
393 1918 572 1959 suademus,
600 1919 650 1950 ubi
671 1930 767 1951 omnes
794 1924 898 1956 vires,
928 1918 1106 1960 officiumque

233 1966 375 2011 sermonis
382 1967 526 2008 facillime
533 1967 655 2010 superat
667 1970 823 2001 evtdentta
836 1972 998 2000 veritatis.
1033 1967 1083 2011 Eg
1093 1979 1113 2001 o

235 2018 325 2051 enim
339 2018 414 2059 saepe'
429 2029 486 2059 pro
499 2015 592 2060 hujus
606 2018 649 2050 rei
662 2018 859 2061 experientia
872 2016 1004 2062 gallinis
1018 2041 1029 2057 ,
1056 2017 1116 2051 ali-

235 2066 326 2110 isque
336 2067 449 2100 avibus
460 2068 513 2100 sua
537 2068 602 2109 ij
623 2068 782 2110 supposita
803 2078 866 2101 ova
880 2093 890 2106 ,
917 2067 1049 2109 jamque
1073 2078 1114 2100 ex

234 2117 339 2150 media
354 2127 441 2158 parte
452 2118 654 2148 conformata
664 2116 788 2149 furatus
797 2118 843 2148 fui
854 2128 864 2156 3
893 2127 995 2157 eaque
1006 2116 1088 2157 fregi
1103 2128 1110 2145 :

233 2165 269 2200 ὅ(
279 2165 435 2199 tenellum
447 2164 659 2207 embryonem
674 2174 705 2196 in
720 2164 832 2198 vitello
848 2164 984 2197 natitare
997 2164 1030 2196 ὅς
1043 2163 1114 2196 flui-

233 2224 303 2248 tare
315 2215 474 2256 comperi.
503 2213 685 2246 Committe
696 2214 728 2245 &
751 2224 786 2245 tu
797 2211 861 2245 hoc
873 2214 1036 2246 curiosum
1051 2214 1111 2245 fur-

234 2274 303 2298 tum
317 2286 327 2300 ,
355 2264 386 2295 &
406 2261 491 2295 dices
515 2272 625 2295 meum
646 2261 782 2302 oculum
805 2264 872 2292 non
891 2261 985 2293 fuisse
1003 2276 1006 2277 ⁷
1023 2261 1114 2295 dece-

233 2322 344 2356 ptum.
373 2311 496 2344 Fluitat
521 2310 600 2354 ergo
624 2309 729 2352 pullus
754 2310 789 2342 in
800 2308 855 2342 ovi
870 2309 1006 2348 vitello,
1035 2310 1113 2342 licut

233 2361 372 2395 aliorum
394 2361 586 2395 animalium
609 2361 705 2393 foetus
737 2358 772 2395 in
797 2362 949 2401 m'terno
971 2371 983 2399 ‚-
1019 2358 1112 2392 edeo-

233 2422 297 2453 que
318 2412 396 2444 ficut
420 2419 600 2449 maternum
635 2420 701 2442 non
721 2408 768 2442 est
797 2408 895 2442 foerus
920 2419 987 2452 pars
1016 2420 1025 2450 3
1059 2407 1111 2442 sed

231 2460 356 2495 nudum
376 2460 569 2500 alimentum
594 2473 601 2492 :
631 2460 675 2492 ita
687 2470 818 2507 quoque
830 2458 923 2492 crede
944 2459 1007 2496 effe
1036 2469 1116 2496 cum

231 2510 346 2544 vitello
359 2534 366 2542 .

284 2568 336 2607 3²·-
364 2561 494 2593 Deinde:
523 2559 578 2595 Ut
590 2559 671 2593 dicit
683 2542 810 2592 Plinius
832 2560 882 2594 loc.
903 2560 974 2598 jam
999 2563 1045 2592 cit.
1072 2558 1107 2591 ln

230 2609 340 2644 medio
353 2610 453 2642 vitelli
463 2609 583 2651 semper
594 2609 639 2642 est
664 2618 755 2652 gutta
769 2608 914 2651 quaedam
941 2609 1106 2653 sanguinis

231 2659 302 2703 puri
315 2683 325 2698 ‚
351 2659 384 2692 δε
397 2659 413 2691 a
427 2659 599 2691 menstruis
613 2659 749 2691 foecibus
760 2658 864 2692 adhuc
876 2657 990 2692 liberi:
1020 2657 1108 2701 quod

229 2712 330 2743 etiam
342 2718 407 2743 tam
419 2708 464 2741 est
476 2708 598 2741 clarum
612 2731 623 2747 ,
650 2717 684 2739 ut
696 2705 760 2740 hoc
770 2708 853 2740 velle
864 2708 975 2746 verbis,
985 2707 1107 2751 proba-

231 2769 264 2792 re
275 2759 310 2791 fit
323 2758 424 2791 sensui
435 2768 569 2791 omnem
581 2756 678 2791 fidem
701 2767 817 2800 negare
829 2781 836 2789 .
865 2757 953 2790 Nam
970 2757 1103 2800 quando

232 2808 378 2842 vitellum
402 2807 541 2850 aliquem
553 2818 593 2841 ex
604 2806 730 2840 diutina
743 2806 892 2840 coctione
917 2807 1106 2842 induratum

229 2858 458 2892 diametraliter
469 2857 587 2891 dividis
598 2882 608 2897 ‚
636 2858 757 2897 semper
769 2866 824 2890 aut
835 2854 919 2889 certe
941 2857 1104 2891 ordinarie

230 2908 266 2942 in
291 2907 477 2942 meditullio
496 2907 564 2951 ejus
585 2905 767 2940 orbiculum
791 2917 929 2939 vacuum
953 2909 1069 2949 reperis
1094 2919 1101 2938 :

229 2958 332 3001 Cujus
349 2957 437 2992 nulla
448 2957 510 2991 alia
523 2957 568 2992 est
588 2956 691 2997 ratio;
729 2955 785 2989 niti
807 2956 895 2999 quod
919 2957 989 2998 puri
1014 2956 1105 2990 istius

228 3009 396 3054 sanguinis
406 3017 499 3052 gutta
518 3007 551 3041 fit
562 3007 580 3040 a
593 3006 734 3048 partibus
745 3006 861 3039 vicinis
874 3005 1104 3048 impurioribus

228 3060 359 3093 attracta
372 3083 382 3098 ,
408 3067 526 3092 aecum
540 3055 783 3090 illisincrustata
794 3067 832 3090 ac
844 3055 1010 3089 indurata.
1039 3056 1101 3091 Ita-

227 3109 338 3149 quein
352 3108 452 3141 vitelli
466 3107 576 3142 medio
587 3107 706 3149 semper
716 3105 761 3139 est
776 3115 868 3150 gutta
884 3105 954 3148 puri
967 3107 1095 3151 sangui-

234 3157 309 3198 nis;
336 3158 413 3202 ergo
423 3166 509 3192 totus
524 3156 651 3190 vitellus
675 3155 719 3189 est
742 3155 887 3199 sanguis:
915 3155 1008 3190 Licet
1032 3167 1098 3190 non

231 3216 300 3242 tam
314 3217 409 3249 purus
419 3206 463 3240 ob
472 3209 562 3241 faeces
583 3205 760 3239 menstruas
773 3228 783 3244 ‚
811 3204 929 3247 quibus
949 3205 994 3239 est
1014 3205 1099 3239 deli—

231 3257 328 3290 butus
339 3255 526 3290 &imbutus
539 3282 546 3290 .
576 3256 722 3289 Probatur
743 3253 853 3297 conseq.
865 3255 956 3302 Qia
968 3256 1098 3300 sanguis

229 3306 285 3341 ille
298 3307 359 3341 toti
373 3306 487 3340 vitello
497 3305 722 3340 continuatur:
754 3304 820 3339 Uti
846 3314 932 3347 patet
954 3304 995 3338 ad
1021 3317 1096 3339 ocu-

231 3356 321 3390 lum.
351 3355 455 3399 Atqui
477 3366 533 3395 ea,
559 3367 626 3398 quae
648 3353 901 3394 continuantur,
928 3355 1095 3390 communi

212 3422 216 3428 ¹
229 3408 335 3443 forma
349 3406 567 3439 informantur
577 3419 588 3437 .-
614 3404 690 3450 ergo
700 3403 809 3437 eadem
823 3404 867 3436 est
880 3405 985 3442 forma
997 3405 1097 3441 totius

331 3455 435 3495 Christ:
465 3458 544 3498 Lupa·
571 3459 669 3497 Opera
694 3458 771 3489 Tem.
794 3457 864 3493 XII.

969 104 1381 136 OLOGI

1450 108 1512 143 Ε,
1934 111 2023 157 113

1176 175 1304 215 vitelli,
1329 187 1398 219 quae
1407 174 1452 210 est
1467 175 1729 222 istiussanguinis
1742 178 1811 223 puri
1824 190 1839 221 ,³
1865 179 1956 224 atqui
1979 182 2048 215 sana

1180 225 1253 270 guis
1263 235 1360 269 purus
1373 237 1441 260 nou
1454 225 1534 259 vivit
1545 237 1648 269 neque
1660 230 1854 263 informatur
1865 230 1907 264 ab
1917 231 2044 266 anima:

1181 274 1248 310 Uti
1274 272 1500 318 hiersuppono
1521 285 1562 309 ex
1588 279 1754 312 communi
1776 278 1990 322 Phyficorum
2013 282 2048 317 &

1180 324 1388 359 Medicorum
1401 324 1559 359 sententia
1573 348 1580 356 .
1609 325 1696 369 Ergo
1718 339 1822 372 neque
1852 329 1981 364 vitellus
2001 330 2051 364 in·

1180 375 1335 410 formatur
1347 373 1388 408 ab
1398 375 1505 407 anima
1519 399 1526 406 .
1554 372 1650 408 Vivit
1662 378 1740 419 ergo
1758 379 1796 413 ,ὅς
1817 379 1982 414 animatur
2003 382 2050 416 s0.

1181 426 1248 459 lum
1260 424 1414 458 albumen
1427 435 1503 458 cum
1514 424 1720 458 suocortice.
1746 445 1749 447 -
1777 447 1779 450 v

1231 485 1285 522 32.
1310 476 1356 506 Et
1374 473 1579 516 confirmatur:
1612 475 1702 522 Qia
1719 485 1754 508 ea
1768 499 1778 514 ‚
1815 490 1885 522 quae
1907 480 1981 514 sunt
2002 478 2053 514 di.

1180 525 1384 558 scontinuata
1398 549 1407 565 ,
1433 525 1501 558 aea
1524 524 1586 558 sese
1604 534 1721 558 mutuo
1743 524 1872 568 divisa,
1893 539 1959 562 non
1981 530 2049 574 pos·

1180 574 1254 607 sunt
1266 574 1436 608 communi
1449 574 1510 608 frui
1525 574 1589 608 vita
1601 599 1612 614 ,
1639 585 1700 608 nec
1711 573 1752 608 ab
1763 573 1875 610 eadem
1897 577 2053 614 informa·

1179 625 1204 657 ri
1219 624 1344 658 anima:
1373 623 1476 667 Atqui
1502 623 1652 657 albumen
1673 624 1707 657 &
1733 624 1862 659 vitellus
1884 636 1951 660 non
1976 628 2051 663 sunt

1179 674 1234 708 fibi
1254 683 1370 708 mutuo
1381 675 1560 717 continua;
1588 674 1640 708 sed
1651 673 1859 710 discontinua
1874 675 1908 709 δε
1930 676 2052 721 divisa;

1182 725 1312 758 vitellus
1348 725 1437 758 enim
1465 724 1510 757 est
1538 723 1578 757 ab
1600 723 1768 760 albumine
1803 726 1984 769 separatus,
2019 727 2055 760 δε,

1180 776 1366 808 membrana
1381 774 1433 808 seu
1447 773 1596 817 pellicula
1617 774 1756 818 quadam
1778 773 1835 808 fibi
1858 776 1983 819 propria
2008 776 2055 809 in-

1182 825 1330 857 volutus:
1355 823 1622 865 Contineturque
1644 823 1678 857 in
1694 823 1860 859 albumine
1882 835 1951 858 non
1972 826 2054 860 ficut

1181 876 1295 917 parsin
1309 882 1497 917 comparte;
1526 874 1580 907 sed
1595 883 1759 917 tamquam
1780 874 1926 909 locatum
1948 875 1982 908 in
2007 875 2056 909 lo·

1179 936 1240 964 co,
1267 934 1434 967 tamquam
1449 924 1481 956 in
1495 922 1637 966 quodam
1661 925 1718 958 suo
1741 924 1855 958 sacco:
1889 935 1930 957 eo
1951 924 2056 958 modo

1180 984 1245 1016 quo
1258 974 1386 1017 sanguis
1398 974 1431 1007 in
1443 975 1552 1013 venis,
1569 974 1618 1007 lac
1630 973 1664 1007 in
1678 973 1866 1008 mammillis
1876 999 1887 1015 ,
1900 974 1934 1008 ἀ
1945 975 2055 1008 semen

1180 1024 1367 1056 continetur
1390 1023 1422 1056 in
1447 1023 1641 1066 parastratis.
1674 1023 1762 1069 Ergo
1788 1024 1915 1057 vitellus
1941 1026 2056 1066 nequit

1181 1074 1424 1107 fruicommuni
1450 1072 1626 1107 albuminis
1641 1073 1706 1107 vita
1719 1099 1730 1115 ‚
1757 1084 1861 1117 neque
1883 1074 1923 1108 ab
1942 1073 2056 1108 eadem

1181 1123 1350 1157 informari
1365 1122 1490 1163 anima.
1521 1124 1688 1157 Minorem
1702 1122 1813 1166 probat
1835 1125 2049 1167 experientia:

1182 1173 1275 1207 Patet
1303 1172 1391 1208 enim
1418 1171 1458 1205 ad
1483 1173 1637 1207 oculum.
1664 1176 1764 1214 Major
1789 1177 1858 1207 vera
1881 1174 1918 1214 est
1939 1175 2022 1207 clara
2047 1186 2059 1205 τ

1180 1223 1268 1268 Qia
1283 1234 1340 1262 ea,
1365 1233 1434 1265 quae
1455 1223 1566 1256 eadem
1591 1223 1810 1257 informantur
1828 1225 1937 1257 anima
1955 1248 1967 1263 ,
2003 1222 2059 1257 de·

1181 1273 1259 1306 b'ent
1272 1275 1333 1307 effe
1345 1281 1448 1316 partes
1461 1272 1601 1315 ejusdem
1616 1273 1784 1315 compositi
1809 1273 1843 1306 ὅς
1867 1273 2017 1316 suppositi
2046 1286 2056 1305 .-

1183 1323 1286 1366 Atqui
1311 1334 1370 1363 ea,
1399 1333 1468 1366 quae
1490 1324 1563 1357 sunt
1585 1323 1603 1356 a
1632 1324 1695 1356 sese
1721 1332 1837 1356 mutuo
1857 1323 1984 1362 divisa,
2012 1322 2059 1355 di-

1181 1372 1372 1412 scontinua,
1398 1384 1435 1407 ac
1448 1372 1612 1416 disparata
1628 1396 1639 1412 ,
1667 1384 1734 1406 non
1760 1373 1888 1416 possunt
1910 1375 1971 1406 effe
1991 1383 2058 1415 par-

1180 1435 1226 1456 tes
1257 1422 1399 1466 ejusdem
1422 1423 1592 1465 compofiti
1618 1423 1651 1456 ὃς
1675 1422 1846 1465 suppositi:
1877 1422 1964 1466 Ergo
1983 1434 2020 1456 ea
2044 1446 2056 1463 ,

1179 1484 1248 1516 quae
1273 1473 1348 1508 sunt
1375 1473 1601 1511 discontinua,
1642 1484 1706 1505 non
1735 1474 1863 1514 possunt
1888 1472 2058 1505 communi

1179 1523 1243 1556 frui
1259 1523 1351 1562 vita,
1388 1535 1448 1557 nec
1467 1523 1509 1560 ab
1529 1521 1639 1556 eadem
1661 1521 1830 1556 informari
1854 1523 1979 1557 anima.
2019 1522 2058 1554 In

1179 1583 1244 1604 ovo
1257 1572 1338 1615 ergo
1362 1583 1431 1605 non
1455 1573 1618 1605 animatur
1643 1572 1790 1611 vitellus,
1816 1571 1867 1605 sed
1892 1573 1997 1606 solum
2015 1571 2061 1605 al-

1181 1621 1301 1656 bumen
1317 1632 1392 1655 cum
1409 1622 1465 1654 suo
1480 1621 1603 1654 cortice
1616 1644 1623 1652 .

1230 1681 1287 1717 33.
1315 1674 1386 1704 Dico
1405 1673 1530 1712 quinto:
1559 1668 1895 1712 Albumen&cortex
1923 1681 1988 1704 non
2007 1670 2058 1703 in-

1179 1720 1364 1754 formantur
1386 1719 1500 1753 eadem
1524 1720 1649 1759 anima,
1688 1719 1742 1753 sed
1764 1720 1936 1753 animabus
1958 1720 2059 1752 diver-

1179 1770 1237 1803 fis:
1264 1781 1377 1804 cortex
1397 1770 1486 1803 enim
1510 1770 1710 1802 informatur
1733 1770 1774 1812 ab
1794 1771 1901 1802 anima
1924 1770 2055 1813 gallina:

1180 1820 1312 1862 matris;
1339 1819 1491 1853 albumen
1506 1818 1581 1852 vero
1593 1818 1752 1852 abanima
1764 1821 1840 1862 ovi,
1869 1821 1922 1852 scu
1948 1821 2058 1853 arima

1179 1870 1291 1903 foetus.
1327 1870 1427 1915 Quod
1443 1880 1507 1902 non
1533 1869 1749 1902 informentur
1771 1869 1883 1902 eadem
1907 1870 2017 1903 anima.
2046 1894 2057 1909 ‚

1177 1917 1214 1954 est
1236 1919 1359 1951 evidens
1375 1932 1386 1951 .·
1412 1919 1500 1964 Qia
1517 1930 1579 1957 ea,
1607 1930 1675 1961 quae
1690 1930 1755 1951 non
1779 1922 2018 1952 continuantur
2045 1943 2057 1959 ‚

1177 1967 1290 2002 eadem
1302 1970 1411 2002 anima
1426 1980 1492 2001 non
1516 1969 1735 2002 informantur
1750 1979 1761 1998 -·
1787 1971 1876 2013 atqui
1903 1968 2059 2005 albumen

1176 2017 1336 2051 &cortex
1351 2017 1535 2051 fibimutuo
1561 2029 1628 2051 non
1653 2018 1912 2061 continuantur3
1942 2030 2057 2052 cortex

1176 2067 1265 2101 enim
1277 2068 1322 2101 est
1340 2068 1548 2100 solummodo
1571 2067 1664 2102 theca
1678 2069 1711 2104 ὅ(
1724 2070 1850 2110 capsula
1863 2068 2054 2108 albuminis,

1176 2115 1370 2148 &albumen
1386 2117 1573 2150 continetur
1611 2118 1644 2149 in
1675 2118 1734 2150 illo
1762 2129 1827 2151 non
1841 2120 1918 2153 sicut
1940 2130 2010 2162 pars
2023 2118 2058 2152 in

1175 2174 1359 2207 comparte3
1389 2164 1442 2197 sed
1458 2164 1694 2198 sicutlocatum
1720 2166 1754 2198 in
1780 2168 1876 2200 loco:
1903 2168 1981 2212 ergo
2006 2179 2059 2204 ea-

1175 2212 1248 2245 dem
1265 2225 1330 2246 non
1354 2214 1574 2247 informantur
1599 2215 1728 2249 anima.
1757 2216 1862 2264 Qod
1888 2218 1963 2251 vero
1986 2229 2060 2252 cor·

1175 2272 1229 2294 tex
1243 2261 1434 2294 informetur
1445 2262 1555 2307 anima
1578 2262 1708 2304 gallinae
1729 2268 1856 2306 matris,
1887 2267 1985 2301 etiam
2013 2268 2060 2301 vi-

1174 2309 1268 2347 detur
1280 2311 1342 2344 esse
1355 2310 1486 2343 evidens
1501 2323 1510 2342 ι
1537 2311 1625 2358 Qia
1639 2321 1752 2345 cortex
1766 2314 1819 2346 ille
1839 2317 2056 2352 continuatur

1174 2359 1323 2402 gallinae,
1350 2360 1439 2393 &est
1452 2371 1526 2404 pars„
1540 2361 1609 2406 ejus
1633 2361 1679 2393 illi
1703 2360 1945 2404 adhaerescens,
1971 2366 2057 2402 ficut

1174 2407 1444 2451 adbaeretfrustus
1455 2410 1560 2450 arbori
1586 2411 1658 2443 suan.
1691 2409 1842 2445 Praeterea
1869 2423 1984 2447 cortex
2008 2410 2058 2448 est⁴

1173 2460 1255 2502 quali
1279 2460 1501 2503 pericarpiurn,
1519 2460 1606 2502 'pulli
1623 2474 1633 2492 :
1660 2461 1737 2494 ficut
1775 2464 1942 2505 putamina
1958 2487 1968 2502 ‚
1991 2465 2053 2498 sili·

1172 2521 1258 2552 quae,
1283 2509 1502 2552 &pedunculi
1532 2520 1652 2543 nucum
1677 2511 1750 2544 sunt
1772 2513 1983 2555 pericarpium
2012 2515 2056 2550 se,-

1170 2560 1290 2597 minis:
1318 2559 1396 2603 ergo
1408 2560 1485 2593 ficut
1510 2559 1726 2602 pericarpium
1747 2572 1813 2596 non
1839 2563 1918 2595 vivit
1940 2564 2052 2599 anima

1171 2608 1322 2648 seminis,
1349 2609 1401 2642 sed
1420 2610 1530 2648 anima
1554 2609 1696 2650 arboris,
1723 2612 1776 2644 cui
1802 2612 2012 2647 continuatur
2037 2639 2047 2654 ,

1168 2658 1201 2692 ὃς
1227 2657 1430 2704 adhaerescit:
1459 2661 1505 2691 ita
1517 2670 1648 2702 quoque
1662 2671 1774 2695 cortex
1795 2663 1849 2699 ovi
1873 2673 1941 2696 non
1966 2663 2047 2697 vivit

1168 2708 1278 2742 anima
1299 2708 1375 2752 cvij,
1403 2707 1451 2742 sed
1465 2711 1572 2742 anima
1585 2709 1733 2753 gallinae.

1217 2767 1274 2804 34.
1301 2758 1420 2802 Neque
1431 2759 1519 2792 enim
1533 2770 1645 2792 cortex
1668 2760 1722 2792 ovi
1737 2759 1769 2792 in
1795 2768 1888 2794 utero
1914 2762 2054 2804 gallinaev

1166 2807 1306 2842 existens
1318 2818 1385 2842 tam
1396 2807 1492 2841 durus
1503 2809 1535 2842 ὃς
1551 2809 1673 2842 solidus
1686 2809 1726 2841 est
1741 2834 1751 2849 ‚
1781 2810 1828 2842 uti
1843 2812 1885 2843 est
1900 2811 1941 2843 ab
1953 2822 2046 2847 utero

1165 2857 1348 2899 separatus,
1373 2858 1451 2891 &in
1466 2858 1573 2891 lucem
1595 2859 1743 2892 emissus.-
1772 2859 1877 2892 Nullo
1904 2862 2006 2894 modo
2031 2887 2039 2895 .

1164 2906 1250 2947 Sed,-
1277 2907 1747 2950 utinquitPliniust0m01.l.
1770 2919 1817 2943 10.
1835 2921 1862 2942 c.
1886 2922 1941 2956 52.
1970 2916 2041 2944 Ova

1163 2959 1308 2990 exeunt&
1334 2958 1530 2997 rotundiffima
1547 2956 1592 2999 sui
1609 2967 1718 2999 parte,
1746 2960 1816 2990 dum
1837 2966 2002 3000 pariuntur
2027 2985 2039 3001 ‚

1147 2992 1152 3027 l
1163 3007 1242 3039 molli
1251 3012 1408 3049 putamine
1414 3006 1448 3050 se
1455 3013 1592 3049 protinus
1603 3007 1770 3051 durescente
1783 3034 1792 3048 ,
1821 3009 2041 3053 quibuscumque

1163 3066 1313 3100 emergunt
1332 3057 1533 3099 portionibus.
1562 3059 1686 3092 Cortex
1707 3070 1786 3101 ergo
1810 3058 1862 3091 ille
1891 3061 1923 3091 in
1949 3071 2040 3094 utero

1165 3105 1421 3140 adhucexistens
1434 3108 1543 3142 mollis
1555 3108 1620 3148 est,
1648 3118 1684 3141 ac
1710 3108 1968 3143 membranosus:
1995 3110 2039 3143 est
2073 3111 2076 3114 “

1161 3157 1249 3190 enim
1262 3156 1448 3190 membrana
1460 3157 1604 3199 quaedam
1618 3168 1711 3191 utero
1725 3159 1854 3202 gallinae
1866 3157 2040 3200 adhaerens,

1160 3205 1417 3242 &continuum
1445 3217 1515 3249 quae
1526 3216 1595 3240 tum
1607 3208 1772 3242 durescere
1795 3208 1932 3251 incipit,
1958 3209 2037 3244 dum

1160 3256 1247 3289 foras
1258 3256 1344 3289 mitti
1362 3280 1373 3295 ,
1400 3256 1555 3291 aclucem
1570 3256 1730 3300 adspicere
1754 3258 1884 3299 incipit.
1911 3259 2038 3293 Cortex

1159 3305 1236 3348 ergo
1266 3305 1324 3339 iste
1348 3304 1427 3339 vivit
1450 3306 1559 3340 anima
1581 3309 1690 3340 matris
1705 3332 1712 3339 .
1739 3307 1899 3351 Adeoque
1922 3309 2042 3350 :solum

1160 3354 1316 3389 albumen
1338 3355 1518 3399 proprieest
1541 3367 1663 3398 ovum,
1690 3357 1724 3391 ὅ(
1748 3356 1789 3390 ab
1801 3359 1973 3392 animaovi
1989 3360 2039 3392 in-

1160 3405 1356 3439 formatum:
1397 3405 1526 3439 vitellus
1547 3407 1636 3439 enim
1658 3406 1702 3440 est
1730 3408 1787 3441 ovi
1804 3406 1996 3442 alimentum
2022 3431 2033 3446 ,

1565 3456 1599 3489 D
1625 3455 1648 3490 d
1698 3464 1721 3500 3
1919 3468 1984 3489 cor-
