2384 3770
807 119 892 164 De
928 117 1061 161 Dtv.
1096 115 1245 160 supp.
1282 116 1441 161 Pens.

272 207 393 248 semper
422 201 560 246 impedit
596 199 858 236 observationem
893 197 1011 242 regular
1039 220 1052 238 ,
1088 197 1140 231 sed

273 253 471 297 quandoque
494 263 570 287 cum
596 253 707 286 exacta
733 249 802 293 ejus
824 247 1051 282 observatione
1061 246 1140 282 stare

272 303 375 348 potest
399 317 411 338 .·,
445 313 523 347 ergo
559 301 675 336 harum
710 296 966 341 suppofitionum
999 298 1139 332 mutatio

271 364 343 388 non
377 355 498 397 semper
533 351 660 386 inducit
696 349 812 382 vitium
849 348 882 379 in
917 347 1138 392 syllogismo.

271 403 423 437 Probatur
447 408 542 436 minor
568 415 576 434 :
614 399 706 445 Qia
737 396 772 430 in
811 398 942 440 praefato
966 397 1028 432 isto
1050 409 1137 433 com·

269 453 363 488 muni
399 453 594 488 affirmativo
627 448 821 492 syllogismo
848 460 856 480 :
891 451 996 483 omnis
1028 446 1137 491 species

269 510 348 538 entis.
386 505 408 537 ἃ
442 506 507 536 Dea
536 503 629 534 creari
657 496 751 540 potest
776 522 791 538 ‚
821 498 878 532 &a
919 497 957 532 fit
996 498 1136 533 mutatio

269 553 384 589 harum
419 549 675 608 suppositionum
703 562 711 581 :
746 558 783 582 ut
818 547 927 582 statim
962 547 1033 582 dixi
1056 572 1068 590 ‚
1101 547 1135 582 ἀ

269 615 326 648 per
356 604 390 637 se
410 603 540 635 ‘clarum
567 599 614 634 est
631 624 639 632 .
683 598 788 642 Atqui
815 606 926 633 tamen
948 598 984 632 in
998 598 1058 632 illo
1076 598 1135 632 ser-

269 661 363 688 vatur
382 649 497 686 exedi&
510 649 623 695 regula
643 649 815 683 ditestiva:
841 660 922 693 ergo
942 650 1053 682 exacta
1076 647 1133 683 ob-
1173 684 1176 695 4

266 700 406 736 servatio
426 701 545 745 regulae
564 700 648 734 stare
667 700 771 743 potest
792 710 869 733 cum
887 699 1070 733 mutatione
1081 697 1132 732 ha·

266 763 342 786 rum·
364 750 641 795 suppositionum.
670 749 820 783 Probatur
830 755 944 782 minor:
970 749 1132 795 Quiamr

267 802 380 847 regula
398 800 545 845 dirigens
564 800 794 835 affirmativum
820 797 1047 843 syllogismum
1075 799 1132 832 ser·

267 860 359 886 vetut
381 874 394 892 ‚
418 851 514 885 debet
534 848 746 885 solummodo
771 848 978 892 ptaedicatum
997 871 1011 888 ,
1043 845 1131 891 quod

264 899 377 945 prim&
394 903 572 936 affirmatur
589 898 633 933 de⁴
651 897 999 941 mbjectodistributo,
1023 897 1132 941 postea

262 951 417 985 affirmari
439 951 482 986 de
498 950 613 993 aliquo
631 948 698 992 ejus
716 948 885 982 inferiori:
904 947 995 992 atqui
1015 947 1050 981 in
1062 959 1132 991 prae-

263 997 334 1035 fato
356 1002 421 1035 isto.
439 1000 634 1044 syllogismo
653 1009 763 1033 totum
786 998 849 1032 hoc
861 997 918 1032 fit:
944 1009 1025 1043 ergo
1037 998 1132 1031 serva-

263 1062 315 1085 tur
334 1049 446 1086 exa&
467 1050 578 1095 regula
597 1074 606 1083 .
632 1051 735 1090 Major
759 1047 798 1090 <ll
814 1049 897 1083 clara
907 1060 922 1090 ς
948 1053 1044 1081 minor
1063 1056 1133 1090 pro·

261 1100 352 1134 batur
372 1114 385 1135 ε
421 1100 514 1147 Qia.
533 1100 570 1134 in
591 1099 654 1134 isto
675 1098 869 1144 syllogismo
888 1098 955 1133 hoc
975 1098 1132 1142 praedica-

261 1163 358 1190 tum,
381 1159 490 1193 potens
506 1154 602 1185 creari
618 1152 639 1183 a*
663 1153 750 1189 Deo,·
774 1147 864 1190 quod
883 1148 990 1193 primo
1000 1148 1133 1184 affirma-

263 1211 316 1235 tur
338 1201 378 1234 de
397 1201 503 1243 specie
523 1200 721 1241 distributa,
739 1199 849 1243 postea
873 1200 907 1233 in
929 1199 1132 1242 consequen-

263 1260 298 1284 te
314 1252 492 1284 affirmatur
509 1249 553 1283 de
570 1248 732 1289 homine,
753 1250 811 1291 qui
831 1249 877 1283 est
898 1247 1032 1292 aliquod
1056 1248 1134 1285 infle-

262 1300 329 1332 rius
356 1299 419 1334 sub
452 1300 557 1342 specie
590 1298 763 1333 distributa
783 1309 978 1334 contentum
996 1322 1004 1330 .
1040 1298 1134 1332 Tota

262 1349 373 1392 itaque
392 1348 679 1395 dimiliva‘tegula
708 1349 851 1385 servatur
887 1348 925 1384 in
949 1349 1013 1385 isto
1036 1347 1135 1392 syllo-

261 1396 411 1444 gismo‘.>
437 1396 442 1401 ’

472 1549 511 1583 Β
533 1546 573 1582 U
601 1546 627 1580 B
654 1549 670 1583 1
699 1546 739 1583 U
766 1546 808 1581 M
868 1545 913 1580 V.

367 1702 438 1734 Alia
461 1700 601 1745 quedam
619 1699 656 1734 de
676 1700 841 1740 acceptione
856 1694 1024 1740 personali.

258 1848 318 1889 28·
447 1851 583 1890 Ubium
601 1849 669 1886 hoc
687 1848 853 1894 appendix
877 1846 1021 1892 quaedam
1033 1845 1078 1883 est
1092 1846 1133 1883 ad

465 1903 529 1939 alia
551 1901 763 1946 praecedentia
784 1912 793 1934 z
829 1898 1016 1942 aliquorum
1042 1898 1132 1932 enim

256 1949 377 1983 discuti
399 1951 576 1994 dignorum
602 1952 651 1983 fui
663 1949 804 1982 oblitus.
833 1948 947 1989 Aliqui
960 1957 1041 1988 ergo
1051 1947 1131 1978 sum·

258 1998 397 2032 mulistae
415 1999 568 2033 dividunt
599 1998 828 2041 acceptionem
854 1995 1058 2039 personalem
1095 1995 1131 2028 in

257 2046 482 2091 acceptionem
508 2049 712 2092 personalem
737 2059 798 2091 pro
822 2044 1052 2085 inferioribus,
1073 2055 1130 2087 pro

257 2096 488 2140 superioribus,
514 2099 549 2131 δε
569 2109 630 2138 pro
649 2096 895 2129 denominatis:
923 2095 1011 2126 unde
1035 2105 1130 2136 opor-

256 2155 304 2179 tet
325 2143 381 2179 hic
403 2144 512 2179 videre
530 2167 541 2183 ‚
567 2144 648 2188 quid
680 2144 716 2176 sir
743 2143 888 2185 superius
909 2164 920 2180 ,
953 2141 1031 2184 quid
1052 2142 1131 2176 infe·

255 2195 345 2236 rius,
367 2194 447 2238 quid
469 2193 745 2234 denominatum?
772 2192 856 2225 Item
876 2191 955 2235 quid
968 2191 1003 2223 sit
1015 2202 1127 2225 vocem

256 2245 396 2287 supponi
419 2256 476 2286 pro
487 2243 736 2280 denominatis,
762 2239 988 2279 inferioribus,
1020 2241 1071 2273 vel
1082 2242 1128 2274 su-

255 2292 463 2336 perioribus?
492 2293 545 2326 Ac
572 2290 742 2334 praesertim
767 2301 809 2323 an
838 2299 933 2321 voces
953 2289 1129 2332 singulares

255 2342 395 2386 supponi
428 2341 548 2385 possint
570 2338 776 2384 personaliter
799 2347 856 2381 pro
876 2337 942 2371 suis
962 2337 1127 2379 superiori-

256 2392 316 2428 bus
330 2393 346 2425 ?
373 2393 453 2426 Hoc
464 2415 475 2432 ,
501 2392 635 2435 inquam
651 2415 664 2430 ‚
675 2389 731 2424 hic
742 2387 861 2432 inquiri
872 2385 968 2421 debet
981 2387 1026 2420 ob
1036 2386 1126 2421 Lau-

255 2442 398 2477 rentium
417 2441 582 2485 Gyffene3
608 2439 666 2484 qui
686 2448 805 2474 contra
824 2447 1035 2472 communem
1059 2440 1127 2471 sen-

254 2492 394 2527 teutiam
418 2490 453 2524 id
473 2492 614 2536 negatin
627 2490 692 2524 suis
701 2488 899 2529 Summulis,
924 2485 1125 2534 trull-3Je8.

258 2553 286 2577 1.
306 2551 402 2587 επις,
422 2541 543 2575 Μοωεί
562 2539 624 2574 hac
643 2538 769 2573 ratione
792 2551 800 2570 :
829 2537 910 2571 Vox
932 2549 999 2571 non
1022 2538 1124 2580 potest

252 2591 391 2635 supponi
411 2591 619 2633 personaliter
640 2589 699 2624 nili
719 2600 778 2633 pro
800 2587 865 2621 suis
884 2587 1073 2631 significatis
1086 2588 1123 2622 se-

251 2640 437 2676 cundariis:
464 2641 555 2683 atqui
576 2640 737 2682 superiora
759 2650 828 2672 non
852 2638 928 2671 sunt
945 2637 1123 2682 significata

250 2688 441 2725 secundaria
463 2699 584 2723 vocum·
609 2689 839 2732 singularium:
865 2699 946 2731 ergo
958 2688 1123 2722 vocesfin-

250 2739 378 2785 gulares
401 2750 470 2773 non
495 2740 626 2784 possunt
646 2738 751 2781 accipi
767 2737 976 2781 personaliter
989 2748 1047 2780 pro
1060 2738 1123 2772 suis

248 2788 483 2835 superioribus.

300 2851 358 2886 29.
388 2842 521 2874 adverte
543 2839 592 2874 bic
611 2847 685 2874 ante
702 2842 804 2871 omnia
825 2849 834 2868 :
859 2835 963 2883 Qod
985 2837 1048 2871 esse
1074 2838 1122 2872 su-

247 2891 356 2936 perius
378 2891 414 2925 δε
434 2890 573 2924 inferius
591 2888 771 2924 conveniat
793 2897 861 2920 tam
880 2885 1016 2920 vocibus
1027 2886 1120 2931 signi·

249 2939 423 2976 ficantibus
445 2965 457 2981 ‚
490 2951 589 2984 quam
610 2939 707 2973 rebus
726 2949 781 2982 per
801 2947 894 2970 voces
914 2936 1115 2979 significatis.

248 2991 341 3025 Tam
360 2990 443 3025 ῐεᾶὲ
462 2990 551 3025 enim
572 2989 710 3024 dicimus
727 3001 735 3021 :
764 2987 843 3021 Vox
865 2985 949 3019 homo
973 2986 1019 3020 est
1040 2987 1119 3021 inse·

250 3042 316 3075 rior
327 3052 410 3076 voce
419 3042 556 3082 animal,
573 3040 757 3084 &superior
769 3049 850 3072 voce
861 3039 973 3070 Petrus
984 3059 995 3075 ,
1021 3047 1121 3080 quam

249 3091 396 3126 dicamus
416 3115 433 3133 ,
454 3090 559 3127 homo
582 3091 628 3125 est
647 3090 782 3124 inferior
798 3086 958 3128 animali,
985 3087 1119 3130 &supe-

249 3140 315 3174 rior
327 3139 425 3175 Petro
438 3166 449 3173 .
470 3142 509 3176 In
531 3153 600 3186 quo
618 3139 724 3174 differt
745 3138 889 3182 superius
908 3137 941 3170 ὅ(
955 3136 1118 3172 iuferius&

248 3189 464 3225 denominato
483 3206 496 3226 .-
531 3192 785 3226 denominatum
817 3189 939 3231 quippe
961 3188 1117 3221 convenit

248 3240 328 3274 solis
341 3239 458 3284 rebus·,
483 3252 552 3276 non
563 3252 673 3276 autem
689 3239 823 3275 vocibus
837 3236 1092 3281 fignificantibus
1107 3250 1115 3269 :

247 3300 345 3324 voces
363 3291 454 3324 enim
479 3302 547 3325 non
569 3292 640 3327 sunt
663 3289 886 3326 denominatae
905 3310 917 3326 ,
943 3287 995 3320 sed
1017 3287 1116 3322 deno-

247 3340 411 3375 minantes
427 3366 437 3373 .
465 3341 514 3375 At
537 3341 616 3376 voro
634 3342 697 3376 esse
723 3339 865 3384 superius
886 3361 897 3377 ‚
923 3348 963 3370 ac
983 3336 1118 3374 inferius

246 3390 384 3432 quadrat
403 3399 472 3427 tam
492 3390 576 3427 bene
599 3392 736 3428 vocibus
760 3415 773 3433 ,
797 3399 898 3434 quam
921 3387 1019 3422 rebus
1041 3401 1054 3424 .-
1080 3400 1116 3424 ut

1934 135 2026 179 223

1203 197 1270 241 jam
1286 194 1356 229 dixi
1379 219 1388 227 .
1413 194 1501 229 Cum
1521 193 1582 231 hac
1601 206 1709 233 tamen
1736 198 1919 236 differentia
1945 214 1954 236 ε
1982 203 2072 247 quod

1204 257 1253 280 res
1271 245 1399 279 dicatur
1418 244 1613 281 inferiorve}
1625 249 1763 291 superior
1776 250 1809 283 in
1821 251 1972 295 effend03
2000 263 2067 287 vox

1195 295 1280 329 *vero
1303 295 1337 329 in
1358 294 1590 340 fignificando:
1619 307 1681 330 vox
1695 300 1782 333 enim
1801 301 2067 338 diciturinferior

1204 346 1254 379 vel
1277 345 1441 389 superior,
1467 356 1567 390 quam
1591 345 1656 379 alia
1678 369 1690 386 ,
1714 351 1787 387 quia
1810 351 1970 395 fignificat
1992 363 2067 396 pau.

1202 396 1291 431 ciora
1313 397 1365 429 vel
1375 395 1465 439 plura
1478 396 1677 440 significata3
1707 406 1753 429 res
1769 400 1864 439 vero,
1890 404 1965 445 quia
1981 403 2065 436 inest

1202 445 1410 489 paucioribus
1435 446 1486 479 vel
1505 444 1648 490 pluribus
1663 444 1915 484 subiicibilibus.
1942 452 2066 497 Qaeri-

1200 505 1253 529 tur
1270 495 1324 528 hic
1347 496 1388 530 de
1402 494 1750 539 superiori&inferiori
1772 496 1807 530 in
1821 500 1970 542 effendo,
1995 513 2064 537 non

1199 545 1235 578 in
1258 545 1491 590 significando.-
1518 547 1669 590 quaeritur
1687 546 1777 580 enim
1797 547 2064 586 deilloinferiori

1201 596 1249 629 vel
1274 597 1452 639 superiori,
1478 607 1538 639 pro
1558 608 1625 641 quo
1645 596 1801 640 accipitur
1813 608 1878 630 vox
1898 601 2068 640 personali·

1199 656 1266 680 ter:
1294 647 1381 688 atqui
1400 645 1480 681 illud
1503 657 1572 680 non
1592 646 1636 680 est
1660 647 1802 690 superius
1813 658 1868 682 aut
1883 648 2018 682 inferius
2031 650 2066 682 in

1197 696 1434 741 significand03
1463 697 1517 730 sed
1541 697 1575 730 in
1596 697 1746 731 effendo:
1775 698 1823 731 uti
1851 697 1974 732 clarum
2000 699 2066 733 est.

1199 746 1289 791 Ergo
1316 749 1416 782 eriam
1443 745 1497 780 bic
1523 748 1619 792 quaeri
1645 746 1742 782 debet
1767 747 1808 782 de
1831 746 1919 789 hoc,
1945 749 2066 784 nonde

1197 796 1275 831 illo.

1247 856 1301 894 30.
1325 847 1413 891 Resp.
1443 848 1479 882 ὁ·
1501 848 1568 881 dico
1582 850 1700 888 prima:
1727 847 1938 883 Perinferius
1948 846 2066 882 Philo-

1197 897 1292 940 sophi
1311 895 1366 932 hic
1388 897 1550 932 ordinarie
1569 898 1760 943 intelligunt
1772 898 1954 941 subjicibile
1966 899 2066 933 effen-

1195 947 1291 990 tiale3
1319 959 1374 990 per
1395 947 1741 992 superinsintelligunt
1754 949 1956 994 praedicabile
1966 951 2068 983 essen-

1197 997 1292 1031 tiale:
1321 1008 1377 1040 per
1396 997 1646 1032 denominatum
1669 998 1745 1031 vero
1767 999 1959 1043 intelligunt
1971 999 2063 1042 subji-

1196 1046 1295 1081 cibile
1315 1048 1535 1081 accidentale.
1563 1048 1635 1082 Sive
1657 1048 1744 1092 quod
1766 1052 1798 1082 in
1824 1052 1909 1082 idem
1924 1050 2066 1088 recidit,

1199 1096 1342 1139 superius
1359 1122 1371 1137 ,
1397 1097 1555 1137 inferius,
1579 1098 1611 1131 δε
1627 1098 2067 1134 denominatumaPhiloso·

1200 1145 1271 1190 pbis
1290 1145 1443 1182 hocloco
1469 1158 1624 1181 vocantur
1647 1149 1769 1190 species
1789 1151 1934 1191 quaedam
1947 1149 2066 1193 signifi-

1197 1198 1262 1231 cati
1283 1196 1481 1231 secundarii:
1509 1208 1584 1231 nam
1605 1196 1856 1232 denominatum
1880 1199 1925 1232 est
1948 1199 2069 1242 fignifi-

1199 1258 1311 1281 catum
1341 1246 1508 1290 quoddam
1533 1247 1756 1281 secundarium
1781 1273 1792 1288 ,
1829 1248 1869 1281 de
1906 1258 1972 1291 quo
2001 1259 2068 1281 vox

1200 1298 1388 1340 praedicatur
1407 1296 1669 1340 accidentaliter,
1696 1298 1833 1332 inferius
1843 1298 1886 1331 est
1900 1297 1981 1331 illud
1995 1322 2005 1338 ,
2028 1297 2071 1331 de

1198 1358 1269 1391 quo
1290 1359 1356 1381 vox
1380 1347 1567 1392 praedicatur
1588 1349 1815 1383 essentialiter:
1842 1349 1982 1391 superius
1993 1348 2071 1381 vero

1144 1424 1145 1427 ,
1200 1396 1245 1431 est
1267 1397 1370 1439 illud,
1396 1399 1451 1432 cui
1465 1410 1532 1433 vox
1555 1397 1722 1441 subjicitur
1743 1399 1980 1438 essentialiter,
2006 1397 2071 1432 sive

1202 1447 1292 1489 quod
1313 1448 1354 1482 de
1376 1459 1457 1483 voce
1469 1448 1655 1493 praedicatur
1666 1448 1899 1490 essentialiter;
1925 1447 2011 1482 verb.
2021 1459 2069 1492 gr.

1202 1498 1305 1532 horno
1323 1499 1358 1533 δε
1376 1509 1479 1542 equus
1502 1499 1638 1542 respectu
1663 1499 1754 1532 vocis
1774 1499 1861 1532 albus
1883 1500 1958 1532 sunt
1970 1499 2071 1531 deno-

1202 1548 1344 1581 minata:
1371 1550 1445 1590 quia
1467 1550 1542 1582 sunt
1561 1548 1648 1580 illius
1671 1547 1864 1590 subjicibilia
1884 1547 2072 1582 accidenta-

1201 1597 1244 1630 lia
1268 1608 1277 1629 :
1315 1597 1382 1630 five
1400 1598 1473 1631 sunt
1494 1596 1563 1638 ejus
1585 1597 1766 1641 significata
1788 1596 1976 1630 secundaria
1998 1619 2008 1635 ,
2032 1597 2073 1630 de

1200 1646 1318 1688 quibus
1340 1647 1397 1680 illa
1422 1647 1610 1690 praedicatur
1634 1646 1897 1681 accidentaliter.
1927 1646 1974 1680 At
1996 1646 2073 1680 vero

1201 1698 1342 1740 respectu
1362 1697 1579 1731 vocisanlmal
1597 1707 1698 1739 equus
1717 1697 1751 1730 δι
1771 1694 1875 1731 homo
1899 1696 1971 1730 sunt
1993 1696 2074 1730 infe-

1201 1746 1285 1780 riora
1310 1759 1322 1779 .·
1358 1748 1436 1791 quia
1459 1748 1531 1781 sunt
1552 1746 1620 1789 ejus
1646 1746 1840 1789 subjicibilia.
1864 1745 2043 1781 essentialia
2063 1759 2073 1778 2

1200 1796 1262 1829 sive
1283 1797 1359 1830 sunt
1376 1796 1444 1840 ejus
1454 1797 1634 1841 significata
1652 1797 1840 1832 secundaria
1852 1820 1863 1836 ‚
1888 1795 1934 1830 de
1953 1795 2071 1840 quibus

1201 1847 1389 1888 praedicatur
1403 1847 1610 1881 essentialiter
1629 1871 1638 1881 .
1665 1846 1804 1880 Animal
1829 1847 1907 1879 vero
1928 1847 2069 1889 respectu

1201 1906 1317 1930 vocum
1340 1896 1423 1929 homo
1443 1897 1478 1929 dc
1495 1908 1585 1939 equus
1597 1896 1641 1929 est
1654 1896 1820 1939 superius·⁸
1850 1896 1926 1940 quia
1938 1895 1983 1929 est
1998 1908 2069 1938 prae-

1198 1944 1339 1977 dicabile
1354 1945 1521 1979 essentiale
1534 1969 1546 1985 ,
1572 1945 1638 1979 live
1656 1946 1700 1979 est
1725 1945 1895 1990 quoddam
1912 1946 2071 1991 significa-

1198 2003 1267 2027 tum
1289 1993 1514 2029 secundarium
1528 2019 1539 2035 ,
1565 1995 1653 2039 quod
1677 1996 1717 2029 de
1737 1995 1801 2030 illis
1813 1995 1950 2030 vocibus
1961 1997 2071 2039 praedi-

1197 2054 1287 2077 catur
1308 2044 1518 2079 essentialiter
1531 2070 1538 2078 .
1565 2047 1642 2080 Scio
1653 2045 1784 2089 quidem
1805 2045 1871 2080 haec
1886 2046 1947 2081 tria
1959 2046 1977 2079 a
1993 2047 2069 2080 Phi-

1197 2092 1343 2134 losophis
1362 2095 1675 2137 accipiquandoque
1696 2095 1793 2138 paulo
1818 2097 1931 2138 aliter;
1960 2097 2013 2131 sed
2034 2098 2068 2130 in

1198 2139 1259 2175 hac
1279 2142 1414 2175 materia
1429 2166 1440 2182 ,
1465 2143 1500 2175 ὅ(
1522 2144 1557 2176 in
1583 2142 1648 2177 hoc
1671 2144 1747 2177 loco
1767 2146 1971 2188 accipiuntur
1988 2147 2069 2180 ficut

1196 2191 1285 2224 dixi.
1311 2194 1360 2223 Et
1377 2196 1456 2225 ratio
1473 2191 1512 2232 est
1526 2205 1536 2224 ι
1562 2193 1652 2240 Qia
1675 2194 1828 2229 inferiora
1843 2219 1854 2235 ‚
1882 2196 2042 2237 superiora
2056 2220 2068 2236 ,

1196 2251 1234 2273 ac
1256 2239 1496 2280 denominata,
1520 2239 1585 2274 hoc
1608 2242 1684 2275 loco
1710 2253 1867 2278 vocantur
1881 2245 1935 2278 illa
1948 2256 2069 2279 vocum

1195 2289 1376 2333 significata
1406 2313 1419 2328 ,
1454 2301 1516 2332 pro
1548 2290 1664 2333 quibus
1710 2301 1807 2326 voces
1843 2295 2070 2336 supponuntur

1193 2339 1211 2372 a
1248 2339 1469 2381 suppositione
1502 2338 1663 2382 personali
1688 2351 1696 2371 :
1723 2341 1813 2384 atqui
1850 2340 2032 2385 significata
2056 2370 2067 2385 ,

1195 2399 1254 2430 pro
1291 2387 1413 2432 quibus
1447 2400 1542 2423 voces
1587 2390 1606 2424 ὲ
1649 2390 1869 2434 suppositione
1907 2394 2068 2435 personali

1193 2439 1422 2481 supponuntur
1457 2462 1470 2479 ,
1515 2440 1589 2474 sunt
1625 2439 1803 2484 significata
1841 2441 2027 2477 secundaria
2057 2457 2067 2476 ;

1191 2499 1273 2532 ergo
1293 2487 1471 2528 inferiora,
1495 2489 1677 2532 superiora,
1702 2501 1740 2524 ac
1763 2491 1974 2526 denominata
1997 2491 2065 2528 hoc

1192 2538 1269 2572 loco
1290 2538 1333 2572 fic
1343 2537 1465 2572 debent
1486 2540 1611 2583 accipi,
1638 2549 1674 2574 ut
1697 2541 1760 2574 sint
1783 2540 1903 2584 species
1916 2542 2064 2584 quaedam

1189 2588 1364 2632 significati
1382 2588 1580 2623 secundarii.

1241 2648 1295 2686 31.
1322 2641 1397 2671 Dico
1410 2636 1542 2681 secund&
1564 2651 1572 2671 :
1601 2638 1714 2674 Voces
1732 2640 1908 2686 singulares
1929 2644 2060 2686 possunt

1190 2687 1397 2730 personaliter
1417 2688 1522 2732 accipi
1544 2700 1603 2732 pro
1625 2690 1689 2723 suis
1708 2691 1927 2733 superioribus
1946 2714 1955 2723 .
1987 2695 2062 2726 Pro·

1189 2739 1280 2770 batur
1298 2737 1349 2771 boc
1374 2739 1506 2772 &reviret
1514 2741 1671 2773 evertendo
1676 2739 1911 2781 fundamentum
1925 2745 2060 2776 Lauren·

1187 2794 1238 2820 tii:
1267 2788 1356 2835 Qia
1379 2799 1474 2822 voces
1484 2791 1613 2831 possunt
1628 2791 1835 2833 personaliter
1848 2792 1983 2834 supponi
1998 2803 2059 2835 pro
2111 2826 2115 2839 ,

1188 2838 1282 2872 omni
1303 2839 1362 2872 suo
1382 2839 1566 2882 fignificato
1599 2840 1789 2875 secundario
1814 2853 1822 2872 ι
1858 2842 1948 2884 atqui
1969 2842 2058 2885 supe-

1187 2889 1272 2922 riora
1291 2888 1364 2921 sunt
1383 2887 1562 2933 significata
1586 2890 1773 2925 secundaria
1786 2902 1906 2926 vocum
1917 2892 2057 2936 singula-

1186 2940 1270 2972 rium
1283 2951 1293 2971 .-
1318 2949 1397 2983 ergo
1421 2949 1517 2972 voces
1536 2938 1713 2984 fingulares
1734 2942 1863 2985 possunt
1875 2942 2055 2984 personali-

1185 2999 1232 3022 ter
1256 2999 1315 3031 pro
1327 2988 1393 3022 illis
1411 2989 1572 3032 supponi.
1598 2994 1781 3024 Laurentius
1792 3000 1879 3036 negat
1890 2997 2053 3035 minorem3

1178 3036 1237 3081 sed
1251 3038 1457 3080 proboillam:
1485 3038 1572 3084 Qia
1595 3042 1755 3084 superiora
1779 3043 1852 3076 sunt
1875 3042 2052 3086 significata

1183 3099 1302 3123 vocum
1322 3089 1532 3133 singularium
1553 3101 1562 3121 :
1588 3101 1667 3135 ergo
1690 3092 1763 3124 sunt
1789 3092 1967 3137 significata
1990 3093 2053 3136 pri-

1182 3139 1283 3173 maria
1307 3138 1357 3172 vel
1368 3136 1576 3172 secundaria.-
1601 3141 1692 3184 atqui
1713 3152 1779 3175 non
1793 3143 1866 3175 sunt
1880 3141 2027 3185 primaria
2040 3155 2051 3174 ε

1181 3200 1217 3222 ut
1236 3188 1430 3230 concedunt
1451 3200 1566 3222 omnes
1591 3215 1599 3222 .
1639 3191 1727 3235 Ergo
1751 3194 1824 3226 sunt
1846 3193 2046 3226 secundaria.

1183 3242 1363 3272 Laurentius
1399 3247 1489 3281 negat
1516 3242 1693 3274 antecedens
1720 3254 1731 3285 3
1766 3242 1822 3285 sed
1839 3241 1933 3284 probo
1951 3244 2031 3276 illud
2042 3255 2050 3275 :

1180 3289 1270 3336 Qia
1293 3287 1450 3329 superiora
1471 3312 1483 3328 ,
1519 3289 1569 3322 vel
1594 3301 1688 3325 voces
1720 3292 1940 3336 significantes
1963 3294 2052 3336 supe·

1180 3340 1265 3371 riora
1293 3337 1504 3380 praedicantur
1514 3339 1556 3374 de
1567 3342 1703 3375 vocibus
1713 3342 1926 3386 singularibus
1941 3354 1951 3380 a
1977 3342 2050 3376 vere

1183 3398 1325 3431 namque
1350 3387 1513 3431 dicimus,
1538 3391 1648 3424 Petrus
1672 3391 1711 3431 est
1733 3391 1837 3434 homo,
1857 3391 1895 3431 est
1914 3393 2051 3433 animal,

1950 3444 2009 3475 &aa
