2384 3770
396 130 492 178 316

351 206 536 252 sternuntur
545 227 555 243 ‚
581 199 756 247 quaessmente
767 192 979 244 conspiciantur
997 225 1007 242 ,
1021 199 1059 235 ab
1069 204 1112 234 its
1124 224 1136 242 ,
1148 209 1216 242 qua

350 255 477 301 senfibus
488 258 695 296 attinguntur:
724 263 776 286 nec
792 250 923 296 sensibus
945 253 1112 285 adimentes
1136 250 1218 295 quod

351 306 484 349 possum,
510 313 559 336 nec
581 308 622 335 ets
651 303 762 340 dantes
781 304 863 342 altu?
880 312 971 345 quam
990 302 1132 346 poffunt.
1160 300 1214 336 Et-

353 356 463 396 enim,
493 351 765 397 ingenuefateor‚
795 352 974 387 sensitivam
987 348 1125 386 ovorum
1148 351 1215 384 ani-

354 417 441 440 mam
455 415 519 449 ego
533 413 699 447 nunquam
709 403 794 437 vidi:
819 412 986 445 nunquam
997 401 1125 441 audivi,
1137 411 1216 433 nun-

352 467 450 501 quam
463 453 612 507 gustavi,
637 464 805 498 nunquam
827 452 945 490 olfeci,
971 461 1139 492 nunquam
1151 449 1216 501 pal-

351 507 425 550 pavi
450 504 468 546 ς’
485 515 553 539 uno
575 503 672 545 verbo
690 529 701 547 ‚
729 511 894 546 nunquam
914 501 1004 540 (ensu
1022 499 1145 544 attigi.
1175 499 1218 534 Et

349 557 431 599 quid
447 553 543 597 miri?
569 554 624 589 Est
637 557 726 588 enim
738 549 926 585 insenfibilis
942 550 1216 591 substantia‚non

351 607 430 639 vero
443 603 588 639 sensibile
599 602 768 637 accidens.
796 600 882 648 Qis
893 601 974 645 ergo
994 600 1103 634 credat
1123 599 1217 643 hujus

350 657 468 690 anima:
479 655 693 699 privationem
713 653 777 686 effe
787 649 932 694 unquam
949 650 968 683 a
980 649 1214 694 Marpurgenfi-

350 706 410 744 bus
437 702 634 742 Ductoribus
655 703 755 739 visam
777 703 790 741 ἒ
830 700 974 739 Cette'is
993 700 1101 739 credat
1124 724 1136 740 ,
1161 698 1220 744 qui

351 756 550 802 privationes
563 754 645 787 iuter
658 753 765 785 vifivae
777 751 930 794 potentia
950 750 1075 785 obiesta
1098 760 1198 794 ponet
1210 776 1218 785 .

351 805 410 839 Tu
432 803 510 849 ergo
524 801 714 838 Dostiffime
728 803 770 836 D.
783 801 924 836 Luberte
935 825 947 842 ,
973 802 995 834 fi
1008 799 1093 835 hanc
1113 800 1219 844 priva·-

350 855 477 889 tiouem
500 853 616 887 videris
637 876 649 892 ‚
674 852 819 896 profecto
841 851 1023 897 potentiam
1045 851 1178 886 visivam
1200 860 1218 885 a

349 916 462 940 mean·
478 902 621 946 specifice
639 902 797 937 diversam
822 900 972 935 habueris
986 927 993 934 .
1020 902 1115 937 Dum
1139 899 1219 945 erg&

348 954 540 998 opinionem
563 962 652 986 tuam
666 952 727 985 effe
750 953 918 986 veritatem
930 953 1019 986 sensu
1035 962 1150 986 notam
1165 961 1219 994 pu-

349 1004 438 1038 tabas
449 1028 459 1046 ,
481 1014 549 1039 non
563 1001 645 1037 bene
654 1001 899 1039 considerabas:
926 1002 1004 1036 dum
1020 1001 1053 1035 id
1065 1001 1196 1035 dicebas
1210 1024 1220 1040 ,

348 1055 462 1097 lingua
475 1063 619 1093 mentem
634 1051 861 1096 praecurrebat.
888 1051 972 1088 Non
984 1051 1112 1097 possum
1124 1051 1216 1095 loqui

347 1105 526 1144 modestius
548 1112 603 1139 aut
615 1100 808 1138 humanius.
1230 1126 1241 1153 ¹

396 1165 428 1202 4.
454 1152 574 1187 Tertio
586 1153 700 1187 dicunt
722 1152 867 1191 animam
887 1152 955 1189 Ovi
976 1152 995 1188 ὲ
1020 1163 1074 1187 me
1100 1150 1239 1187 mordi=¹

347 1216 404 1242 cus
414 1203 545 1239 defendi
559 1217 570 1237 .·
597 1202 664 1238 imo
678 1201 793 1242 dicunt
806 1214 858 1237 me
869 1203 1059 1243 effeillum,
1086 1203 1143 1246 qui
1156 1201 1219 1236 ani-

347 1267 436 1290 mam
458 1256 546 1297 illam
569 1254 733 1296 mordicus
754 1253 927 1288 defendere
954 1252 1090 1288 audeat.
1117 1251 1220 1298 Qod

347 1306 441 1342 illam
461 1305 635 1344 defendere
661 1304 820 1344 audeam,
848 1313 959 1341 verum
981 1302 1046 1337 est:
1077 1303 1196 1339 Fateor
1211 1326 1221 1343 ,

347 1355 499 1400 nequeid
512 1354 640 1399 negabo
654 1365 818 1396 unquam3
844 1352 938 1395 Imo,
964 1354 1043 1387 ficut
1067 1352 1157 1387 iilam
1168 1351 1221 1387 de·

347 1406 477 1439 fendere
490 1407 536 1438 fui
550 1406 643 1438 ausus
657 1429 667 1445 ,
697 1405 741 1437 ita
760 1404 866 1437 audeo
885 1404 1105 1438 defenfionem
1129 1403 1222 1437 istam

347 1454 451 1493 modo
461 1456 652 1490 continuare
664 1478 675 1495 ,
686 1454 719 1491 ὃς
732 1451 833 1494 vestra
847 1454 1003 1493 fortalitia
1021 1453 1099 1493 huic
1112 1453 1223 1491 defen·

346 1505 429 1540 fioni
443 1506 577 1540 inimica
597 1502 728 1550 aggredi
743 1509 759 1546 ‚'
781 1514 967 1545 attentare,
996 1504 1031 1538 ἀ
1056 1510 1223 1548 oppugna·

347 1563 380 1590 re
405 1582 412 1589 .
440 1556 495 1590 An
520 1556 576 1590 illa
598 1554 657 1590 fim
676 1555 882 1589 subversurus
904 1556 937 1588 δε
960 1563 1223 1597 expugnaturuS,

348 1607 381 1639 id
393 1605 586 1648 judicabunt
598 1603 671 1637 alii.
704 1603 809 1650 Qod
829 1603 976 1637 animam
995 1602 1079 1638 hanc
1104 1604 1223 1637 mordi-

347 1667 406 1690 cus
425 1655 597 1688 defendere
609 1652 745 1686 audeam
757 1675 767 1690 ‚
787 1653 906 1688 falsum·
915 1653 959 1686 est
976 1667 987 1686 .-
1019 1653 1169 1686 Multum
1181 1663 1213 1685 er

347 1707 448 1746 ratis;
476 1706 509 1738 δε
525 1714 591 1736 non
614 1701 743 1735 tantum
765 1702 899 1741 erratis,
918 1701 971 1735 sed
995 1701 1028 1735 δε
1042 1700 1225 1734 mihicalu·

348 1757 473 1788 mniam
503 1752 655 1796 irrogatis
673 1775 680 1782 .
711 1750 842 1799 Etenim
864 1762 928 1795 ego
948 1751 1034 1785 nihil
1062 1750 1226 1785 mordicus

350 1804 511 1843 defendo,
538 1803 596 1836 nili
611 1799 832 1837 orthodoxam
858 1802 992 1841 sanstae,
1019 1800 1223 1840 Catholicae,

351 1856 385 1890 &
400 1852 596 1897 Apostolicae
608 1852 765 1885 Romanae
781 1851 930 1885 Ecclefiae
943 1850 1039 1884 fidem
1054 1862 1061 1882 ε
1087 1851 1152 1883 Pro
1168 1850 1228 1883 hac

352 1905 519 1939 mordicus
547 1903 625 1945 sto3
663 1899 774 1945 potius
800 1897 896 1942 hujus
921 1900 1067 1942 corporis
1102 1901 1228 1938 vitam,

352 1967 453 2000 quam
467 1953 555 1987 illam
576 1951 704 1995 perdere
724 1948 828 1984 malo.
856 1949 899 1982 Et
911 1949 990 1994 quid
1014 1948 1114 1982 miri?
1139 1947 1228 1982 Nam

354 2006 388 2040 in
411 2006 466 2039 illa
480 2028 492 2045 ,
517 2014 557 2038 ex
580 2002 658 2042 illa,
685 2002 719 2036 ὅ(
733 2012 786 2044 per
810 1999 901 2035 illam
911 2000 1007 2034 credo
1028 1999 1166 2041 &spero
1178 2009 1230 2032 me

355 2055 473 2090 habere
487 2053 586 2091 vitam
598 2062 749 2086 aeternam
761 2076 768 2084 .
798 2050 876 2085 Alia
888 2050 1007 2093 quaevis
1030 2049 1163 2090 quidem
1181 2048 1228 2082 de-

357 2106 481 2145 fendo,
508 2104 560 2140 sed
584 2112 789 2146 nequaquam
808 2100 972 2133 mordicus
990 2112 1001 2130 .·
1028 2098 1096 2133 Uti
1110 2099 1143 2131 in
1158 2109 1232 2139 prae-

359 2156 443 2191 senti
455 2163 542 2197 patet
565 2163 604 2185 ex
616 2163 671 2190 ea,
699 2160 798 2192 quam
821 2148 861 2180 ad
876 2147 1044 2184 Lestorem
1057 2145 1232 2189 Apologiae

359 2217 441 2239 mea:
460 2200 636 2246 praeposui,
661 2197 899 2241 praefatiuncula
913 2219 921 2230 .
948 2194 1030 2228 Haec
1051 2195 1141 2228 enim
1164 2206 1230 2228 non

360 2253 512 2290 continet
534 2250 627 2284 verba
654 2246 800 2280 hominis
823 2244 979 2278 obstinati
1001 2267 1012 2283 ,
1040 2243 1233 2285 pertinacis,

362 2314 419 2339 aut
441 2299 606 2336 mordicus
624 2294 830 2330 defendentis
839 2306 852 2334 ;
890 2293 943 2328 sed
966 2293 1007 2326 de
1031 2294 1109 2332 sua,
1136 2303 1232 2336 quam

361 2349 574 2398 probabiliter
597 2345 728 2381 suadere
748 2345 884 2383 nititur,
908 2342 1068 2386 opinione
1090 2341 1233 2379 haelitan·

363 2405 428 2444 tis,
451 2397 680 2438 formidantis,
707 2397 740 2431 &
757 2394 888 2430 edoceri
908 2391 1137 2429 desiderantis.

550 2493 924 2534 CAPUT
1000 2493 1055 2528 11.

581 2600 726 2634 Examen
746 2599 841 2641 primi
867 2594 1007 2629 notabilis
1018 2617 1028 2628 .

377 2712 406 2740 1.
565 2698 724 2734 Dificium
747 2696 897 2733 fortalitii
921 2691 1138 2729 suiinchoant
1150 2691 1237 2726 Mar-

560 2759 562 2762 *
589 2750 760 2794 purgenses
783 2746 848 2782 hoc
868 2746 969 2780 modo
983 2759 994 2778 :
1021 2748 1087 2789 Quo
1097 2743 1238 2776 hiemin-

370 2804 462 2849 gressu
474 2811 545 2835 nota
554 2825 561 2832 .
591 2803 692 2832 Primo
703 2822 713 2838 ,
736 2797 911 2841 subiet‘lumz
939 2796 1021 2839 quod
1028 2794 1065 2833 est
1075 2792 1233 2834 ovumfae·

372 2849 567 2892 cundumfive
575 2848 751 2891 perfefflum.
763 2851 792 2879 E
795 2848 977 2881 xcludumur
989 2845 1036 2878 hic
1046 2848 1117 2877 Ova
1127 2847 1213 2877 venti
1228 2865 1238 2880 ,

371 2902 431 2947 {ive
454 2899 625 2943 imperfec‘la
644 2910 652 2930 ι
672 2900 791 2941 quando
797 2900 914 2941 gallina
929 2894 986 2940 (ine
1003 2895 1107 2938 gallo,
1137 2901 1189 2925 aut
1201 2902 1238 2924 ex

376 2958 463 2989 anani
474 2953 598 2985 alterius
605 2948 730 2993 galltnae
741 2948 892 2982 concubitu
906 2970 917 2987 ,
941 2954 996 2979 aut
1009 2942 1096 2987 osculo
1105 2944 1155 2977 vel
1163 2941 1238 2983 olfa-

376 3003 425 3037 eru
432 3002 509 3046 galli
518 3023 529 3040 ,
558 3001 610 3033 vel
610 2999 710 3038 stante
722 2997 840 3041 zephyro
853 3021 864 3038 ‚
885 3003 975 3039 ovat;
1002 2996 1036 3027 (θ’
1046 3000 1147 3027 carent
1151 2996 1238 3033 prin-

377 3058 453 3095 cipio
461 3055 676 3096 generationir.
703 3049 789 3089 Arist.
814 3055 846 3082 in
861 3058 888 3096 3.
910 3047 1091 3089 degenerat.
1116 3042 1238 3075 animal.

379 3103 531 3137 Libavius
553 3105 584 3133 in
607 3098 683 3141 disp.
710 3100 747 3132 de
758 3103 842 3139 ovi,
863 3097 1101 3141 gallinarumque
1122 3092 1241 3133 &pulli

379 3165 418 3188 ex
428 3164 457 3187 eo
463 3159 595 3196 generat.
614 3148 703 3189 Theſs.
721 3149 882 3196 3.5ecundo
894 3171 906 3186 ,
913 3146 1112 3191 praedicatum
1126 3156 1136 3176 :
1149 3144 1242 3185 ,Quod

382 3203 418 3241 est
445 3208 547 3235 anima
561 3197 702 3243 sensitiva
721 3198 878 3240 informari
900 3223 911 3238 ‚
936 3206 1097 3237 verumque
1123 3191 1242 3225 brutum

384 3252 417 3284 ό*
427 3250 598 3293 animaleffe
611 3262 618 3282 ε
658 3252 713 3282 Hoc
723 3249 759 3287 est
772 3271 783 3287 ,
808 3248 917 3282 audire
929 3271 939 3287 ‚
965 3247 1072 3280 videre
1084 3268 1094 3285 ‚
1105 3251 1226 3286 tangere
1235 3266 1245 3282 ,

381 3300 514 3343 gustare,
539 3302 674 3338 odorari,
701 3300 737 3333 de
749 3300 848 3331 Iocoin
872 3299 963 3331 locum
982 3300 1114 3329 moveri.
1141 3293 1246 3327 Nota-

387 3349 450 3383 bile
460 3348 522 3383 hoc
533 3352 681 3385 continet
704 3347 848 3392 quaedam
863 3347 1050 3382 examinatu
1073 3345 1194 3389 digna,
1215 3344 1263 3388 δετ

943 114 1369 167 catur

1471 111 1564 161 ΙΙ.

1262 188 1401 244 'semper
1412 188 1580 235 rnodestiae
1596 186 1632 239 &
1645 187 1861 240 humilitatis,
1883 190 1951 240 non
1961 199 2067 234 solum
2080 190 2146 235 Ca:

1277 249 1406 288 tholicae
1428 250 1651 291 &Romanae‚
1680 246 1735 283 sed
1748 246 1848 283 etiam
1871 248 2068 298 Religiosz,
2103 261 2147 284 ae.

1276 300 1448 344 prasertim
1475 300 1724 344 Augustinianae
1737 322 1746 331 .

1328 360 1361 388 2.
1382 347 1496 383 Primo
1514 349 1594 395 ergo
1607 349 1649 383 in
1670 348 1735 382 hoc
1762 345 1822 383 suo
1842 346 1982 383 notabili
2001 349 2118 385 dieunt
2131 374 2144 391 ,

1276 398 1365 442 quod
1379 399 1452 433 Ova
1464 401 1596 434 ventosa
1608 408 1737 434 careant
1748 399 1908 443 principio
1914 400 2143 444 generationis.

1277 448 1381 496 Qod
1393 473 1404 490 ‚
1428 449 1581 493 inquam,
1609 459 1740 486 careant
1751 448 1914 493 principio
1923 448 2145 493 generationis

1277 499 1448 539 effectivo,
1471 511 1538 543 quo
1559 500 1671 533 Ovum
1694 495 1867 535 ventosum
1891 509 2057 545 generaret
2080 499 2148 542 pun

1280 550 1348 584 lum
1361 573 1372 590 ,
1395 549 1552 596 gallinam
1566 572 1578 590 ,
1603 548 1825 593 Bombycem,
1855 560 1911 584 aut
1922 549 1998 593 quid
2008 548 2099 585 aliud
2110 548 2149 582 fi·

1280 600 1373 634 mile.
1403 599 1519 634 Et'hoc
1530 599 1654 634 dietum
1664 600 1727 633 sine
1737 599 1842 635 dubio
1855 610 1962 633 verum
1973 598 2037 632 est.
2056 603 2146 632 Ratio

1280 650 1317 691 est
1327 651 1428 683 clara:
1457 650 1546 695 Quia
1560 650 1673 684 Ovum
1687 649 1858 684 ventosum
1878 649 1963 683 nihil
1985 649 2030 683 est
2042 649 2149 683 omni-

1282 712 1326 734 no
1347 699 1435 737 aliud
1448 724 1459 742 ,
1485 709 1584 742 quam
1607 699 1734 736 nudum
1752 699 1885 744 gallinae
1895 701 2000 734 semen
2013 710 2089 733 curn
2103 701 2149 733 se-

1281 750 1369 784 mine
1391 750 1469 795 galli
1493 748 1636 785 necdum
1658 751 1821 784 assuatum
1836 773 1849 790 ‚
1873 750 2070 793 permixtum
2091 758 2149 782 aut

1281 802 1511 836 fermentatum
1533 807 1548 832 ;’
1577 800 1626 834 Ita
1646 799 1735 834 enim
1763 799 1857 835 novit
1883 798 2076 833 Medicaster
2097 797 2150 832 vel

1259 871 1261 873 v
1282 850 1379 887 unius
1403 850 1486 885 diei.
1515 849 1621 894 Atqui
1644 850 1768 884 semina
1789 849 1886 888 unius
1907 850 2000 883 sexus
2023 849 2149 882 seorfim

1282 902 1408 947 sumpta
1418 924 1428 941 ‚
1453 909 1622 943 antequam
1634 899 1697 934 sint
1707 900 1792 934 inter
1803 901 1868 935 sese
1879 898 1996 934 mutuo
2007 901 2150 939 actuata,

1284 951 1465 995 permixta,
1491 951 1524 985 ὅ(
1538 952 1728 985 fermentata
1741 974 1752 991 ‚
1778 960 1890 985 carent
1902 949 2052 983 effectivo
2065 949 2152 993 prin·

1281 1002 1370 1046 cipio
1385 1000 1633 1052 generationis,
1662 1001 1737 1036 sunt
1759 998 1864 1037 adbuc
1881 998 1998 1034 sterilia
2014 999 2048 1035 ἀ
2062 998 2152 1032 infz-

1281 1053 1388 1086 cunda
1402 1065 1413 1085 .·
1442 1050 1533 1095 Ergo
1542 1049 1642 1085 etiarn
1656 1048 1758 1084 ouum
1769 1050 1941 1084 ventosum
1952 1048 1998 1083 est
2011 1046 2152 1084 omnino

1282 1101 1389 1136 sterile
1401 1112 1439 1136 ac
1453 1100 1675 1135 infaecundum
1690 1124 1701 1140 ‚
1726 1099 1759 1133 ἀ
1770 1099 1921 1134 effectivo
1931 1098 2153 1142 generationis

1284 1152 1448 1196 principio
1471 1161 1558 1185 caret
1570 1175 1578 1183 .
1609 1149 1759 1183 Probatur
1781 1154 1875 1184 minor
1885 1163 1897 1184 ε
1923 1148 2012 1195 Qia
2037 1147 2154 1192 princi-

1284 1202 1376 1246 pium
1397 1201 1582 1236 effectivum
1606 1198 1884 1244 generationisest
1897 1199 2006 1233 anima
2026 1211 2037 1232 .·
2062 1195 2154 1240 atqui

1284 1252 1404 1286 semina
1428 1252 1527 1285 unius
1551 1252 1642 1285 sexus
1666 1250 1794 1285 seorsim
1806 1251 1933 1293 sumpta
1943 1274 1957 1291 ‚
1981 1258 2154 1293 antequam

1284 1305 1451 1340 astuentur
1467 1325 1478 1346 ‚
1500 1301 1734 1338 fermententur
1747 1326 1757 1344 ,
1781 1312 1820 1335 ac
1840 1300 2034 1337 misceantur
2047 1322 2058 1339 ‚
2083 1309 2155 1334 nou

1286 1353 1400 1387 vivunt
1411 1355 1423 1393 ‚'
1452 1363 1557 1396 neque
1573 1349 1843 1385 informanturab
1855 1350 1984 1384 anima:
2011 1346 2091 1392 ergo
2103 1358 2156 1382 ca·

1285 1412 1355 1437 rent
1369 1402 1529 1446 principio
1540 1402 1762 1447 generationis
1774 1399 1930 1435 effectivo.
1941 1399 2058 1434 Minor
2071 1395 2158 1441 apud

1288 1453 1440 1487 Medicos
1450 1453 1481 1486 ὃ(
1497 1452 1654 1495 Phyficos
1666 1450 1710 1489 est
1725 1451 1927 1486 controversa
1941 1462 1951 1493 ;
1978 1447 2074 1483 multi
2086 1456 2159 1482 eam

1260 1504 1264 1508 ’
1288 1513 1407 1547 negant
1422 1526 1432 1542 ‚
1460 1512 1609 1544 putantes
1621 1502 1744 1534 semina
1760 1503 1843 1535 intra
1854 1499 1951 1536 testes
1961 1498 2068 1534 adhuc
2079 1508 2160 1531 con-

1288 1564 1377 1588 tenta
1390 1551 1464 1585 vere
1480 1552 1588 1585 vivere
1601 1575 1610 1590 ,
1637 1561 1773 1593 vereque
1787 1551 1849 1584 effe
1864 1551 2029 1584 animata:
2058 1547 2101 1581 Et
2114 1547 2159 1580 ita.

1291 1614 1391 1644 nuper
1401 1601 1518 1634 docuit
1540 1600 1663 1633 Daniel
1686 1600 1858 1634 Sennertus
1876 1600 1912 1633 in
1930 1600 1985 1634 sua
1995 1596 2136 1641 Physica
2149 1619 2161 1636 ‚

1290 1655 1425 1692 Hypomn.
1439 1659 1469 1698 4
1480 1660 1503 1683 c.
1517 1649 1548 1684 6.
1567 1649 1693 1683 Verum
1705 1648 1838 1682 alienea·
1849 1650 1980 1683 veritate
1992 1662 2004 1682 .·
2030 1646 2162 1681 Semina

1291 1700 1379 1734 enim
1403 1705 1478 1733 ante
1490 1700 1534 1733 sui
1553 1698 1795 1746 attuationem3
1823 1696 2161 1733 fermentationemac

1293 1749 1546 1794 permixtionem
1561 1761 1629 1782 non
1643 1748 1712 1792 plus
1726 1749 1840 1782 vivunt
1853 1771 1866 1787 ,
1890 1759 1988 1791 quarn
2003 1747 2075 1786 lac,
2088 1774 2091 1778 .
2103 1745 2163 1789 spi-

1291 1801 1372 1836 ritus
1382 1824 1391 1840 ‚
1405 1798 1534 1843 sanguis
1550 1798 1689 1842 ,aliique
1700 1798 1732 1832 id
1742 1809 1846 1842 genus
1856 1795 2007 1831 humores
2021 1819 2030 1829 .
2053 1793 2164 1844 Qud

1293 1850 1373 1884 nolo
1395 1848 1451 1882 hic
1465 1847 1574 1883 exacte
1602 1848 1735 1891 probare
1759 1849 1791 1882 δι
1816 1848 2020 1881 examinare:
2047 1844 2165 1888 Neque

1292 1900 1380 1933 enim
1392 1898 1426 1932 id
1438 1898 1541 1932 modo
1552 1898 1701 1942 agimus:
1723 1901 1870 1942 Agemus
1890 1897 1923 1930 id
1939 1892 2051 1935 exalte
2071 1893 2164 1928 anub.

1292 1950 1328 1982 de
1349 1951 1459 1981 Anima
1482 1971 1491 1979 .
1521 1947 1630 1980 Modo
1661 1946 1738 1981 vero
1762 1947 1891 1990 agimus
1921 1946 1964 1979 de
1985 1943 2164 1980 seminibus

1293 2000 1425 2033 aetuans
1448 1998 1483 2031 <Sc
1495 1997 1697 2031 fermentatis
1709 2019 1717 2028 ·
1814 2027 1816 2031 .
2012 2025 2014 2029 .

1345 2059 1374 2096 3·
1397 2046 1546 2082 Secundo
1558 2046 1674 2082 dicunt
1698 2045 1970 2091 Marpurgenses,
1993 2043 2082 2089 quod
2106 2041 2169 2078 effe

1297 2107 1407 2131 verum
1422 2098 1553 2132 brutum
1568 2119 1582 2139 ,
1594 2107 1771 2140 verumque
1782 2097 1904 2130 animal
1916 2097 1952 2129 fit
1965 2094 2064 2136 idem;
2078 2091 2170 2137 quod

1294 2146 1426 2185 audire,
1447 2145 1578 2185 videre,
1597 2155 1748 2187 tangere,
1777 2145 1924 2187 gustare,
1947 2145 2104 2184 odorari,
2125 2143 2168 2176 de

1296 2195 1372 2229 loco
1394 2194 1431 2227 in
1451 2193 1563 2228 locum
1586 2193 1729 2227 moveri.
1752 2193 1790 2226 Id
1802 2193 1867 2227 est:
1896 2192 1970 2226 Effe
1980 2192 2113 2226 brutum
2132 2192 2168 2226 dc

1296 2242 1419 2278 animal
1442 2242 1533 2275 nihil
1551 2241 1596 2276 est
1619 2242 1731 2280 aliud,
1755 2251 1854 2282 quam
1874 2243 1936 2276 ess'e
1946 2242 2080 2280 videns,
2099 2251 2168 2275 tan·

1296 2303 1376 2337 gens
1388 2315 1399 2331 ,
1420 2291 1556 2325 audiens
1565 2315 1575 2331 ,
1601 2290 1662 2324 dcc.
1676 2290 1800 2325 Verum
1811 2300 1875 2335 ego
1893 2291 1951 2326 hic
1963 2299 2105 2325 mentem
2117 2300 2169 2324 ve·

1298 2344 1394 2376 stram
1419 2352 1486 2375 non
1508 2341 1591 2375 bene
1611 2339 1784 2385 intelligo.
1804 2339 1894 2375 Nam
1917 2341 1972 2374 illa
1985 2340 2168 2380 vocabula,

1298 2393 1409 2426 Videns
1434 2415 1445 2433 ‚
1468 2392 1594 2425 audiens
1627 2415 1638 2430 ,
1656 2399 1781 2434 tangens
1799 2415 1810 2431 ‚
1843 2391 1904 2426 &c-
1930 2392 2011 2425 sumi
2038 2391 2168 2434 possunt

1299 2441 1426 2477 duobus
1440 2440 1571 2481 modis,
1599 2441 1701 2484 iisque
1722 2440 1815 2475 valde
1837 2440 1966 2476 diversis
1989 2441 2170 2484 &dispara-

1301 2494 1343 2526 tis
1357 2505 1368 2525 ι
1398 2491 1550 2526 videlicet
1572 2492 1606 2525 in
1618 2490 1861 2535 fignificatione
1882 2491 2063 2535 participii,
2086 2490 2169 2525 &in

1298 2541 1538 2587 significatione
1560 2541 1705 2575 nominis
1717 2539 1945 2583 participialis:
1966 2538 2008 2574 de
2027 2550 2167 2584 quarum

1299 2591 1437 2626 duarum
1460 2591 1735 2635 significationum
1751 2588 1933 2622 differentia
1953 2589 2005 2633 egi
2028 2590 2061 2622 in
2085 2588 2168 2623 meis

1302 2640 1564 2684 Prodidagmatis
1575 2637 1652 2682 disp.
1665 2649 1695 2683 9.
1708 2638 1778 2671 dub.
1789 2648 1823 2684 3.
1834 2641 1880 2670 Et
1891 2637 1967 2680 disp.
1983 2648 2036 2674 20.
2048 2638 2117 2672 dub.
2132 2649 2169 2686 3.

1301 2690 1356 2727 Ut
1365 2689 1444 2734 ergo
1467 2689 1538 2725 haec
1567 2688 1730 2732 intelligas
1751 2712 1763 2729 ,
1781 2687 1836 2721 illa
1856 2689 2024 2723 consulere
2050 2687 2165 2723 debes.

1299 2742 1390 2776 Dum
1413 2739 1571 2774 vocabula
1594 2737 1652 2772 issa
1672 2739 1707 2771 in
1731 2738 1843 2782 vigore
1863 2748 1902 2774 ac
1926 2738 2168 2782 fignificatione

1301 2790 1459 2834 participii
1475 2791 1646 2824 sumuntur
1660 2812 1670 2828 ,
1681 2785 1864 2832 fignificant
1875 2788 1918 2821 de
1926 2789 2054 2822 formali
2063 2789 2168 2825 astua-

1302 2842 1366 2875 lem
1380 2840 1557 2880 vifionem,
1577 2837 1782 2874 auditionem
1792 2862 1801 2877 ,
1820 2839 1996 2872 maionem
2008 2863 2019 2878 ‚
2036 2838 2097 2872 &c-
2109 2837 2167 2871 Fa·

1301 2891 1459 2934 ciuntque
1478 2888 1568 2924 hunc
1592 2889 1720 2922 sensum
1746 2901 1758 2922 .·-
1781 2887 1854 2921 Effe
1876 2899 1987 2923 verum
2010 2888 2167 2928 brutum,

1301 2951 1478 2984 verumque
1488 2939 1611 2974 animal
1632 2938 1676 2973 est
1688 2939 1749 2974 effe
1769 2938 1840 2971 astu
1853 2937 1970 2973 videns
1981 2962 1993 2979 ,
2014 2940 2086 2972 adiu
2104 2949 2167 2973 au-

1301 2991 1414 3032 diens,
1435 2991 1679 3033 aetuvtangens,
1702 2989 1763 3023 &e.
1774 2988 1867 3021 Dum
1894 2988 1972 3022 vero
1994 2988 2165 3022 sumuntur

1303 3042 1336 3076 in
1348 3041 1462 3086 vigore
1480 3041 1515 3074 δε
1525 3039 1766 3084 significatione
1775 3038 1922 3072 nominis
1934 3036 2142 3081 participialis
2157 3057 2171 3077 ,

1301 3092 1343 3126 de
1353 3091 1484 3125 formali
1495 3089 1681 3134 significant
1692 3087 1887 3132 principium
1902 3089 1956 3121 seu
1981 3088 2164 3128 potentiam

1303 3142 1437 3176 videndi
1457 3164 1467 3180 ‚
1484 3139 1639 3185 tangendi
1650 3161 1661 3178 ,
1679 3136 1856 3177 audiendi,
1875 3137 1935 3172 &c-
1962 3136 2165 3181 Faciuntquc

1305 3191 1393 3226 hunc
1413 3192 1558 3226 sensum:
1584 3191 1656 3226 Esse
1674 3198 1783 3223 verum
1803 3186 1934 3221 brutum
1957 3210 1969 3227 ‚
1990 3197 2166 3231 verumque

1305 3242 1428 3276 animal
1439 3242 1482 3276 est
1494 3241 1556 3275 effe
1568 3250 1685 3284 potens
1703 3240 1856 3280 &aptum
1876 3235 1982 3271 Videre
1992 3262 2004 3279 ‚
2030 3237 2142 3271 audire
2153 3259 2165 3276 2

1307 3302 1458 3336 tangere,
1480 3293 1542 3327 διε.
1555 3292 1629 3326 Sive
1644 3289 1750 3335 potius
1761 3286 1850 3321 hunc
1861 3300 1872 3321 .·
1889 3286 1962 3321 Effe
1977 3286 2098 3321 animal
2117 3287 2165 3320 est.

1305 3343 1369 3376 effe
1381 3343 1518 3377 vifiuum
1530 3366 1542 3382 ‚
1561 3341 1762 3378 auditivum,
1785 3337 1939 3371 tafflvum
1952 3361 1964 3378 ‚
1987 3338 2049 3371 &c.
2071 3334 2164 3382 Qid

385 3408 466 3433 meae
475 3401 597 3440 menti,
624 3410 765 3441 meaeque
786 3396 1007 3441 Philosophiae
1030 3394 1172 3431 omuino
1189 3393 1264 3443 dis-3
1308 3391 1388 3437 ergo
1399 3392 1510 3427 dicitis
1523 3389 1794 3440 Marpurgenfes?
1820 3386 1998 3433 ansensu
2014 3385 2166 3427 loquimi-

379 3447 538 3491 ssutanea
559 3471 567 3480 ·
601 3448 840 3492 Aggrediamur
862 3447 940 3497 ergo
966 3446 1023 3481 illa
1044 3470 1056 3486 ,
1089 3454 1249 3480 memores
1309 3442 1372 3478 ni?
1397 3444 1435 3482 ln
1448 3454 1511 3489 qua
1531 3438 1765 3488 fignificatioue
1790 3446 1888 3474 voces
1903 3436 1977 3471 istas
1988 3435 2165 3478 usurpatis?

2028 3485 2066 3518 In
2084 3484 2118 3519 fi-
