2384 3770
634 169 967 214 SANcri

1041 165 1589 207 Auo-usr1u1.

1981 174 2041 221 71

248 263 320 288 rure
333 259 468 296 paterno
478 276 485 285 ,
515 250 558 283 Et
577 248 734 293 quoniam
749 247 925 291 Augustini
945 248 1130 281 societatem
1195 244 1233 286 est
1243 268 1255 284 ,
1280 244 1313 276 (9
1321 241 1495 284 fifibiforte*
1505 243 1542 275 de
1551 241 1602 288 bis
1610 240 1689 294 satis
1701 246 1821 294 minime*
1825 244 1964 289 fecissem
1973 269 1986 287 ,
2006 245 2075 289 sua

248 295 376 338 arn'abat
400 298 617 336 ardentissime
635 325 646 342 ‚
671 298 794 333 obtulit
805 297 835 330 ei
847 296 996 330 rusistud
1009 322 1020 337 ,
1046 298 1134 341 aiens
1194 301 1303 328 animae
1319 290 1540 335 consulturum:
1569 296 1663 332 Aeque
1685 297 1729 324 ita
1751 293 1788 326 ab
1809 296 1968 337 omnibus,
1993 297 2077 339 apud

74 331 138 376 ΕΡ·
154 340 230 377 ῙῙ4·
248 353 280 387 se
295 352 402 386 caussa
427 351 538 387 matris
552 362 619 384 non
640 350 730 392 pofl‘e
751 347 858 381 venire
871 345 1054 391 Tagastam
1076 349 1130 382 seu
1191 355 1265 388 quoi·
1282 354 1406 386 magnus
1430 345 1464 376 Θ
1477 342 1582 375 dedus
1594 341 1772 384 videbatur,
1799 345 1877 379 nibil
1897 346 2016 390 volume
2040 351 2074 380 in

248 401 288 436 ad
301 401 581 446 rusTagastense:
607 398 670 432 Cui
682 398 723 431 fic
736 395 903 440 respondit
916 398 1133 442 Augustinus.

76 455 138 500 Ep.
154 457 230 494 116.
248 452 369 491 Restare
393 460 484 484 ursum
507 451 596 485 vides
606 472 617 488 ,
644 457 677 479 ut
696 457 730 480 tu
743 457 852 489 quoque
864 451 897 478 in
909 458 1059 481 commune
1070 459 1135 481 con·

245 501 331 546 sulas
351 526 361 541 ,
386 513 442 544 quo
462 506 605 536 vivamus
615 497 704 538 simul
715 522 722 528 .
749 497 844 540 ,Quod
863 502 942 529 enim
955 509 1020 531 cum
1033 508 1145 532 matre·

248 553 395 596 agendum
407 549 445 592 sit
457 573 468 589 ‚
493 559 582 590 quam
600 549 679 580 certe
691 547 796 590 frater
807 547 907 583 Viblor
929 560 989 580 non
1001 547 1108 590 deflerit
1123 572 1133 588 ‚

249 612 283 635 tu
303 603 394 635 multo
414 600 518 635 melius
537 598 630 631 calles
650 609 740 639 quam
761 609 827 642 ego.
857 596 952 631 Patet
972 610 1052 643 ergo
1075 597 1132 631 ho·-

249 653 302 686 sce
321 651 404 684 duos
422 649 546 684 amicos
560 647 594 681 in
617 647 730 681 Africa
752 658 819 681 nou
833 646 1049 682 cohabitasse.
1076 647 1135 682 Di-

249 700 305 734 visi
325 701 433 743 fuere,
457 697 536 733 dum
547 709 588 731 ex
602 698 695 731 Italia
713 696 873 739 advenere
886 698 1131 742 Carthaginem:

249 750 351 785 Tunc
374 758 514 792 namque
540 747 717 786 Nebridius
745 748 825 781 lares
847 757 998 791 paternos
1015 747 1108 790 petiit
1123 771 1134 786 ,

247 799 456 844 Augustinus
478 799 560 832 vero⁴
575 808 612 832 ac
627 797 759 840 Alipius
784 796 963 840 hospitium
985 808 1132 841 accepere

248 849 335 893 apud
359 849 593 886 Innocentium
618 847 869 883 Exadvocatum
883 847 1007 882 vicariae
1020 847 1132 881 Praefe·

249 901 360 934 sturae.

77 960 180 995 serm·
201 969 235 1008 4,
298 948 435 983 Tertius
458 959 546 983 error
565 947 610 981 est
634 947 667 980 in
683 944 733 980 his
747 945 870 981 verbis.
898 949 1036 981 Valerius
1049 947 1134 980 dedit

80 1021 114 1058 5,
139 1019 197 1057 39,
250 998 324 1034 mibi
346 998 495 1032 hortulum
515 1003 547 1033 in
556 1001 667 1033 Et'emo
678 996 845 1040 agentibus
851 996 1037 1043 segregatum
1051 1021 1061 1037 ,
1082 996 1134 1030 ubi·

187 1055 190 1058 ’
250 1051 343 1086 multa
366 1049 462 1082 labare
481 1047 637 1093 fatigatus
658 1046 807 1088 aedzfimre
819 1055 895 1088 caepi
907 1046 1108 1085 monasterium
1122 1071 1132 1087 ,

250 1101 285 1133 ὁ*
307 1104 483 1143 congregavi
503 1104 539 1131 in
559 1108 650 1130 unum
667 1095 771 1140 servos
785 1100 841 1129 Dei
850 1107 906 1139 per
919 1108 1039 1131 nemora
1050 1096 1134 1129 babi-

250 1157 372 1181 tantes.
401 1148 532 1184 Falsum
555 1146 674 1190 quippe
694 1145 739 1179 est
764 1146 896 1181 hortum
921 1147 1131 1182 Valerianum

251 1199 346 1234 fuifl‘e
372 1197 406 1231 in
430 1198 549 1233 Eremo
571 1197 773 1240 segregatum
794 1197 811 1229 a
837 1198 994 1241 gentibus
1013 1211 1024 1230 .·
1057 1198 1133 1235 Erat

1192 393 1215 438 s
1209 405 1255 427 :1ae
1269 392 1359 436 seHae
1370 395 1523 436 affertione
1523 394 1686 433 judicatus
1695 391 1735 442 est
1746 416 1753 423 .
1779 394 1864 435 Quia
1873 396 1899 429 il
1901 397 1927 429 l'e
1936 395 2072 438 confusio-

1194 455 1231 479 ne
1241 443 1366 484 assellus
1380 467 1390 482 ‚
1416 445 1450 477 Θ
1457 441 1598 486 sequenti
1605 450 1736 483 tempore
1743 443 1781 474 de
1794 444 1974 489 Hipponenfi
1990 451 2072 480 cim-

1173 510 1177 515 ·
1194 503 1258 528 tate
1273 492 1444 536 proflatu,
1473 494 1519 526 ad
1536 491 1661 537 eandem
1684 492 1813 534 amplius
1823 503 1881 525 non
1891 501 2039 530 remeavit
2064 521 2073 530 .

1195 544 1232 581 ln
1256 544 1325 587 ejus
1343 553 1451 577 tamen
1465 542 1577 581 locum
1590 542 1678 576 venit
1690 542 1773 575 alius
1784 541 1920 584 quidam
1943 544 2078 589 Presby.

2104 528 2258 599 >spineis

1195 604 1264 634 ter,
1291 593 1380 636 cujus
1405 604 1528 627 nomen
1553 593 1760 638 ignoramus.
1787 591 1933 627 Proinde
1954 591 1995 626 ab
2016 595 2077 630 isto
2094 606 2177 644 244.
2206 604 2208 606 ’
2235 604 2253 625 *²

1193 644 1314 688 timido
1335 655 1373 677 ac
1400 643 1544 688 fugitivo
1554 644 1740 680 Fortunato
1762 641 1890 676 nullum
1901 642 1950 676 fui
1961 644 2078 687 pericu.

1195 695 1262 731 lum
1286 705 1352 728 tam
1371 693 1553 728 crudelium
1567 694 1751 727 insidiarum
1764 717 1771 724 .

1241 745 1391 792 Qintus
1403 754 1490 777 error
1509 743 1554 776 est
1568 743 1602 776 in
1616 742 1667 777 his
1677 743 1783 777 verbis
1794 768 1801 774 .
1827 747 2018 787 Cavereergo
2029 744 2081 776 Ia-

1194 796 1323 828 cerdotes
1336 818 1347 833 ,
1375 804 1412 827 ne
1426 795 1534 835 aliquis
1547 792 1672 835 vestrum
1684 794 1794 826 audeat
1804 791 1959 836 insurgere
1977 803 2082 827 contra

1196 843 1385 886 Praepofitum
1406 845 1457 877 vel
1471 842 1676 884 Presbyterum
1690 868 1701 883 ,
1727 850 1778 886 qui
1796 849 1930 876 ,omnium
1952 842 2082 882 vestrum

1194 905 1295 933 ruram
1314 900 1410 941 gerit.
1442 892 1490 928 Ita
1505 893 1706 937 loquituribi
1720 892 1926 940 Augustinus
1947 893 2081 936 Episco-

1197 955 1254 986 pus
1279 945 1319 976 ad
1346 944 1420 977 suos
1441 943 1588 978 Clericus
1598 942 1798 988 Regulares.
1827 942 1895 984 lta,
1924 943 2079 986 inquam,

1196 993 1242 1027 ibi
1268 993 1521 1038 loqui-dicitur.
1548 994 1595 1030 At
1620 994 1770 1037 peffime3
1798 993 1923 1027 Laicus
1938 1004 2083 1036 namque

1197 1042 1384 1085 Praepofitus
1405 1053 1443 1075 ac
1464 1043 1554 1084 supra
1568 1043 1673 1085 ipsum
1686 1044 1838 1078 omnium
1846 1050 1956 1078 curam
1968 1052 2084 1088 gerens

1196 1092 1365 1136 Presbyter
1383 1115 1394 1130 ,
1419 1092 1461 1125 de
1482 1091 1599 1135 quibus
1627 1091 1833 1138 Augustinus
1852 1094 1885 1126 in
1913 1093 2043 1139 Regula
2070 1117 2083 1135 ,

1194 1153 1286 1179 erant
1307 1141 1441 1186 praefesti
1467 1139 1706 1185 monachorum
1729 1167 1740 1183 ‚
1769 1153 1974 1187 nequaquam
1992 1143 2085 1178 cleri-

1195 1203 1329 1227 corum.
1355 1192 1420 1225 His
1435 1202 1561 1234 praeerat
1578 1192 1766 1227 immediate
1778 1193 1904 1226 sanstus
1926 1192 2085 1237 Augusti-

253 1258 397 1290 namque
418 1247 453 1281 in
474 1257 553 1291 agro
576 1245 780 1286 suburbano,
808 1246 891 1280 intra
915 1246 1036 1281 limites
1048 1259 1135 1289 paror
1188 1254 1257 1277 anus
1273 1266 1281 1275 ·
1309 1242 1411 1288 Qod
1434 1241 1531 1288 ῥρτῐό
1545 1242 1724 1285 Episcopus
1737 1242 1942 1287 Augustinus
1967 1243 1999 1275 in
2014 1243 2085 1276 Do·
2252 1283 2255 1286 ,

252 1296 335 1330 chiae
347 1295 584 1338 Hipponensis.
611 1295 742 1327 Falsum
764 1306 895 1339 quoque
916 1297 962 1330 est
980 1285 1153 1330 comestos?
1196 1304 1253 1333 mo
1266 1291 1451 1335 Episcopali
1467 1292 1594 1325 nullum
1610 1292 1668 1326 sub
1688 1295 1721 1327 se
1740 1291 1889 1327 habuerit
1911 1293 2084 1333 Decanum
2100 1280 2183 1326 C29·
2196 1290 2253 1329 24·

250 1346 345 1380 fuifle
365 1345 407 1384 ab
420 1343 608 1390 Augustino
631 1344 735 1378 servos
748 1343 812 1377 Dei
837 1357 891 1388 per
902 1356 1034 1386 nemora
1048 1346 1133 1383 habi-

251 1405 357 1430 tantes
371 1420 378 1427 .
401 1395 535 1432 Etenim
548 1395 648 1436 usque
665 1394 703 1427 ad
718 1394 896 1439 Augustini
909 1407 1055 1438 tempora
1068 1397 1135 1435 nul-

187 1467 191 1470 ·
251 1445 304 1481 los
326 1445 448 1479 viderat
463 1445 571 1482 Africa
584 1442 762 1478 monachos
777 1469 787 1486 ,
813 1446 895 1479 adeo
909 1457 942 1485 ut
953 1447 1136 1482 Donatistae

252 1506 329 1529 eum
352 1493 604 1532 introductorem
629 1494 852 1538 Augustinum
877 1495 919 1529 de
940 1495 1134 1533 introduflis

253 1543 347 1578 novis
370 1544 523 1579 monstris
543 1545 605 1580 fint
615 1545 807 1577 calumniati
821 1568 828 1575 .
860 1545 952 1578 Hinc
974 1547 1051 1581 falsa
1063 1547 1135 1579 sunt

83 1584 150 1624 3⁶¹¹·
185 1592 240 1635 ¹7·
254 1593 357 1628 etiarn
375 1593 442 1628 haec
468 1594 581 1629 verba.
611 1594 709 1636 Aliqui
727 1592 798 1635 sunt
820 1606 858 1626 ex
885 1596 995 1634 vobis,
1021 1601 1070 1638 qui
1080 1605 1137 1636 per

255 1655 350 1681 annos
362 1644 505 1691 ot‘loginta
518 1646 552 1678 (τ
565 1645 694 1684 amplius
706 1649 743 1675 in
755 1646 864 1680 Eremo
881 1644 1138 1688 suntsam‘lifflme‘

255 1692 437 1736 conversati.
463 1695 545 1728 item
566 1692 636 1728 haec
657 1694 749 1727 verba
762 1694 802 1726 de
814 1694 934 1728 eisdem
949 1696 1100 1730 Eremitis
1129 1720 1136 1727 .

82 1747 181 1785 serm,
206 1762 239 1799 5,
257 1745 417 1785 Numquid
434 1746 505 1778 ven³
521 1743 644 1784 fratres
661 1750 718 1777 mei
734 1747 767 1776 Θ
783 1747 891 1777 Patres
912 1745 985 1789 Jimt
1001 1747 1017 1778 ,ἓ
1043 1751 1137 1778 Num·

255 1794 332 1835 quid
346 1801 402 1834 per·
421 1805 516 1827 eorum
527 1795 665 1834 exempla
676 1795 719 1825 ad
732 1801 818 1826 vlam
831 1800 975 1832 veritatis
986 1802 1112 1837 perveni
1125 1798 1137 1828 ?

256 1843 417 1885 Numquid
436 1855 483 1876 eos
500 1842 615 1885 semper
626 1844 741 1882 dilexi,
771 1846 804 1877 (5
817 1856 914 1886 eorum
924 1844 1062 1889 sanc‘lam
1074 1857 1137 1882 con-

256 1892 450 1935 versationem
467 1893 585 1936 semper
596 1893 786 1932 desideravi?
815 1893 866 1929 Ex
893 1894 945 1929 his
963 1906 1047 1938 patet
1072 1898 1137 1928 Au-

257 1945 380 1976 storem
406 1942 502 1981 istum
517 1942 763 1985 Augustinianae
774 1945 996 1978 conversionis
1018 1957 1055 1978 ac
1074 1948 1137 1977 Au-

258 1991 451 2034 gustinenfis
474 1992 644 2025 monastici
667 1991 805 2025 instituti
828 1992 918 2025 fuiffe
939 1993 1138 2041 penitusim·

259 2039 397 2085 peritum
409 2062 417 2071 .

88 2107 154 2143 Set.
167 2117 197 2156 4*
209 2117 240 2154 ς’
255 2137 318 2174 rius
331 2137 422 2176 noster
432 2137 611 2178 fortunatus
623 2138 775 2177 adpartes
791 2145 934 2179 pervenit
944 2163 954 2177 ‚
983 2140 1135 2172 ideo'redi-

253 2198 286 2221 re
305 2192 469 2228 Hipponem
489 2192 606 2223 omnino
622 2187 773 2227 compellor
785 2211 795 2226 ‚
819 2192 939 2228 cupiens
951 2190 1036 2222 illum
1052 2190 1134 2221 vide-

254 2249 286 2271 re
298 2262 308 2276 ,
335 2239 368 2271 &
389 2248 455 2269 cum
467 2248 497 2268 eo
507 2242 624 2278 pariter
636 2235 794 2278 disputare
808 2252 826 2268 .·
840 2237 909 2279 Ipse
927 2244 1006 2271 enim
1017 2248 1077 2271 toto
1090 2237 1136 2279 af—

247 2287 332 2328 fet‘lu
353 2287 484 2328 dissipare
505 2295 628 2319 conatur
636 2286 734 2327 filios,
763 2298 834 2327 quos
855 2294 959 2327 peperi
969 2294 1001 2320 in
1012 2287 1135 2330 visperi-

86 2346 149 2381 δεῖ,
183 2345 240 2397 36,
257 2337 311 2369 bur
327 2335 508 2371 charitatis.
536 2335 578 2367 Et
603 2335 636 2366 in
660 2334 712 2367 his
726 2359 733 2365 .
760 2337 792 2366 51
815 2347 881 2377 ergo
892 2339 971 2372 ‚Deus
986 2349 1097 2370 mecum
1124 2361 1134 2376 ‚

257 2390 323 2428 quis
338 2393 439 2418 contra
452 2396 497 2416 me
510 2386 521 2417 ?
537 2386 701 2426 Numquid
713 2387 899 2418 Fortunatus
911 2387 964 2419 vel
972 2392 1060 2420 Arius
1071 2398 1136 2420 cum

217 2465 220 2468 Δ
249 2433 317 2477 suis
341 2432 477 2475 insidiis?
503 2437 589 2467 Nam
611 2438 682 2475 quia
704 2445 808 2470 verum
831 2440 872 2468 eir
894 2438 982 2476 dm,
1011 2437 1078 2469 a'deaei
1104 2443 1136 2469 in

253 2487 363 2517 Eremo
380 2482 501 2527 infidias
520 2482 594 2515 mibi
602 2481 756 2526 posuerunt
770 2509 781 2523 ,
807 2487 939 2519 volentes
955 2498 999 2519 me
1011 2496 1137 2528 compre-

254 2533 380 2567 hendere
400 2534 568 2568 &occidere
580 2556 594 2571 ,
620 2534 655 2567 Θ
677 2540 778 2568 tamen
791 2537 872 2567 Deus
885 2547 930 2568 me
953 2536 1099 2571 liberavit
1128 2562 1134 2570 .

255 2582 368 2618 Primo
378 2609 388 2625 ,
401 2583 524 2630 grande
535 2583 743 2617 mendacium
761 2608 771 2623 ‚
789 2584 981 2629 ssrophaque
994 2587 1133 2625 nimium

254 2634 404 2677 imperita
426 2634 471 2667 est
485 2657 496 2672 ,
522 2633 610 2677 quod
633 2633 836 2678 Augustinus
866 2635 1037 2680 disputarit
1058 2649 1134 2672 cum

253 2683 339 2718 Ario
350 2708 358 2715 .
386 2681 668 2723 Deinde‚=falsum
681 2694 813 2727 quoque
823 2684 889 2726 est,
918 2681 1008 2730 quod
1023 2685 1134 2731 Augu·

253 2732 358 2767 stinus
380 2732 443 2779 jam
459 2731 637 2775 Episcopus
650 2755 661 2771 ,
687 2742 722 2766 ut
743 2733 999 2776 quidemdicunt
1018 2736 1052 2770 hi
1076 2739 1135 2771 ser-

257 2794 374 2819 mones
385 2806 395 2823 ,
406 2782 578 2825 disputarit
598 2792 674 2815 cum
687 2781 868 2818 Fortunato
880 2808 887 2816 .
915 2784 1009 2819 Patet
1021 2785 1085 2820 hoc
1095 2799 1133 2823 ex

257 2833 329 2877 ipso
343 2833 533 2877 Augustino
553 2832 597 2866 fic
617 2831 749 2866 dicente
770 2833 803 2866 in
828 2833 918 2867 libris
931 2837 1054 2870 suarum
1071 2837 1133 2870 Re-

79 2886 154 2924 Lib,
167 2899 195 2926 1,
206 2899 236 2924 c,
257 2885 487 2917 tractationum
500 2906 507 2915 .
533 2883 649 2922 Eodem
658 2890 789 2922 tempore
796 2883 973 2922 Presbyteri}
985 2893 1059 2925 mei,
1071 2898 1134 2920 con-

257 2942 308 2967 tra
318 2938 518 2967 Fortunatam
529 2934 688 2976 quemdam
699 2932 918 2974 Manicbeorum
930 2931 1134 2975 Prerbyrerum

256 2982 432 3026 disputavi,
460 2987 513 3024 qui
528 2985 694 3024 plurimum
714 2989 852 3024 temporis
877 2986 963 3025 apud
971 2987 1133 3027 Hipponem

255 3039 381 3067 vixerat
392 3057 403 3072 ,
425 3031 645 3075 seduxeratque
656 3041 720 3064 tam
734 3035 839 3066 multos
851 3058 861 3074 ,
891 3042 924 3067 ut
931 3042 1053 3076 propter
1067 3037 1131 3070 illos

254 3094 322 3117 eum
348 3083 389 3116 ibi
403 3081 559 3116 deleeiaret
578 3082 733 3115 babitare.
760 3082 902 3122 Tertio,
929 3084 1043 3120 falsum
1064 3086 1108 3120 est
1122 3111 1132 3127 ‚

257 3132 347 3177 quod
365 3134 564 3170 Fortunatus
585 3132 641 3166 iste
651 3132 799 3166 struxerit
811 3133 999 3177 Augustino
1011 3136 1046 3169 in
1060 3136 1132 3170 Ere·

254 3193 312 3217 mo
331 3182 475 3218 infidias.
507 3181 601 3216 Patet
625 3182 657 3215 id
681 3193 720 3215 ex
734 3182 802 3225 ipso
817 3182 1004 3227 Augustino
1015 3186 1131 3220 ficibi-

253 3232 330 3267 dem
346 3232 478 3267 dicente
491 3256 498 3264 .
525 3231 722 3275 Consequenri
745 3233 794 3266 die
805 3236 928 3268 tandem
938 3228 1072 3278 co'nftffias
1093 3236 1130 3278 est

252 3282 332 3317 nibil
340 3281 374 3325 se
393 3283 540 3318 advertus
552 3293 602 3315 nos
613 3288 750 3317 invenire
764 3285 842 3324 quod
853 3285 960 3316 diceret
976 3309 982 3316 .
1009 3290 1075 3320 Nec
1078 3284 1127 3328 sa-

251 3334 289 3366 m‘
310 3331 466 3366 catholicus
486 3332 592 3376 fac‘lus
603 3331 640 3371 est
654 3355 665 3372 ,
686 3330 744 3377 sed
764 3342 864 3365 tamen
887 3333 925 3365 ab
939 3338 1073 3376 Hippone
1083 3338 1128 3368 dt.

73 3379 156 3424 Cap.
164 3380 196 3419 6.
244 3381 335 3426 sceffit
347 3406 355 3414 .
383 3383 427 3416 Et
439 3382 556 3416 clarius
569 3393 609 3417 ex
628 3383 738 3419 saneto
751 3382 913 3417 Poffidio.
941 3388 1127 3419 Fortunatus

249 3431 389 3474 deficiens
410 3430 587 3475 responsione
600 3456 612 3473 ,
637 3433 740 3466 ultima
761 3434 933 3467 collaturam
949 3433 983 3478 se
995 3445 1059 3470 cum
1065 3434 1126 3478 suir

248 3481 411 3524 majoribus
430 3493 482 3525 ea,
509 3493 578 3527 quae
588 3482 720 3525 refellere
730 3494 790 3518 non
810 3489 931 3527 potuit,
955 3484 1125 3530 prosecutur

307 2090 452 2134 Qartus
473 2099 559 2121 error
578 2089 622 2120 est
636 2089 669 2120 in
683 2088 734 2121 his
747 2089 864 2128 verbiS.
897 2093 981 2132 ,Quia
993 2090 1139 2132 adversa-

1197 1354 1253 1377 aut
1273 1342 1476 1381 claustralem
1499 1341 1668 1383 Priorem,
1701 1342 1774 1376 satis
1797 1352 1942 1385 patenter
1954 1343 2085 1387 colligi-

1199 1403 1252 1428 tur
1274 1405 1314 1425 ex
1340 1393 1449 1426 saniio
1464 1391 1633 1432 Poffidio,
1659 1403 1699 1425 ex
1713 1391 1834 1427 acrisia
1859 1391 2086 1438 designatione

1203 1442 1312 1477 Eradii
1333 1444 1431 1476 futuri
1457 1442 1526 1485 post
1541 1443 1765 1487 Augustinnm
1776 1442 1951 1486 Episcopi,
1963 1455 2001 1477 ac
2012 1454 2086 1485 prae·

1202 1493 1309 1534 sertim
1339 1504 1379 1525 ex
1407 1491 1553 1525 moribus
1574 1492 1709 1525 istorum
1738 1503 1920 1536 temporum
1948 1493 2086 1526 necdum

1203 1542 1452 1588 agnoscentium
1467 1541 1625 1584 ejusmodi
1641 1542 1839 1576 subfidiarias
1852 1542 2059 1583 Praefeauras
2076 1567 2083 1574 .

1252 1594 1368 1627 Sextus
1392 1602 1479 1625 error
1497 1591 1543 1624 est
1557 1592 1590 1624 in
1603 1590 1652 1624 his
1668 1591 1791 1625 verbis.
1820 1593 1962 1630 similiter
1974 1593 2087 1625 accedit

1195 1645 1226 1686 J
1229 1648 1354 1675 anuario
1374 1641 1465 1687 nostra
1480 1667 1486 1673 .
1517 1644 1731 1684 Paupertatem
1738 1640 1864 1684 servare
1874 1641 2006 1683 promifit
2018 1666 2028 1681 ,
2054 1644 2088 1675 (5

1203 1702 1302 1725 tamen
1327 1698 1453 1725 vineam
1466 1694 1499 1724 (5
1510 1702 1614 1735 agrum
1629 1693 1711 1724 nobis
1723 1693 1927 1735 ignorantibus
1939 1698 1971 1725 in
1981 1691 2089 1734 saeculo

1200 1742 1371 1785 poffldebat.
1399 1745 1445 1773 Et
1459 1741 1620 1781 obstinatus
1632 1748 1664 1774 in
1671 1740 1725 1785 suo
1734 1740 1822 1785 sensu
1832 1767 1842 1783 ‚
1857 1741 1939 1775 nobis
1952 1747 2089 1785 ignoran-

1203 1793 1281 1826 tibus
1292 1818 1302 1832 ,
1330 1791 1536 1831 testamentum
1540 1792 1618 1833 fecit
1627 1816 1638 1832 ,
1667 1793 1700 1825 (3·
1709 1790 1801 1834 filium
1815 1816 1826 1832 ‚
1865 1804 1950 1834 quem
1960 1790 2089 1825 habebat

1204 1850 1235 1875 in
1249 1841 1377 1885 saeeulo,
1403 1844 1541 1874 ditavit.
1570 1843 1698 1875 Falsum
1711 1842 1754 1875 est
1768 1866 1778 1880 ‚
1805 1842 1894 1884 quod
1915 1840 2089 1885 Presbyter

1204 1894 1371 1939 Januarius
1381 1892 1440 1925 fibi
1453 1891 1583 1924 occulte
1595 1891 1763 1924 retinuerit
1777 1891 1904 1925 vineam
1919 1891 1951 1927 ,δε
1963 1902 2087 1936 agrurn.

1205 1942 1298 1977 Patet
1319 1941 1352 1973 id
1364 1951 1404 1973 ex
1414 1940 1486 1982 ipso
1502 1941 1612 1973 sancto
1625 1939 1815 1987 Augustino
1827 1964 1838 1981 ,
1865 1941 1922 1984 qui
1935 1941 1969 1974 in
1982 1941 2090 1985 primo

1204 1991 1243 2024 de
1266 1988 1642 2030 communiclericorum
1666 1992 1733 2023 vita
1747 1990 1915 2032 sermone,
1942 1991 2088 2036 Ianuarii

1203 2040 1311 2081 casum
1339 2038 1572 2076 accuratissime
1591 2040 1685 2072 refert
1707 2063 1718 2079 ,
1743 2040 1778 2075 δε
1796 2038 1878 2075 dicit
1899 2038 1946 2077 fic
1964 2065 1972 2072 .
1998 2046 2089 2080 Venit

1201 2093 1296 2126 etiam
1316 2089 1362 2119 ad
1382 2098 1434 2119 nos
1463 2087 1620 2124 Presbyter
1632 2090 1663 2131 J
1667 2083 1833 2130 anuarius,
1860 2097 1910 2132 qui
1923 2092 2089 2126 videbatur

1197 2135 1254 2179 sua
1276 2135 1387 2175 honeste*
1406 2137 1553 2178 erogando
1570 2158 1580 2174 ,
1609 2134 1692 2177 quast
1710 2136 1903 2182 consumpfisse
1915 2164 1925 2179 ‚
1947 2141 2005 2184 sed
2029 2153 2088 2174 mm

1199 2185 1369 2229 consumpsit
1383 2211 1389 2218 .
1419 2184 1571 2225 Remanfit
1593 2187 1637 2218 illi
1649 2188 1790 2228 quaedam
1797 2196 1873 2228 pars
1882 2197 2017 2230 pecuniae
2033 2215 2043 2230 ,
2054 2192 2089 2223 id

1198 2236 1257 2276 est,
1283 2244 1463 2279 argentum,
1490 2236 1571 2282 quod
1589 2236 1698 2269 diceret
1721 2237 1772 2280 esse
1784 2236 1860 2278 filiae
1880 2237 1944 2283 suae
1963 2265 1971 2272 .
2001 2242 2088 2274 Filia

1199 2285 1307 2327 ipfius,
1334 2287 1392 2317 Deo
1409 2290 1539 2326 prppitio
1550 2310 1561 2326 ‚
1591 2291 1622 2317 in
1635 2287 1806 2325 monasterio
1820 2287 2023 2328 faeminarum
2052 2292 2085 2324 Θ·

1199 2335 1282 2367 bonae
1300 2333 1364 2381 spei
1384 2334 1442 2372 eli.
1471 2335 1579 2376 Ecce,
1609 2335 1777 2378 Ianuarius
1791 2339 1903 2370 nonin
1925 2341 2022 2374 vinea
2032 2351 2089 2375 aut

1199 2396 1279 2429 agro
1299 2384 1426 2418 occulte
1440 2384 1575 2428 postesse
1588 2407 1599 2422 ‚
1623 2385 1676 2423 sed
1692 2385 1725 2417 in
1738 2387 1876 2429 pecunia
1898 2412 1908 2428 ‚
1935 2399 2034 2432 quam
2048 2391 2086 2423 fi·

1200 2435 1248 2470 11ae
1258 2435 1322 2468 suae
1334 2434 1396 2468 effe
1407 2435 1545 2476 diceret,
1574 2434 1716 2483 ideoque
1740 2447 1812 2469 eam
1827 2448 1993 2479 tamquam
2008 2439 2083 2473 filiae

1198 2485 1380 2527 depositum
1406 2484 1511 2527 palam
1535 2485 1697 2532 seruaret,
1724 2486 1888 2523 commisit
1913 2500 2082 2532 peccatum

1199 2535 1416 2579 proprietatis.
1446 2534 1578 2568 Falsum'
1600 2545 1732 2578 quoque
1762 2535 1806 2569 est
1822 2561 1832 2576 ‚
1859 2538 1947 2578 quod
1961 2539 2083 2584 Janua-

1198 2579 1478 2628 rius‘testamento
1498 2585 1555 2617 suo
1567 2583 1672 2626 filium
1684 2610 1694 2626 ,
1722 2597 1818 2627 quem
1833 2585 1969 2625 habebat
1985 2590 2018 2623 in
2034 2591 2085 2624 sae.

1199 2635 1275 2669 culo
1287 2659 1298 2675 ‚
1324 2634 1434 2668 ditarit
1445 2659 1452 2666 .
1477 2634 1607 2667 Etenim
1622 2659 1632 2674 ,
1648 2645 1684 2668 ut
1702 2634 1820 2680 ibidem
1832 2638 1912 2672 dicit
1926 2639 2085 2684 Auguffi·

1200 2695 1282 2725 nus,
1309 2683 1466 2723 Ecclesiam
1472 2682 1587 2727 scripfit
1604 2683 1751 2718 baeredem
1763 2711 1770 2720 .
1799 2687 1932 2723 Deinde
1945 2714 1954 2729 ,
1967 2690 2083 2732 Janua-

1198 2737 1265 2769 rius
1288 2734 1416 2768 nullum
1431 2733 1544 2769 habuit
1557 2735 1590 2771 in
1605 2734 1718 2778 saeculo
1735 2736 1842 2770 filium
1854 2759 1865 2776 ,
1890 2737 1977 2772 filius
1989 2740 2083 2782 quip-

1200 2796 1238 2828 pe
1259 2785 1327 2828 ejus
1353 2795 1420 2818 erat
1436 2785 1534 2828 etiam
1558 2784 1591 2818 in
1608 2784 1805 2823 monasterio
1824 2811 1830 2818 .
1859 2787 2079 2832 Tantumque

1198 2834 1283 2874 abest
1305 2835 1410 2878 ipsum
1433 2834 1450 2867 a
1465 2833 1560 2869 Patre
1571 2845 1625 2877 per
1639 2834 1868 2874 testamentum
1891 2838 1983 2878 fuisse
1999 2839 2082 2872 dita·

1198 2895 1270 2918 tum
1283 2907 1293 2923 ,
1319 2895 1354 2918 ut
1366 2885 1399 2926 ἀ
1414 2883 1480 2928 ipse
1502 2884 1535 2919 ἀ
1548 2885 1636 2918 soror
1650 2884 1716 2927 ejus
1728 2884 1850 2919 fuerint
1871 2888 2016 2931 expresse
2027 2900 2081 2922 ex-

1198 2933 1346 2968 haeredati
1358 2958 1366 2966 .
1392 2935 1446 2969 Sic
1458 2946 1600 2977 namque
1612 2934 1692 2969 dicit
1709 2934 1828 2969 ibidem
1853 2936 2060 2980 Augustinus
2072 2962 2080 2968 .

1197 2987 1279 3018 Filia
1289 2983 1376 3025 ipfius
1392 2989 1425 3025 in
1438 2984 1810 3028 monasteriofaeminarum
1822 2985 1859 3025 est
1868 3010 1878 3026 ,
1901 2987 1982 3031 filius
1993 2988 2082 3030 ipsius

1195 3040 1227 3067 in
1247 3034 1416 3073 monasterio
1437 3042 1573 3075 virorum
1586 3035 1639 3074 est.
1671 3035 1778 3067 Ambos
1788 3035 2017 3075 exhaeredavit:
2044 3038 2082 3070 1!-

1193 3085 1256 3118 lam
1278 3095 1343 3117 cum
1362 3084 1473 3125 laude,
1502 3085 1585 3123 istum
1598 3095 1661 3117 cum
1682 3085 1789 3127 elogio,
1815 3086 1892 3127 idest
1905 3111 1914 3126 ‚
1927 3098 1989 3119 cum
1998 3093 2080 3119 viiu—

1187 3140 1362 3176 peratione.
1388 3134 1528 3173 Constat
1552 3144 1628 3166 ecce
1652 3133 1786 3175 istorum
1812 3137 1998 3170 sermonum
2012 3138 2082 3171 Au-

1191 3186 1314 3219 ἀοι-ειη
1338 3195 1406 3218 non
1429 3185 1492 3217 esre
1505 3185 1649 3224 sanetum
1664 3185 1889 3232 Augustinurn
1907 3210 1917 3226 ‚
1948 3187 2002 3222 sed
2026 3197 2083 3221 ne-

1191 3235 1258 3268 scio
1278 3245 1375 3276 quem
1403 3233 1680 3276 impudentiffime
1702 3235 1917 3276 mendacem,
1943 3247 2081 3282 auxtpro·

1189 3282 1378 3320 fundiffime
1396 3283 1582 3327 imperitum
1598 3307 1606 3316 .

1927 3537 2031 3575 CA-

2096 765 2194 800 Serm.
2215 763 2254 812 52

2102 1407 2161 1453 Ep.
2177 1418 2194 1445 1
2203 1415 2258 1443 10.

2103 1609 2203 1643 Serm.
2229 1617 2262 1655 5.

2105 2035 2184 2080 Cap.
2197 2043 2229 2068 2.
