<?xml version="1.0" encoding="UTF-8"?>
<!DOCTYPE html PUBLIC "-//W3C//DTD XHTML 1.0 Transitional//EN"
    "http://www.w3.org/TR/xhtml1/DTD/xhtml1-transitional.dtd">
<html xmlns="http://www.w3.org/1999/xhtml" xml:lang="en" lang="en">
 <head>
  <title>
</title>
<meta http-equiv="Content-Type" content="text/html;charset=utf-8" />
  <meta name='ocr-system' content='tesseract 3.04.00' />
  <meta name='ocr-capabilities' content='ocr_page ocr_carea ocr_par ocr_line ocrx_word'/>
</head>
<body>
  <div class='ocr_page' id='page_1' title='image "./operaomniastudio12lupuuoft/operaomniastudio12lupuuoft_0335.png"; bbox 0 0 2384 3770; ppageno 0'>
   <div class='ocr_carea' id='block_1_1' title="bbox 815 145 1491 192">
    <p class='ocr_par' dir='ltr' id='par_1_1' title="bbox 815 145 1491 192">
     <span class='ocr_line' id='line_1_1' title="bbox 815 145 1491 192; baseline 0 -2"><span class='ocrx_word' id='word_1_1' title='bbox 815 145 1491 192; x_wconf 66' lang='lat' dir='ltr'>Defenslours.</span> 
     </span>
    </p>
   </div>
   <div class='ocr_carea' id='block_1_2' title="bbox 155 226 1082 3555">
    <p class='ocr_par' dir='ltr' id='par_1_2' title="bbox 205 226 1082 1562">
     <span class='ocr_line' id='line_1_2' title="bbox 215 226 1082 273; baseline -0.003 -7"><span class='ocrx_word' id='word_1_2' title='bbox 215 241 288 266; x_wconf 73' lang='lat' dir='ltr'>non</span> <span class='ocrx_word' id='word_1_3' title='bbox 312 231 358 266; x_wconf 79' lang='lat' dir='ltr'>est</span> <span class='ocrx_word' id='word_1_4' title='bbox 385 230 471 265; x_wconf 72' lang='lat' dir='ltr'>actio</span> <span class='ocrx_word' id='word_1_5' title='bbox 497 227 681 273; x_wconf 84' lang='lat' dir='ltr'>hetroclyta</span> <span class='ocrx_word' id='word_1_6' title='bbox 701 238 710 270; x_wconf 89' lang='lat'>;</span> <span class='ocrx_word' id='word_1_7' title='bbox 737 229 770 262; x_wconf 77' lang='grc' dir='ltr'>δε</span> <span class='ocrx_word' id='word_1_8' title='bbox 789 229 875 263; x_wconf 70' lang='lat' dir='ltr'>amo</span> <span class='ocrx_word' id='word_1_9' title='bbox 898 226 1082 271; x_wconf 80' lang='lat' dir='ltr'>hetroclyta</span> 
     </span>
     <span class='ocr_line' id='line_1_3' title="bbox 217 278 1082 324; baseline -0.003 -9"><span class='ocrx_word' id='word_1_10' title='bbox 217 281 414 324; x_wconf 81' lang='lat' dir='ltr'>quandoque</span> <span class='ocrx_word' id='word_1_11' title='bbox 439 280 507 321; x_wconf 90' lang='lat' dir='ltr'>est,</span> <span class='ocrx_word' id='word_1_12' title='bbox 532 280 730 324; x_wconf 89' lang='lat' dir='ltr'>quandoque</span> <span class='ocrx_word' id='word_1_13' title='bbox 750 278 872 312; x_wconf 83' lang='lat' dir='ltr'>nonest</span> <span class='ocrx_word' id='word_1_14' title='bbox 883 279 967 311; x_wconf 69' lang='lat' dir='ltr'>astio</span> <span class='ocrx_word' id='word_1_15' title='bbox 991 279 1082 322; x_wconf 83' lang='lat' dir='ltr'>aequi-</span> 
     </span>
     <span class='ocr_line' id='line_1_4' title="bbox 218 327 1082 374; baseline -0.001 -11"><span class='ocrx_word' id='word_1_16' title='bbox 218 340 315 364; x_wconf 81' lang='lat' dir='ltr'>voca.</span> <span class='ocrx_word' id='word_1_17' title='bbox 344 331 492 364; x_wconf 75' lang='lat' dir='ltr'>Probatur</span> <span class='ocrx_word' id='word_1_18' title='bbox 499 335 602 372; x_wconf 76' lang='lat' dir='ltr'>prima</span> <span class='ocrx_word' id='word_1_19' title='bbox 622 334 742 364; x_wconf 75' lang='lat' dir='ltr'>minoris</span> <span class='ocrx_word' id='word_1_20' title='bbox 761 335 861 369; x_wconf 79' lang='lat' dir='ltr'>pars.-</span> <span class='ocrx_word' id='word_1_21' title='bbox 886 327 976 374; x_wconf 84' lang='lat' dir='ltr'>Qia</span> <span class='ocrx_word' id='word_1_22' title='bbox 988 338 1082 372; x_wconf 65' lang='lat' dir='ltr'>gene</span> 
     </span>
     <span class='ocr_line' id='line_1_5' title="bbox 217 377 1082 422; baseline 0 -9"><span class='ocrx_word' id='word_1_23' title='bbox 217 382 302 414; x_wconf 85' lang='lat' dir='ltr'>ratio</span> <span class='ocrx_word' id='word_1_24' title='bbox 322 381 463 415; x_wconf 86' lang='lat' dir='ltr'>Domini</span> <span class='ocrx_word' id='word_1_25' title='bbox 486 379 600 414; x_wconf 83' lang='lat' dir='ltr'>Nostri</span> <span class='ocrx_word' id='word_1_26' title='bbox 625 391 666 413; x_wconf 84' lang='lat' dir='ltr'>ex</span> <span class='ocrx_word' id='word_1_27' title='bbox 686 377 807 420; x_wconf 82' lang='lat' dir='ltr'>Spiritu</span> <span class='ocrx_word' id='word_1_28' title='bbox 835 378 944 411; x_wconf 60' lang='lat' dir='ltr'>saneto</span> <span class='ocrx_word' id='word_1_29' title='bbox 966 389 1006 411; x_wconf 88' lang='lat' dir='ltr'>ex</span> <span class='ocrx_word' id='word_1_30' title='bbox 1029 391 1082 422; x_wconf 90' lang='lat' dir='ltr'>pu-</span> 
     </span>
     <span class='ocr_line' id='line_1_6' title="bbox 215 428 1081 475; baseline -0.001 -12"><span class='ocrx_word' id='word_1_31' title='bbox 215 431 339 465; x_wconf 78' lang='lat' dir='ltr'>rimmo</span> <span class='ocrx_word' id='word_1_32' title='bbox 362 430 529 475; x_wconf 81' lang='lat' dir='ltr'>puriffimae</span> <span class='ocrx_word' id='word_1_33' title='bbox 539 429 686 473; x_wconf 82' lang='lat' dir='ltr'>Virginis</span> <span class='ocrx_word' id='word_1_34' title='bbox 706 428 886 471; x_wconf 73' lang='lat' dir='ltr'>sanguine,</span> <span class='ocrx_word' id='word_1_35' title='bbox 912 430 1081 473; x_wconf 90' lang='lat' dir='ltr'>generatio</span> 
     </span>
     <span class='ocr_line' id='line_1_7' title="bbox 218 477 1080 523; baseline -0.002 -9"><span class='ocrx_word' id='word_1_36' title='bbox 218 480 300 515; x_wconf 74' lang='lat' dir='ltr'>Adae</span> <span class='ocrx_word' id='word_1_37' title='bbox 322 493 362 516; x_wconf 86' lang='lat' dir='ltr'>ex</span> <span class='ocrx_word' id='word_1_38' title='bbox 385 482 468 514; x_wconf 84' lang='lat' dir='ltr'>limo</span> <span class='ocrx_word' id='word_1_39' title='bbox 490 489 577 519; x_wconf 67' lang='lat' dir='ltr'>terras</span> <span class='ocrx_word' id='word_1_40' title='bbox 600 502 611 519; x_wconf 91' lang='lat'>,</span> <span class='ocrx_word' id='word_1_41' title='bbox 636 479 805 523; x_wconf 86' lang='lat' dir='ltr'>generatio</span> <span class='ocrx_word' id='word_1_42' title='bbox 829 477 905 511; x_wconf 84' lang='lat' dir='ltr'>Evae</span> <span class='ocrx_word' id='word_1_43' title='bbox 930 489 971 512; x_wconf 80' lang='lat' dir='ltr'>ex</span> <span class='ocrx_word' id='word_1_44' title='bbox 990 478 1080 513; x_wconf 88' lang='lat' dir='ltr'>costa</span> 
     </span>
     <span class='ocr_line' id='line_1_8' title="bbox 216 527 1082 571; baseline -0.001 -8"><span class='ocrx_word' id='word_1_45' title='bbox 216 530 371 571; x_wconf 64' lang='lat' dir='ltr'>Adnmi‘,</span> <span class='ocrx_word' id='word_1_46' title='bbox 407 531 469 564; x_wconf 60' lang='lat' dir='ltr'>&amp;a</span> <span class='ocrx_word' id='word_1_47' title='bbox 489 529 571 563; x_wconf 87' lang='lat' dir='ltr'>Item</span> <span class='ocrx_word' id='word_1_48' title='bbox 601 529 720 562; x_wconf 86' lang='lat' dir='ltr'>creatio</span> <span class='ocrx_word' id='word_1_49' title='bbox 747 529 860 561; x_wconf 82' lang='lat' dir='ltr'>animae</span> <span class='ocrx_word' id='word_1_50' title='bbox 887 527 928 562; x_wconf 92' lang='lat' dir='ltr'>ab</span> <span class='ocrx_word' id='word_1_51' title='bbox 949 529 1082 569; x_wconf 84' lang='lat' dir='ltr'>anima,</span> 
     </span>
     <span class='ocr_line' id='line_1_9' title="bbox 217 577 1079 622; baseline -0.005 -7"><span class='ocrx_word' id='word_1_52' title='bbox 217 582 339 615; x_wconf 80' lang='lat' dir='ltr'>creatio</span> <span class='ocrx_word' id='word_1_53' title='bbox 357 579 473 615; x_wconf 82' lang='lat' dir='ltr'>caloris</span> <span class='ocrx_word' id='word_1_54' title='bbox 494 589 513 612; x_wconf 88' lang='lat' dir='ltr'>a</span> <span class='ocrx_word' id='word_1_55' title='bbox 535 578 641 613; x_wconf 84' lang='lat' dir='ltr'>calore</span> <span class='ocrx_word' id='word_1_56' title='bbox 654 603 664 618; x_wconf 87' lang='lat'><em>‚</em></span> <span class='ocrx_word' id='word_1_57' title='bbox 690 578 812 611; x_wconf 80' lang='lat' dir='ltr'>creatio</span> <span class='ocrx_word' id='word_1_58' title='bbox 835 577 964 622; x_wconf 83' lang='lat' dir='ltr'>frigoris</span> <span class='ocrx_word' id='word_1_59' title='bbox 983 589 1002 612; x_wconf 88' lang='lat' dir='ltr'>a</span> <span class='ocrx_word' id='word_1_60' title='bbox 1022 579 1079 612; x_wconf 84' lang='lat' dir='ltr'>fri-</span> 
     </span>
     <span class='ocr_line' id='line_1_10' title="bbox 217 626 1079 674; baseline -0.001 -10"><span class='ocrx_word' id='word_1_61' title='bbox 217 641 319 674; x_wconf 85' lang='lat' dir='ltr'>gore,</span> <span class='ocrx_word' id='word_1_62' title='bbox 344 630 416 663; x_wconf 81' lang='lat' dir='ltr'>sunt</span> <span class='ocrx_word' id='word_1_63' title='bbox 426 627 569 662; x_wconf 69' lang='lat' dir='ltr'>actiones</span> <span class='ocrx_word' id='word_1_64' title='bbox 598 626 805 664; x_wconf 82' lang='lat' dir='ltr'>hetroclvtae:</span> <span class='ocrx_word' id='word_1_65' title='bbox 832 629 881 662; x_wconf 81' lang='lat' dir='ltr'>uri</span> <span class='ocrx_word' id='word_1_66' title='bbox 901 639 1007 671; x_wconf 87' lang='lat' dir='ltr'>patet:</span> <span class='ocrx_word' id='word_1_67' title='bbox 1037 630 1079 663; x_wconf 89' lang='lat' dir='ltr'>Et</span> 
     </span>
     <span class='ocr_line' id='line_1_11' title="bbox 217 678 1080 723; baseline -0.003 -9"><span class='ocrx_word' id='word_1_68' title='bbox 217 678 403 723; x_wconf 81' lang='lat' dir='ltr'>hujusmodi</span> <span class='ocrx_word' id='word_1_69' title='bbox 423 679 585 719; x_wconf 60' lang='lat' dir='ltr'>tuitiones,</span> <span class='ocrx_word' id='word_1_70' title='bbox 614 678 690 712; x_wconf 86' lang='lat' dir='ltr'>licet</span> <span class='ocrx_word' id='word_1_71' title='bbox 704 688 819 712; x_wconf 78' lang='lat' dir='ltr'>omnes</span> <span class='ocrx_word' id='word_1_72' title='bbox 839 678 880 712; x_wconf 93' lang='lat' dir='ltr'>de</span> <span class='ocrx_word' id='word_1_73' title='bbox 894 679 979 711; x_wconf 70' lang='lat' dir='ltr'>sasto</span> <span class='ocrx_word' id='word_1_74' title='bbox 998 689 1080 712; x_wconf 88' lang='lat' dir='ltr'>nun-</span> 
     </span>
     <span class='ocr_line' id='line_1_12' title="bbox 216 728 1079 773; baseline -0.002 -10"><span class='ocrx_word' id='word_1_75' title='bbox 216 740 315 773; x_wconf 84' lang='lat' dir='ltr'>quam</span> <span class='ocrx_word' id='word_1_76' title='bbox 337 730 425 763; x_wconf 73' lang='lat' dir='ltr'>fa&amp;ae</span> <span class='ocrx_word' id='word_1_77' title='bbox 450 728 514 762; x_wconf 87' lang='lat' dir='ltr'>fint</span> <span class='ocrx_word' id='word_1_78' title='bbox 534 753 547 769; x_wconf 91' lang='lat'>,</span> <span class='ocrx_word' id='word_1_79' title='bbox 573 738 682 763; x_wconf 87' lang='lat' dir='ltr'>tamen</span> <span class='ocrx_word' id='word_1_80' title='bbox 705 739 758 771; x_wconf 88' lang='lat' dir='ltr'>per</span> <span class='ocrx_word' id='word_1_81' title='bbox 780 728 891 763; x_wconf 89' lang='lat' dir='ltr'>Deum</span> <span class='ocrx_word' id='word_1_82' title='bbox 915 728 983 761; x_wconf 86' lang='lat' dir='ltr'>fieri</span> <span class='ocrx_word' id='word_1_83' title='bbox 1010 730 1079 771; x_wconf 89' lang='lat' dir='ltr'>pos-</span> 
     </span>
     <span class='ocr_line' id='line_1_13' title="bbox 217 772 1080 823; baseline -0.003 -10"><span class='ocrx_word' id='word_1_84' title='bbox 217 782 311 813; x_wconf 79' lang='lat' dir='ltr'>sunt.</span> <span class='ocrx_word' id='word_1_85' title='bbox 339 777 443 823; x_wconf 82' lang='lat' dir='ltr'>Atqui</span> <span class='ocrx_word' id='word_1_86' title='bbox 456 778 540 812; x_wconf 78' lang='lat' dir='ltr'>inter</span> <span class='ocrx_word' id='word_1_87' title='bbox 553 777 646 812; x_wconf 86' lang='lat' dir='ltr'>hasce</span> <span class='ocrx_word' id='word_1_88' title='bbox 668 779 812 812; x_wconf 69' lang='lat' dir='ltr'>actiones</span> <span class='ocrx_word' id='word_1_89' title='bbox 837 772 972 818; x_wconf 63' lang='lat' dir='ltr'>omnes,</span> <span class='ocrx_word' id='word_1_90' title='bbox 1000 790 1080 822; x_wconf 84' lang='lat' dir='ltr'>quae-</span> 
     </span>
     <span class='ocr_line' id='line_1_14' title="bbox 216 828 1078 873; baseline -0.003 -10"><span class='ocrx_word' id='word_1_91' title='bbox 216 828 294 863; x_wconf 88' lang='lat' dir='ltr'>dam</span> <span class='ocrx_word' id='word_1_92' title='bbox 314 829 388 863; x_wconf 84' lang='lat' dir='ltr'>sunt</span> <span class='ocrx_word' id='word_1_93' title='bbox 409 852 420 868; x_wconf 87' lang='lat'><strong>,</strong></span> <span class='ocrx_word' id='word_1_94' title='bbox 445 829 591 873; x_wconf 78' lang='lat' dir='ltr'>quzdam</span> <span class='ocrx_word' id='word_1_95' title='bbox 616 839 684 862; x_wconf 87' lang='lat' dir='ltr'>non</span> <span class='ocrx_word' id='word_1_96' title='bbox 709 829 784 862; x_wconf 88' lang='lat' dir='ltr'>sunt</span> <span class='ocrx_word' id='word_1_97' title='bbox 805 828 975 868; x_wconf 79' lang='lat' dir='ltr'>aequivocae</span> <span class='ocrx_word' id='word_1_98' title='bbox 997 828 1078 862; x_wconf 77' lang='lat' dir='ltr'>:‘uti</span> 
     </span>
     <span class='ocr_line' id='line_1_15' title="bbox 215 874 1077 920; baseline -0.003 -6"><span class='ocrx_word' id='word_1_99' title='bbox 215 881 316 914; x_wconf 78' lang='lat' dir='ltr'>etiam</span> <span class='ocrx_word' id='word_1_100' title='bbox 338 878 462 914; x_wconf 90' lang='lat' dir='ltr'>clarum</span> <span class='ocrx_word' id='word_1_101' title='bbox 484 878 530 912; x_wconf 88' lang='lat' dir='ltr'>est</span> <span class='ocrx_word' id='word_1_102' title='bbox 555 877 740 912; x_wconf 77' lang='lat' dir='ltr'>attendenti</span> <span class='ocrx_word' id='word_1_103' title='bbox 758 902 767 909; x_wconf 88' lang='lat'>.</span> <span class='ocrx_word' id='word_1_104' title='bbox 806 876 897 920; x_wconf 80' lang='lat' dir='ltr'>Ergo</span> <span class='ocrx_word' id='word_1_105' title='bbox 918 878 1001 910; x_wconf 69' lang='lat' dir='ltr'>actio</span> <span class='ocrx_word' id='word_1_106' title='bbox 1025 874 1077 911; x_wconf 87' lang='lat' dir='ltr'>he-</span> 
     </span>
     <span class='ocr_line' id='line_1_16' title="bbox 215 926 1076 973; baseline -0.002 -12"><span class='ocrx_word' id='word_1_107' title='bbox 215 928 358 972; x_wconf 87' lang='lat' dir='ltr'>troclyta</span> <span class='ocrx_word' id='word_1_108' title='bbox 377 929 574 973; x_wconf 88' lang='lat' dir='ltr'>quandoque</span> <span class='ocrx_word' id='word_1_109' title='bbox 597 928 643 961; x_wconf 85' lang='lat' dir='ltr'>est</span> <span class='ocrx_word' id='word_1_110' title='bbox 664 953 675 969; x_wconf 89' lang='lat'>‚</span> <span class='ocrx_word' id='word_1_111' title='bbox 711 926 910 970; x_wconf 86' lang='lat' dir='ltr'>quandoque</span> <span class='ocrx_word' id='word_1_112' title='bbox 941 937 1007 960; x_wconf 89' lang='lat' dir='ltr'>non</span> <span class='ocrx_word' id='word_1_113' title='bbox 1032 927 1076 960; x_wconf 84' lang='lat' dir='ltr'>est</span> 
     </span>
     <span class='ocr_line' id='line_1_17' title="bbox 214 977 1080 1022; baseline -0.002 -10"><span class='ocrx_word' id='word_1_114' title='bbox 214 979 299 1012; x_wconf 69' lang='lat' dir='ltr'>attio</span> <span class='ocrx_word' id='word_1_115' title='bbox 324 982 519 1022; x_wconf 74' lang='lat' dir='ltr'>aequivoca.</span> <span class='ocrx_word' id='word_1_116' title='bbox 560 977 709 1010; x_wconf 82' lang='lat' dir='ltr'>Probatur</span> <span class='ocrx_word' id='word_1_117' title='bbox 734 983 825 1010; x_wconf 79' lang='lat' dir='ltr'>enam</span> <span class='ocrx_word' id='word_1_118' title='bbox 860 979 958 1010; x_wconf 82' lang='lat' dir='ltr'>altera</span> <span class='ocrx_word' id='word_1_119' title='bbox 988 983 1080 1010; x_wconf 73' lang='lat' dir='ltr'>mino-</span> 
     </span>
     <span class='ocr_line' id='line_1_18' title="bbox 212 1025 1078 1086; baseline -0.001 -24"><span class='ocrx_word' id='word_1_120' title='bbox 212 1033 260 1062; x_wconf 74' lang='lat' dir='ltr'>ris</span> <span class='ocrx_word' id='word_1_121' title='bbox 283 1036 393 1070; x_wconf 81' lang='lat' dir='ltr'>pars:</span> <span class='ocrx_word' id='word_1_122' title='bbox 436 1028 526 1086; x_wconf 70' lang='lat' dir='ltr'>Quia</span> <span class='ocrx_word' id='word_1_123' title='bbox 551 1029 720 1071; x_wconf 84' lang='lat' dir='ltr'>generatio</span> <span class='ocrx_word' id='word_1_124' title='bbox 757 1025 905 1060; x_wconf 84' lang='lat' dir='ltr'>hominis</span> <span class='ocrx_word' id='word_1_125' title='bbox 945 1025 988 1061; x_wconf 87' lang='lat' dir='ltr'>ab</span> <span class='ocrx_word' id='word_1_126' title='bbox 1020 1027 1078 1061; x_wconf 89' lang='lat' dir='ltr'>ho-</span> 
     </span>
     <span class='ocr_line' id='line_1_19' title="bbox 214 1076 1078 1122; baseline -0.002 -10"><span class='ocrx_word' id='word_1_127' title='bbox 214 1078 307 1112; x_wconf 84' lang='lat' dir='ltr'>mine</span> <span class='ocrx_word' id='word_1_128' title='bbox 333 1102 346 1118; x_wconf 90' lang='lat'><strong>,</strong></span> <span class='ocrx_word' id='word_1_129' title='bbox 380 1079 415 1113; x_wconf 72' lang='grc' dir='ltr'>δε</span> <span class='ocrx_word' id='word_1_130' title='bbox 442 1077 610 1122; x_wconf 81' lang='lat' dir='ltr'>generatio</span> <span class='ocrx_word' id='word_1_131' title='bbox 648 1076 793 1111; x_wconf 78' lang='lat' dir='ltr'>hominis</span> <span class='ocrx_word' id='word_1_132' title='bbox 834 1078 916 1111; x_wconf 68' lang='lat' dir='ltr'>faGa</span> <span class='ocrx_word' id='word_1_133' title='bbox 956 1088 976 1110; x_wconf 87' lang='lat' dir='ltr'>a</span> <span class='ocrx_word' id='word_1_134' title='bbox 1009 1076 1078 1112; x_wconf 82' lang='lat' dir='ltr'>solo</span> 
     </span>
     <span class='ocr_line' id='line_1_20' title="bbox 214 1126 1080 1170; baseline -0.002 -8"><span class='ocrx_word' id='word_1_135' title='bbox 214 1127 293 1162; x_wconf 90' lang='lat' dir='ltr'>Deo</span> <span class='ocrx_word' id='word_1_136' title='bbox 315 1129 388 1163; x_wconf 87' lang='lat' dir='ltr'>sunt</span> <span class='ocrx_word' id='word_1_137' title='bbox 407 1129 552 1162; x_wconf 68' lang='lat' dir='ltr'>actiones</span> <span class='ocrx_word' id='word_1_138' title='bbox 569 1129 756 1170; x_wconf 79' lang='lat' dir='ltr'>aequivocae:</span> <span class='ocrx_word' id='word_1_139' title='bbox 784 1127 834 1161; x_wconf 88' lang='lat' dir='ltr'>uti</span> <span class='ocrx_word' id='word_1_140' title='bbox 858 1135 945 1170; x_wconf 81' lang='lat' dir='ltr'>patet</span> <span class='ocrx_word' id='word_1_141' title='bbox 959 1138 1001 1161; x_wconf 81' lang='lat' dir='ltr'>ex</span> <span class='ocrx_word' id='word_1_142' title='bbox 1025 1126 1080 1161; x_wconf 86' lang='lat' dir='ltr'>ha·</span> 
     </span>
     <span class='ocr_line' id='line_1_21' title="bbox 214 1176 1081 1222; baseline -0.001 -10"><span class='ocrx_word' id='word_1_143' title='bbox 214 1179 326 1212; x_wconf 66' lang='lat' dir='ltr'>(tenus</span> <span class='ocrx_word' id='word_1_144' title='bbox 345 1179 438 1213; x_wconf 60' lang='lat' dir='ltr'>dietis</span> <span class='ocrx_word' id='word_1_145' title='bbox 458 1203 470 1218; x_wconf 92' lang='lat'>,</span> <span class='ocrx_word' id='word_1_146' title='bbox 509 1177 701 1222; x_wconf 78' lang='lat' dir='ltr'>patebitque</span> <span class='ocrx_word' id='word_1_147' title='bbox 717 1178 820 1222; x_wconf 85' lang='lat' dir='ltr'>magis</span> <span class='ocrx_word' id='word_1_148' title='bbox 840 1187 882 1210; x_wconf 86' lang='lat' dir='ltr'>ex</span> <span class='ocrx_word' id='word_1_149' title='bbox 906 1176 1012 1210; x_wconf 79' lang='lat' dir='ltr'>statim</span> <span class='ocrx_word' id='word_1_150' title='bbox 1034 1177 1081 1211; x_wconf 90' lang='lat' dir='ltr'>di-</span> 
     </span>
     <span class='ocr_line' id='line_1_22' title="bbox 209 1226 1078 1273; baseline 0 -12"><span class='ocrx_word' id='word_1_151' title='bbox 209 1229 327 1262; x_wconf 77' lang='lat' dir='ltr'>cendis</span> <span class='ocrx_word' id='word_1_152' title='bbox 342 1251 350 1260; x_wconf 89' lang='lat'>.</span> <span class='ocrx_word' id='word_1_153' title='bbox 378 1228 484 1273; x_wconf 83' lang='lat' dir='ltr'>Atqui</span> <span class='ocrx_word' id='word_1_154' title='bbox 506 1228 591 1271; x_wconf 89' lang='lat' dir='ltr'>prior</span> <span class='ocrx_word' id='word_1_155' title='bbox 613 1228 659 1262; x_wconf 86' lang='lat' dir='ltr'>est</span> <span class='ocrx_word' id='word_1_156' title='bbox 678 1228 817 1272; x_wconf 82' lang='lat' dir='ltr'>analoga</span> <span class='ocrx_word' id='word_1_157' title='bbox 843 1227 877 1260; x_wconf 74' lang='grc' dir='ltr'>δε</span> <span class='ocrx_word' id='word_1_158' title='bbox 901 1226 1078 1271; x_wconf 84' lang='lat' dir='ltr'>regularis,</span> 
     </span>
     <span class='ocr_line' id='line_1_23' title="bbox 205 1277 1078 1321; baseline 0 -10"><span class='ocrx_word' id='word_1_159' title='bbox 205 1278 315 1312; x_wconf 62' lang='lat' dir='ltr'>altera</span> <span class='ocrx_word' id='word_1_160' title='bbox 340 1279 420 1315; x_wconf 74' lang='lat' dir='ltr'>vero</span> <span class='ocrx_word' id='word_1_161' title='bbox 445 1278 491 1312; x_wconf 83' lang='lat' dir='ltr'>est</span> <span class='ocrx_word' id='word_1_162' title='bbox 514 1277 696 1321; x_wconf 81' lang='lat' dir='ltr'>hetroclyta</span> <span class='ocrx_word' id='word_1_163' title='bbox 723 1278 758 1311; x_wconf 75' lang='grc' dir='ltr'>ἀ</span> <span class='ocrx_word' id='word_1_164' title='bbox 784 1277 966 1320; x_wconf 87' lang='lat' dir='ltr'>irregularis</span> <span class='ocrx_word' id='word_1_165' title='bbox 990 1289 998 1309; x_wconf 90' lang='lat'><strong>:</strong></span> <span class='ocrx_word' id='word_1_166' title='bbox 1030 1279 1078 1311; x_wconf 90' lang='lat' dir='ltr'>uti</span> 
     </span>
     <span class='ocr_line' id='line_1_24' title="bbox 211 1326 1078 1373; baseline 0 -13"><span class='ocrx_word' id='word_1_167' title='bbox 211 1327 312 1362; x_wconf 86' lang='lat' dir='ltr'>etiam</span> <span class='ocrx_word' id='word_1_168' title='bbox 324 1340 363 1363; x_wconf 85' lang='lat' dir='ltr'>ex</span> <span class='ocrx_word' id='word_1_169' title='bbox 374 1327 466 1362; x_wconf 62' lang='lat' dir='ltr'>diuis</span> <span class='ocrx_word' id='word_1_170' title='bbox 474 1337 561 1372; x_wconf 80' lang='lat' dir='ltr'>patet</span> <span class='ocrx_word' id='word_1_171' title='bbox 573 1353 581 1361; x_wconf 94' lang='lat'>.</span> <span class='ocrx_word' id='word_1_172' title='bbox 598 1327 693 1373; x_wconf 75' lang='lat' dir='ltr'>Ergo</span> <span class='ocrx_word' id='word_1_173' title='bbox 702 1328 787 1361; x_wconf 64' lang='lat' dir='ltr'>attio</span> <span class='ocrx_word' id='word_1_174' title='bbox 799 1326 964 1370; x_wconf 81' lang='lat' dir='ltr'>aequivoca</span> <span class='ocrx_word' id='word_1_175' title='bbox 977 1337 1078 1370; x_wconf 85' lang='lat' dir='ltr'>quau-</span> 
     </span>
     <span class='ocr_line' id='line_1_25' title="bbox 209 1376 1076 1422; baseline -0.001 -11"><span class='ocrx_word' id='word_1_176' title='bbox 209 1376 321 1420; x_wconf 80' lang='lat' dir='ltr'>doque</span> <span class='ocrx_word' id='word_1_177' title='bbox 340 1377 386 1412; x_wconf 90' lang='lat' dir='ltr'>est</span> <span class='ocrx_word' id='word_1_178' title='bbox 399 1403 409 1418; x_wconf 88' lang='lat'><strong>,</strong></span> <span class='ocrx_word' id='word_1_179' title='bbox 435 1376 632 1422; x_wconf 87' lang='lat' dir='ltr'>quandoque</span> <span class='ocrx_word' id='word_1_180' title='bbox 655 1389 724 1412; x_wconf 88' lang='lat' dir='ltr'>non</span> <span class='ocrx_word' id='word_1_181' title='bbox 744 1376 789 1410; x_wconf 87' lang='lat' dir='ltr'>est</span> <span class='ocrx_word' id='word_1_182' title='bbox 805 1376 891 1412; x_wconf 67' lang='lat' dir='ltr'>aetio</span> <span class='ocrx_word' id='word_1_183' title='bbox 917 1376 1076 1418; x_wconf 89' lang='lat' dir='ltr'>hetrocly-</span> 
     </span>
     <span class='ocr_line' id='line_1_26' title="bbox 214 1427 1077 1469; baseline 0 -9"><span class='ocrx_word' id='word_1_184' title='bbox 214 1436 247 1460; x_wconf 85' lang='lat' dir='ltr'>ta</span> <span class='ocrx_word' id='word_1_185' title='bbox 267 1441 280 1460; x_wconf 91' lang='grc'>.·</span> <span class='ocrx_word' id='word_1_186' title='bbox 307 1428 454 1469; x_wconf 83' lang='lat' dir='ltr'>adeoque</span> <span class='ocrx_word' id='word_1_187' title='bbox 474 1427 521 1462; x_wconf 69' lang='lat' dir='ltr'>hm</span> <span class='ocrx_word' id='word_1_188' title='bbox 542 1428 612 1463; x_wconf 80' lang='lat' dir='ltr'>duae</span> <span class='ocrx_word' id='word_1_189' title='bbox 633 1428 776 1462; x_wconf 72' lang='lat' dir='ltr'>actiones</span> <span class='ocrx_word' id='word_1_190' title='bbox 803 1436 968 1469; x_wconf 81' lang='lat' dir='ltr'>nequeunt</span> <span class='ocrx_word' id='word_1_191' title='bbox 993 1427 1077 1460; x_wconf 85' lang='lat' dir='ltr'>inter</span> 
     </span>
     <span class='ocr_line' id='line_1_27' title="bbox 210 1476 1075 1525; baseline -0.004 -14"><span class='ocrx_word' id='word_1_192' title='bbox 210 1479 246 1511; x_wconf 77' lang='lat' dir='ltr'>se</span> <span class='ocrx_word' id='word_1_193' title='bbox 263 1478 450 1512; x_wconf 85' lang='lat' dir='ltr'>confundi.</span> <span class='ocrx_word' id='word_1_194' title='bbox 482 1478 525 1516; x_wconf 86' lang='lat' dir='ltr'>Et</span> <span class='ocrx_word' id='word_1_195' title='bbox 560 1488 624 1522; x_wconf 90' lang='lat' dir='ltr'>ego</span> <span class='ocrx_word' id='word_1_196' title='bbox 660 1476 735 1514; x_wconf 67' lang='lat' dir='ltr'>sane</span> <span class='ocrx_word' id='word_1_197' title='bbox 760 1485 931 1525; x_wconf 80' lang='lat' dir='ltr'>nunquam</span> <span class='ocrx_word' id='word_1_198' title='bbox 958 1477 1075 1508; x_wconf 84' lang='lat' dir='ltr'>confu-</span> 
     </span>
     <span class='ocr_line' id='line_1_28' title="bbox 213 1527 268 1562; baseline -0.028 0"><span class='ocrx_word' id='word_1_199' title='bbox 213 1527 268 1562; x_wconf 79' lang='lat' dir='ltr'>di.</span> 
     </span>
    </p>

    <p class='ocr_par' dir='ltr' id='par_1_3' title="bbox 155 1574 1079 3505">
     <span class='ocr_line' id='line_1_29' title="bbox 262 1574 1079 1619; baseline -0.004 -8"><span class='ocrx_word' id='word_1_200' title='bbox 262 1574 294 1617; x_wconf 95' lang='lat'>8.</span> <span class='ocrx_word' id='word_1_201' title='bbox 322 1576 478 1613; x_wconf 81' lang='lat' dir='ltr'>Praetetea</span> <span class='ocrx_word' id='word_1_202' title='bbox 511 1575 759 1619; x_wconf 86' lang='lat' dir='ltr'>Marpurgenses</span> <span class='ocrx_word' id='word_1_203' title='bbox 789 1584 857 1607; x_wconf 87' lang='lat' dir='ltr'>non</span> <span class='ocrx_word' id='word_1_204' title='bbox 888 1574 971 1609; x_wconf 87' lang='lat' dir='ltr'>bene</span> <span class='ocrx_word' id='word_1_205' title='bbox 1000 1574 1079 1613; x_wconf 78' lang='lat' dir='ltr'>defi·</span> 
     </span>
     <span class='ocr_line' id='line_1_30' title="bbox 213 1625 1077 1666; baseline -0.004 -6"><span class='ocrx_word' id='word_1_206' title='bbox 213 1626 312 1662; x_wconf 81' lang='lat' dir='ltr'>niunt</span> <span class='ocrx_word' id='word_1_207' title='bbox 338 1630 499 1661; x_wconf 64' lang='lat' dir='ltr'>aaronem</span> <span class='ocrx_word' id='word_1_208' title='bbox 518 1626 694 1659; x_wconf 83' lang='lat' dir='ltr'>univocam</span> <span class='ocrx_word' id='word_1_209' title='bbox 717 1626 750 1658; x_wconf 89' lang='lat'>&amp;</span> <span class='ocrx_word' id='word_1_210' title='bbox 769 1625 997 1666; x_wconf 86' lang='lat' dir='ltr'>aequivocam,</span> <span class='ocrx_word' id='word_1_211' title='bbox 1025 1636 1077 1657; x_wconf 90' lang='lat' dir='ltr'>ne-</span> 
     </span>
     <span class='ocr_line' id='line_1_31' title="bbox 213 1673 1076 1721; baseline -0.005 -12"><span class='ocrx_word' id='word_1_212' title='bbox 213 1687 276 1719; x_wconf 83' lang='lat' dir='ltr'>que</span> <span class='ocrx_word' id='word_1_213' title='bbox 297 1677 457 1721; x_wconf 86' lang='lat' dir='ltr'>affignant</span> <span class='ocrx_word' id='word_1_214' title='bbox 478 1676 565 1710; x_wconf 91' lang='lat' dir='ltr'>bona</span> <span class='ocrx_word' id='word_1_215' title='bbox 591 1674 707 1712; x_wconf 84' lang='lat' dir='ltr'>harum</span> <span class='ocrx_word' id='word_1_216' title='bbox 719 1673 884 1710; x_wconf 63' lang='lat' dir='ltr'>actionum</span> <span class='ocrx_word' id='word_1_217' title='bbox 907 1673 1076 1716; x_wconf 84' lang='lat' dir='ltr'>exempla.</span> 
     </span>
     <span class='ocr_line' id='line_1_32' title="bbox 212 1723 1076 1767; baseline -0.003 -8"><span class='ocrx_word' id='word_1_218' title='bbox 212 1727 388 1760; x_wconf 71' lang='lat' dir='ltr'>Afflonem</span> <span class='ocrx_word' id='word_1_219' title='bbox 415 1728 504 1762; x_wconf 85' lang='lat' dir='ltr'>enim</span> <span class='ocrx_word' id='word_1_220' title='bbox 532 1725 709 1767; x_wconf 76' lang='lat' dir='ltr'>univocam</span> <span class='ocrx_word' id='word_1_221' title='bbox 734 1723 899 1759; x_wconf 82' lang='lat' dir='ltr'>definiunt</span> <span class='ocrx_word' id='word_1_222' title='bbox 920 1724 984 1757; x_wconf 88' lang='lat' dir='ltr'>hoc</span> <span class='ocrx_word' id='word_1_223' title='bbox 1009 1735 1076 1757; x_wconf 92' lang='lat' dir='ltr'>mo-</span> 
     </span>
     <span class='ocr_line' id='line_1_33' title="bbox 211 1772 1077 1818; baseline -0.007 -8"><span class='ocrx_word' id='word_1_224' title='bbox 211 1776 258 1810; x_wconf 85' lang='lat' dir='ltr'>do</span> <span class='ocrx_word' id='word_1_225' title='bbox 278 1788 286 1808; x_wconf 92' lang='lat'><strong>:</strong></span> <span class='ocrx_word' id='word_1_226' title='bbox 314 1776 369 1815; x_wconf 74' lang='lat' dir='ltr'>Est</span> <span class='ocrx_word' id='word_1_227' title='bbox 380 1779 477 1815; x_wconf 64' lang='lat' dir='ltr'>adiro,</span> <span class='ocrx_word' id='word_1_228' title='bbox 501 1781 535 1809; x_wconf 73' lang='lat' dir='ltr'>in</span> <span class='ocrx_word' id='word_1_229' title='bbox 558 1785 772 1818; x_wconf 81' lang='lat' dir='ltr'>quagenerans</span> <span class='ocrx_word' id='word_1_230' title='bbox 795 1775 829 1806; x_wconf 65' lang='grc'>(9</span> <span class='ocrx_word' id='word_1_231' title='bbox 835 1780 977 1817; x_wconf 75' lang='lat' dir='ltr'>genitum</span> <span class='ocrx_word' id='word_1_232' title='bbox 1000 1772 1077 1816; x_wconf 80' lang='lat' dir='ltr'>ejus-</span> 
     </span>
     <span class='ocr_line' id='line_1_34' title="bbox 202 1823 1075 1870; baseline -0.007 -8"><span class='ocrx_word' id='word_1_233' title='bbox 202 1826 280 1862; x_wconf 65' lang='lat' dir='ltr'>dem</span> <span class='ocrx_word' id='word_1_234' title='bbox 297 1823 406 1869; x_wconf 64' lang='lat' dir='ltr'>speclei</span> <span class='ocrx_word' id='word_1_235' title='bbox 418 1826 491 1870; x_wconf 78' lang='lat' dir='ltr'>sunt</span> <span class='ocrx_word' id='word_1_236' title='bbox 514 1850 522 1857; x_wconf 94' lang='lat'><strong>.</strong></span> <span class='ocrx_word' id='word_1_237' title='bbox 559 1823 787 1867; x_wconf 79' lang='lat' dir='ltr'>AEquivocam</span> <span class='ocrx_word' id='word_1_238' title='bbox 813 1823 891 1856; x_wconf 83' lang='lat' dir='ltr'>vero</span> <span class='ocrx_word' id='word_1_239' title='bbox 914 1824 1075 1858; x_wconf 71' lang='lat' dir='ltr'>astionem</span> 
     </span>
     <span class='ocr_line' id='line_1_35' title="bbox 212 1873 1075 1917; baseline -0.005 -8"><span class='ocrx_word' id='word_1_240' title='bbox 212 1876 378 1909; x_wconf 87' lang='lat' dir='ltr'>definiunt</span> <span class='ocrx_word' id='word_1_241' title='bbox 399 1876 464 1910; x_wconf 88' lang='lat' dir='ltr'>hoc</span> <span class='ocrx_word' id='word_1_242' title='bbox 485 1873 612 1917; x_wconf 88' lang='lat' dir='ltr'>m0d0;</span> <span class='ocrx_word' id='word_1_243' title='bbox 638 1874 693 1915; x_wconf 75' lang='lat' dir='ltr'>Est</span> <span class='ocrx_word' id='word_1_244' title='bbox 716 1875 792 1910; x_wconf 67' lang='grc' dir='ltr'>σᾶιο,</span> <span class='ocrx_word' id='word_1_245' title='bbox 807 1895 817 1911; x_wconf 83' lang='grc'><em>,</em></span> <span class='ocrx_word' id='word_1_246' title='bbox 842 1880 875 1907; x_wconf 78' lang='lat' dir='ltr'>m</span> <span class='ocrx_word' id='word_1_247' title='bbox 901 1885 963 1914; x_wconf 83' lang='lat' dir='ltr'>qua</span> <span class='ocrx_word' id='word_1_248' title='bbox 989 1884 1075 1916; x_wconf 77' lang='lat' dir='ltr'>gene-</span> 
     </span>
     <span class='ocr_line' id='line_1_36' title="bbox 213 1922 1076 1968; baseline -0.005 -10"><span class='ocrx_word' id='word_1_249' title='bbox 213 1937 288 1959; x_wconf 82' lang='lat' dir='ltr'>rans</span> <span class='ocrx_word' id='word_1_250' title='bbox 314 1926 488 1968; x_wconf 69' lang='lat' dir='ltr'>&amp;genuum</span> <span class='ocrx_word' id='word_1_251' title='bbox 497 1924 567 1967; x_wconf 77' lang='lat' dir='ltr'>[unt</span> <span class='ocrx_word' id='word_1_252' title='bbox 578 1922 706 1965; x_wconf 61' lang='lat' dir='ltr'>diversae</span> <span class='ocrx_word' id='word_1_253' title='bbox 726 1924 850 1966; x_wconf 67' lang='lat' dir='ltr'>speciei.</span> <span class='ocrx_word' id='word_1_254' title='bbox 878 1923 940 1956; x_wconf 79' lang='lat' dir='ltr'>Hae</span> <span class='ocrx_word' id='word_1_255' title='bbox 965 1922 1076 1955; x_wconf 83' lang='lat' dir='ltr'>defini-</span> 
     </span>
     <span class='ocr_line' id='line_1_37' title="bbox 201 1973 1075 2020; baseline -0.005 -12"><span class='ocrx_word' id='word_1_256' title='bbox 201 1975 320 2008; x_wconf 82' lang='lat' dir='ltr'>-tiones</span> <span class='ocrx_word' id='word_1_257' title='bbox 340 1976 414 2009; x_wconf 90' lang='lat' dir='ltr'>sunt</span> <span class='ocrx_word' id='word_1_258' title='bbox 435 1974 569 2020; x_wconf 82' lang='lat' dir='ltr'>quidem</span> <span class='ocrx_word' id='word_1_259' title='bbox 594 1973 630 2007; x_wconf 83' lang='lat' dir='ltr'>in</span> <span class='ocrx_word' id='word_1_260' title='bbox 652 1974 819 2007; x_wconf 72' lang='lat' dir='ltr'>modernis</span> <span class='ocrx_word' id='word_1_261' title='bbox 845 1973 964 2006; x_wconf 85' lang='lat' dir='ltr'>scholis</span> <span class='ocrx_word' id='word_1_262' title='bbox 987 1983 1075 2005; x_wconf 91' lang='lat' dir='ltr'>com-</span> 
     </span>
     <span class='ocr_line' id='line_1_38' title="bbox 212 2023 1075 2067; baseline -0.005 -8"><span class='ocrx_word' id='word_1_263' title='bbox 212 2035 346 2067; x_wconf 85' lang='lat' dir='ltr'>munes;</span> <span class='ocrx_word' id='word_1_264' title='bbox 375 2037 441 2059; x_wconf 90' lang='lat' dir='ltr'>non</span> <span class='ocrx_word' id='word_1_265' title='bbox 452 2026 550 2058; x_wconf 89' lang='lat' dir='ltr'>credo</span> <span class='ocrx_word' id='word_1_266' title='bbox 567 2032 676 2056; x_wconf 83' lang='lat' dir='ltr'>tamen</span> <span class='ocrx_word' id='word_1_267' title='bbox 699 2026 760 2058; x_wconf 78' lang='lat' dir='ltr'>effe</span> <span class='ocrx_word' id='word_1_268' title='bbox 788 2024 914 2057; x_wconf 89' lang='lat' dir='ltr'>bonas.</span> <span class='ocrx_word' id='word_1_269' title='bbox 941 2023 1020 2056; x_wconf 82' lang='lat' dir='ltr'>Istas</span> <span class='ocrx_word' id='word_1_270' title='bbox 1031 2033 1075 2055; x_wconf 90' lang='lat' dir='ltr'>er-</span> 
     </span>
     <span class='ocr_line' id='line_1_39' title="bbox 211 2072 1073 2120; baseline -0.004 -12"><span class='ocrx_word' id='word_1_271' title='bbox 211 2074 260 2120; x_wconf 74' lang='lat' dir='ltr'>go</span> <span class='ocrx_word' id='word_1_272' title='bbox 297 2074 439 2109; x_wconf 74' lang='lat' dir='ltr'>actiones</span> <span class='ocrx_word' id='word_1_273' title='bbox 472 2085 536 2119; x_wconf 88' lang='lat' dir='ltr'>ego</span> <span class='ocrx_word' id='word_1_274' title='bbox 567 2073 704 2107; x_wconf 87' lang='lat' dir='ltr'>definire</span> <span class='ocrx_word' id='word_1_275' title='bbox 734 2074 823 2108; x_wconf 85' lang='lat' dir='ltr'>soleo</span> <span class='ocrx_word' id='word_1_276' title='bbox 858 2072 921 2105; x_wconf 88' lang='lat' dir='ltr'>hoc</span> <span class='ocrx_word' id='word_1_277' title='bbox 951 2073 1073 2119; x_wconf 75' lang='grc' dir='ltr'>ωοά9.</span> 
     </span>
     <span class='ocr_line' id='line_1_40' title="bbox 210 2122 1075 2163; baseline -0.006 -6"><span class='ocrx_word' id='word_1_278' title='bbox 210 2124 312 2158; x_wconf 65' lang='lat' dir='ltr'>Aelio</span> <span class='ocrx_word' id='word_1_279' title='bbox 333 2127 476 2158; x_wconf 78' lang='lat' dir='ltr'>univoca</span> <span class='ocrx_word' id='word_1_280' title='bbox 501 2125 534 2156; x_wconf 79' lang='grc' dir='ltr'>δε</span> <span class='ocrx_word' id='word_1_281' title='bbox 556 2122 721 2163; x_wconf 65' lang='lat' dir='ltr'>aequivoca</span> <span class='ocrx_word' id='word_1_282' title='bbox 744 2124 818 2156; x_wconf 89' lang='lat' dir='ltr'>sunt</span> <span class='ocrx_word' id='word_1_283' title='bbox 840 2122 925 2154; x_wconf 63' lang='lat' dir='ltr'>adiio</span> <span class='ocrx_word' id='word_1_284' title='bbox 949 2123 1075 2159; x_wconf 80' lang='lat' dir='ltr'>versans</span> 
     </span>
     <span class='ocr_line' id='line_1_41' title="bbox 210 2170 1074 2213; baseline -0.007 -5"><span class='ocrx_word' id='word_1_285' title='bbox 210 2174 296 2208; x_wconf 87' lang='lat' dir='ltr'>inter</span> <span class='ocrx_word' id='word_1_286' title='bbox 314 2174 464 2207; x_wconf 75' lang='lat' dir='ltr'>formalia</span> <span class='ocrx_word' id='word_1_287' title='bbox 475 2171 616 2213; x_wconf 80' lang='lat' dir='ltr'>ejusdem</span> <span class='ocrx_word' id='word_1_288' title='bbox 629 2171 676 2203; x_wconf 76' lang='lat' dir='ltr'>vel</span> <span class='ocrx_word' id='word_1_289' title='bbox 700 2170 828 2205; x_wconf 65' lang='lat' dir='ltr'>diversae</span> <span class='ocrx_word' id='word_1_290' title='bbox 841 2170 956 2212; x_wconf 82' lang='lat' dir='ltr'>speciei</span> <span class='ocrx_word' id='word_1_291' title='bbox 969 2180 1074 2203; x_wconf 83' lang='lat' dir='ltr'>extre-</span> 
     </span>
     <span class='ocr_line' id='line_1_42' title="bbox 209 2220 1074 2264; baseline -0.006 -8"><span class='ocrx_word' id='word_1_292' title='bbox 209 2234 283 2256; x_wconf 88' lang='lat' dir='ltr'>ma.</span> <span class='ocrx_word' id='word_1_293' title='bbox 315 2227 384 2255; x_wconf 81' lang='lat' dir='ltr'>Haec</span> <span class='ocrx_word' id='word_1_294' title='bbox 402 2233 447 2254; x_wconf 84' lang='lat' dir='ltr'>me</span> <span class='ocrx_word' id='word_1_295' title='bbox 474 2229 573 2253; x_wconf 76' lang='lat' dir='ltr'>movet</span> <span class='ocrx_word' id='word_1_296' title='bbox 587 2225 683 2253; x_wconf 70' lang='grc' dir='ltr'><strong><em>Μυο-</em></strong></span> <span class='ocrx_word' id='word_1_297' title='bbox 711 2221 803 2264; x_wconf 84' lang='lat' dir='ltr'>Qia</span> <span class='ocrx_word' id='word_1_298' title='bbox 831 2221 1022 2251; x_wconf 83' lang='lat' dir='ltr'>univocatio</span> <span class='ocrx_word' id='word_1_299' title='bbox 1042 2220 1074 2251; x_wconf 85' lang='lat'>&amp;</span> 
     </span>
     <span class='ocr_line' id='line_1_43' title="bbox 211 2266 1074 2314; baseline -0.008 -10"><span class='ocrx_word' id='word_1_300' title='bbox 211 2271 429 2314; x_wconf 77' lang='lat' dir='ltr'>aequivocatio</span> <span class='ocrx_word' id='word_1_301' title='bbox 447 2269 583 2302; x_wconf 70' lang='lat' dir='ltr'>astionis</span> <span class='ocrx_word' id='word_1_302' title='bbox 604 2266 728 2299; x_wconf 85' lang='lat' dir='ltr'>desumi</span> <span class='ocrx_word' id='word_1_303' title='bbox 749 2267 868 2300; x_wconf 83' lang='lat' dir='ltr'>debent</span> <span class='ocrx_word' id='word_1_304' title='bbox 883 2277 948 2299; x_wconf 87' lang='lat' dir='ltr'>non</span> <span class='ocrx_word' id='word_1_305' title='bbox 960 2278 999 2298; x_wconf 86' lang='lat' dir='ltr'>ex</span> <span class='ocrx_word' id='word_1_306' title='bbox 1022 2278 1074 2298; x_wconf 81' lang='lat' dir='ltr'>ex-</span> 
     </span>
     <span class='ocr_line' id='line_1_44' title="bbox 201 2315 1070 2360; baseline -0.007 -6"><span class='ocrx_word' id='word_1_307' title='bbox 201 2320 325 2355; x_wconf 63' lang='lat' dir='ltr'>&gt;tremis</span> <span class='ocrx_word' id='word_1_308' title='bbox 343 2321 508 2354; x_wconf 66' lang='lat' dir='ltr'>actionum</span> <span class='ocrx_word' id='word_1_309' title='bbox 532 2316 685 2351; x_wconf 87' lang='lat' dir='ltr'>totalibus</span> <span class='ocrx_word' id='word_1_310' title='bbox 715 2317 750 2349; x_wconf 72' lang='grc' dir='ltr'>δε</span> <span class='ocrx_word' id='word_1_311' title='bbox 775 2317 862 2360; x_wconf 79' lang='lat' dir='ltr'>quali</span> <span class='ocrx_word' id='word_1_312' title='bbox 896 2315 1070 2349; x_wconf 75' lang='lat' dir='ltr'>materiali-</span> 
     </span>
     <span class='ocr_line' id='line_1_45' title="bbox 212 2367 1073 2413; baseline -0.008 -9"><span class='ocrx_word' id='word_1_313' title='bbox 212 2369 299 2413; x_wconf 86' lang='lat' dir='ltr'>bus;</span> <span class='ocrx_word' id='word_1_314' title='bbox 326 2370 379 2403; x_wconf 85' lang='lat' dir='ltr'>sed</span> <span class='ocrx_word' id='word_1_315' title='bbox 401 2381 443 2404; x_wconf 87' lang='lat' dir='ltr'>ex</span> <span class='ocrx_word' id='word_1_316' title='bbox 464 2369 616 2403; x_wconf 81' lang='lat' dir='ltr'>extremis</span> <span class='ocrx_word' id='word_1_317' title='bbox 636 2367 829 2402; x_wconf 75' lang='lat' dir='ltr'>formalibus</span> <span class='ocrx_word' id='word_1_318' title='bbox 854 2367 889 2400; x_wconf 77' lang='grc' dir='ltr'>δι</span> <span class='ocrx_word' id='word_1_319' title='bbox 910 2367 1073 2400; x_wconf 70' lang='lat' dir='ltr'>actionum</span> 
     </span>
     <span class='ocr_line' id='line_1_46' title="bbox 210 2416 1073 2464; baseline -0.007 -11"><span class='ocrx_word' id='word_1_320' title='bbox 210 2420 434 2464; x_wconf 79' lang='lat' dir='ltr'>specificativis</span> <span class='ocrx_word' id='word_1_321' title='bbox 453 2431 464 2450; x_wconf 68' lang='grc' dir='ltr'><strong><em>τ</em></strong></span> <span class='ocrx_word' id='word_1_322' title='bbox 493 2417 582 2462; x_wconf 77' lang='lat' dir='ltr'>Ergo</span> <span class='ocrx_word' id='word_1_323' title='bbox 606 2417 692 2451; x_wconf 62' lang='lat' dir='ltr'>actio</span> <span class='ocrx_word' id='word_1_324' title='bbox 712 2418 851 2451; x_wconf 88' lang='lat' dir='ltr'>univoca</span> <span class='ocrx_word' id='word_1_325' title='bbox 879 2416 913 2448; x_wconf 80' lang='grc' dir='ltr'>δε</span> <span class='ocrx_word' id='word_1_326' title='bbox 935 2416 1073 2458; x_wconf 81' lang='lat' dir='ltr'>aequivo-</span> 
     </span>
     <span class='ocr_line' id='line_1_47' title="bbox 207 2464 1072 2509; baseline -0.003 -6"><span class='ocrx_word' id='word_1_327' title='bbox 207 2480 248 2504; x_wconf 87' lang='lat' dir='ltr'>ca</span> <span class='ocrx_word' id='word_1_328' title='bbox 271 2477 341 2503; x_wconf 84' lang='lat' dir='ltr'>non</span> <span class='ocrx_word' id='word_1_329' title='bbox 361 2469 406 2502; x_wconf 82' lang='lat' dir='ltr'>est</span> <span class='ocrx_word' id='word_1_330' title='bbox 419 2469 496 2509; x_wconf 78' lang='lat' dir='ltr'>illa,</span> <span class='ocrx_word' id='word_1_331' title='bbox 522 2478 593 2509; x_wconf 84' lang='lat' dir='ltr'>quae</span> <span class='ocrx_word' id='word_1_332' title='bbox 609 2464 748 2502; x_wconf 77' lang='lat' dir='ltr'>versatur</span> <span class='ocrx_word' id='word_1_333' title='bbox 767 2466 851 2502; x_wconf 86' lang='lat' dir='ltr'>inter</span> <span class='ocrx_word' id='word_1_334' title='bbox 872 2466 986 2499; x_wconf 87' lang='lat' dir='ltr'>totalia</span> <span class='ocrx_word' id='word_1_335' title='bbox 999 2465 1072 2506; x_wconf 79' lang='lat' dir='ltr'>ejus-</span> 
     </span>
     <span class='ocr_line' id='line_1_48' title="bbox 155 2514 1069 2564; baseline -0.004 -11"><span class='ocrx_word' id='word_1_336' title='bbox 155 2556 161 2561; x_wconf 33' lang='grc' dir='ltr'><em>Ι</em></span> <span class='ocrx_word' id='word_1_337' title='bbox 207 2518 283 2564; x_wconf 73' lang='lat' dir='ltr'>dem</span> <span class='ocrx_word' id='word_1_338' title='bbox 307 2519 360 2552; x_wconf 90' lang='lat' dir='ltr'>vel</span> <span class='ocrx_word' id='word_1_339' title='bbox 370 2518 500 2552; x_wconf 83' lang='lat' dir='ltr'>diversae</span> <span class='ocrx_word' id='word_1_340' title='bbox 519 2517 635 2560; x_wconf 84' lang='lat' dir='ltr'>speciei</span> <span class='ocrx_word' id='word_1_341' title='bbox 656 2526 822 2560; x_wconf 81' lang='lat' dir='ltr'>extrema;</span> <span class='ocrx_word' id='word_1_342' title='bbox 849 2514 903 2551; x_wconf 81' lang='lat' dir='ltr'>sed</span> <span class='ocrx_word' id='word_1_343' title='bbox 925 2516 971 2550; x_wconf 80' lang='lat' dir='ltr'>est</span> <span class='ocrx_word' id='word_1_344' title='bbox 995 2515 1069 2554; x_wconf 85' lang='lat' dir='ltr'>illa,</span> 
     </span>
     <span class='ocr_line' id='line_1_49' title="bbox 209 2565 1072 2611; baseline -0.005 -9"><span class='ocrx_word' id='word_1_345' title='bbox 209 2579 279 2611; x_wconf 76' lang='lat' dir='ltr'>quae</span> <span class='ocrx_word' id='word_1_346' title='bbox 298 2567 537 2602; x_wconf 81' lang='lat' dir='ltr'>versaturinter</span> <span class='ocrx_word' id='word_1_347' title='bbox 546 2567 696 2600; x_wconf 87' lang='lat' dir='ltr'>formalia</span> <span class='ocrx_word' id='word_1_348' title='bbox 706 2567 848 2609; x_wconf 80' lang='lat' dir='ltr'>ejusdem</span> <span class='ocrx_word' id='word_1_349' title='bbox 871 2565 921 2599; x_wconf 86' lang='lat' dir='ltr'>vel</span> <span class='ocrx_word' id='word_1_350' title='bbox 946 2565 1072 2600; x_wconf 72' lang='lat' dir='ltr'>diversae</span> 
     </span>
     <span class='ocr_line' id='line_1_50' title="bbox 205 2615 1072 2661; baseline -0.006 -9"><span class='ocrx_word' id='word_1_351' title='bbox 205 2618 326 2661; x_wconf 83' lang='lat' dir='ltr'>speciei</span> <span class='ocrx_word' id='word_1_352' title='bbox 349 2627 492 2651; x_wconf 82' lang='lat' dir='ltr'>extrema</span> <span class='ocrx_word' id='word_1_353' title='bbox 512 2628 520 2647; x_wconf 93' lang='lat'>:</span> <span class='ocrx_word' id='word_1_354' title='bbox 550 2615 654 2658; x_wconf 84' lang='lat' dir='ltr'>Atqui</span> <span class='ocrx_word' id='word_1_355' title='bbox 677 2617 828 2660; x_wconf 84' lang='lat' dir='ltr'>genitum</span> <span class='ocrx_word' id='word_1_356' title='bbox 853 2616 888 2651; x_wconf 64' lang='grc' dir='ltr'>ὃς</span> <span class='ocrx_word' id='word_1_357' title='bbox 912 2626 1072 2659; x_wconf 84' lang='lat' dir='ltr'>generans</span> 
     </span>
     <span class='ocr_line' id='line_1_51' title="bbox 205 2665 1070 2710; baseline -0.002 -10"><span class='ocrx_word' id='word_1_358' title='bbox 205 2669 281 2701; x_wconf 87' lang='lat' dir='ltr'>sunt</span> <span class='ocrx_word' id='word_1_359' title='bbox 292 2676 435 2701; x_wconf 84' lang='lat' dir='ltr'>extrema</span> <span class='ocrx_word' id='word_1_360' title='bbox 454 2666 673 2710; x_wconf 81' lang='lat' dir='ltr'>generationis</span> <span class='ocrx_word' id='word_1_361' title='bbox 684 2666 798 2699; x_wconf 84' lang='lat' dir='ltr'>totalia</span> <span class='ocrx_word' id='word_1_362' title='bbox 813 2679 825 2699; x_wconf 84' lang='lat'>.·</span> <span class='ocrx_word' id='word_1_363' title='bbox 851 2675 887 2700; x_wconf 90' lang='lat' dir='ltr'>ut</span> <span class='ocrx_word' id='word_1_364' title='bbox 898 2665 991 2699; x_wconf 83' lang='lat' dir='ltr'>novit</span> <span class='ocrx_word' id='word_1_365' title='bbox 1004 2676 1070 2699; x_wconf 92' lang='lat' dir='ltr'>om-</span> 
     </span>
     <span class='ocr_line' id='line_1_52' title="bbox 204 2713 1069 2761; baseline -0.003 -10"><span class='ocrx_word' id='word_1_366' title='bbox 204 2718 281 2755; x_wconf 83' lang='lat' dir='ltr'>nis,</span> <span class='ocrx_word' id='word_1_367' title='bbox 304 2718 361 2760; x_wconf 89' lang='lat' dir='ltr'>qui</span> <span class='ocrx_word' id='word_1_368' title='bbox 381 2716 537 2761; x_wconf 80' lang='lat' dir='ltr'>terminos</span> <span class='ocrx_word' id='word_1_369' title='bbox 562 2715 670 2757; x_wconf 84' lang='lat' dir='ltr'>capit.</span> <span class='ocrx_word' id='word_1_370' title='bbox 700 2713 789 2759; x_wconf 73' lang='lat' dir='ltr'>Ergo</span> <span class='ocrx_word' id='word_1_371' title='bbox 815 2715 904 2748; x_wconf 66' lang='lat' dir='ltr'>actio</span> <span class='ocrx_word' id='word_1_372' title='bbox 926 2715 1069 2748; x_wconf 89' lang='lat' dir='ltr'>univoca</span> 
     </span>
     <span class='ocr_line' id='line_1_53' title="bbox 204 2763 1068 2810; baseline -0.005 -8"><span class='ocrx_word' id='word_1_373' title='bbox 204 2768 415 2810; x_wconf 78' lang='lat' dir='ltr'>&amp;aequivoca</span> <span class='ocrx_word' id='word_1_374' title='bbox 437 2777 505 2800; x_wconf 87' lang='lat' dir='ltr'>non</span> <span class='ocrx_word' id='word_1_375' title='bbox 526 2765 605 2798; x_wconf 68' lang='lat' dir='ltr'>reste</span> <span class='ocrx_word' id='word_1_376' title='bbox 617 2764 736 2798; x_wconf 77' lang='lat' dir='ltr'>dicitur</span> <span class='ocrx_word' id='word_1_377' title='bbox 754 2764 816 2797; x_wconf 78' lang='lat' dir='ltr'>effe</span> <span class='ocrx_word' id='word_1_378' title='bbox 841 2763 918 2802; x_wconf 89' lang='lat' dir='ltr'>illa,</span> <span class='ocrx_word' id='word_1_379' title='bbox 944 2765 979 2797; x_wconf 87' lang='lat' dir='ltr'>in</span> <span class='ocrx_word' id='word_1_380' title='bbox 1005 2775 1068 2807; x_wconf 87' lang='lat' dir='ltr'>qua</span> 
     </span>
     <span class='ocr_line' id='line_1_54' title="bbox 203 2813 1068 2871; baseline -0.003 -21"><span class='ocrx_word' id='word_1_381' title='bbox 203 2818 354 2860; x_wconf 87' lang='lat' dir='ltr'>genitum</span> <span class='ocrx_word' id='word_1_382' title='bbox 373 2816 406 2850; x_wconf 78' lang='grc' dir='ltr'>δε</span> <span class='ocrx_word' id='word_1_383' title='bbox 428 2825 587 2861; x_wconf 84' lang='lat' dir='ltr'>generans</span> <span class='ocrx_word' id='word_1_384' title='bbox 612 2815 686 2847; x_wconf 86' lang='lat' dir='ltr'>sunt</span> <span class='ocrx_word' id='word_1_385' title='bbox 705 2813 846 2871; x_wconf 78' lang='lat' dir='ltr'>ejusdem</span> <span class='ocrx_word' id='word_1_386' title='bbox 872 2813 922 2847; x_wconf 90' lang='lat' dir='ltr'>vel</span> <span class='ocrx_word' id='word_1_387' title='bbox 940 2814 1068 2848; x_wconf 81' lang='lat' dir='ltr'>diversae</span> 
     </span>
     <span class='ocr_line' id='line_1_55' title="bbox 203 2859 1067 2909; baseline -0.002 -9"><span class='ocrx_word' id='word_1_388' title='bbox 203 2859 416 2909; x_wconf 81' lang='lat' dir='ltr'>speciei.1n</span> <span class='ocrx_word' id='word_1_389' title='bbox 439 2865 504 2899; x_wconf 91' lang='lat' dir='ltr'>hoc</span> <span class='ocrx_word' id='word_1_390' title='bbox 524 2873 719 2909; x_wconf 84' lang='lat' dir='ltr'>argumento</span> <span class='ocrx_word' id='word_1_391' title='bbox 745 2864 858 2897; x_wconf 88' lang='lat' dir='ltr'>omnia</span> <span class='ocrx_word' id='word_1_392' title='bbox 885 2864 959 2897; x_wconf 88' lang='lat' dir='ltr'>sunt</span> <span class='ocrx_word' id='word_1_393' title='bbox 983 2862 1067 2898; x_wconf 83' lang='lat' dir='ltr'>clara</span> 
     </span>
     <span class='ocr_line' id='line_1_56' title="bbox 202 2914 1067 2960; baseline -0.002 -11"><span class='ocrx_word' id='word_1_394' title='bbox 202 2927 314 2960; x_wconf 71' lang='lat' dir='ltr'>praeter</span> <span class='ocrx_word' id='word_1_395' title='bbox 340 2914 534 2950; x_wconf 79' lang='lat' dir='ltr'>antecedens</span> <span class='ocrx_word' id='word_1_396' title='bbox 557 2938 566 2947; x_wconf 90' lang='lat'><strong>.</strong></span> <span class='ocrx_word' id='word_1_397' title='bbox 595 2921 654 2949; x_wconf 86' lang='lat' dir='ltr'>Hoc</span> <span class='ocrx_word' id='word_1_398' title='bbox 679 2925 745 2957; x_wconf 83' lang='lat' dir='ltr'>ergo</span> <span class='ocrx_word' id='word_1_399' title='bbox 765 2914 910 2956; x_wconf 81' lang='lat' dir='ltr'>probatur</span> <span class='ocrx_word' id='word_1_400' title='bbox 936 2926 944 2945; x_wconf 90' lang='lat'>:</span> <span class='ocrx_word' id='word_1_401' title='bbox 976 2914 1067 2960; x_wconf 81' lang='lat' dir='ltr'>Qia</span> 
     </span>
     <span class='ocr_line' id='line_1_57' title="bbox 201 2962 1068 3009; baseline -0.002 -10"><span class='ocrx_word' id='word_1_402' title='bbox 201 2965 423 3009; x_wconf 81' lang='lat' dir='ltr'>philosophari</span> <span class='ocrx_word' id='word_1_403' title='bbox 462 2975 521 2999; x_wconf 87' lang='lat' dir='ltr'>nos</span> <span class='ocrx_word' id='word_1_404' title='bbox 553 2974 683 3007; x_wconf 83' lang='lat' dir='ltr'>oportet</span> <span class='ocrx_word' id='word_1_405' title='bbox 710 2962 752 2997; x_wconf 86' lang='lat' dir='ltr'>de</span> <span class='ocrx_word' id='word_1_406' title='bbox 778 2962 1012 2997; x_wconf 78' lang='lat' dir='ltr'>univocatione</span> <span class='ocrx_word' id='word_1_407' title='bbox 1034 2964 1068 2997; x_wconf 77' lang='grc' dir='ltr'>δε</span> 
     </span>
     <span class='ocr_line' id='line_1_58' title="bbox 201 3011 1067 3060; baseline -0.005 -10"><span class='ocrx_word' id='word_1_408' title='bbox 201 3016 460 3060; x_wconf 71' lang='lat' dir='ltr'>aequivocatione</span> <span class='ocrx_word' id='word_1_409' title='bbox 490 3015 625 3049; x_wconf 73' lang='lat' dir='ltr'>astionis</span> <span class='ocrx_word' id='word_1_410' title='bbox 655 3038 666 3053; x_wconf 93' lang='lat'>‚</span> <span class='ocrx_word' id='word_1_411' title='bbox 711 3014 760 3047; x_wconf 89' lang='lat' dir='ltr'>uti</span> <span class='ocrx_word' id='word_1_412' title='bbox 796 3011 1067 3057; x_wconf 80' lang='lat' dir='ltr'>philosophamur</span> 
     </span>
     <span class='ocr_line' id='line_1_59' title="bbox 203 3060 1066 3107; baseline -0.002 -8"><span class='ocrx_word' id='word_1_413' title='bbox 203 3065 248 3099; x_wconf 81' lang='lat' dir='ltr'>de</span> <span class='ocrx_word' id='word_1_414' title='bbox 266 3060 829 3107; x_wconf 71' lang='lat' dir='ltr'>univocatione&amp;aequivocatione</span> <span class='ocrx_word' id='word_1_415' title='bbox 850 3062 1066 3107; x_wconf 76' lang='lat' dir='ltr'>significatio-</span> 
     </span>
     <span class='ocr_line' id='line_1_60' title="bbox 203 3112 1066 3158; baseline -0.002 -10"><span class='ocrx_word' id='word_1_416' title='bbox 203 3116 256 3148; x_wconf 88' lang='lat' dir='ltr'>nis</span> <span class='ocrx_word' id='word_1_417' title='bbox 279 3129 290 3149; x_wconf 85' lang='lat'>.-</span> <span class='ocrx_word' id='word_1_418' title='bbox 322 3115 482 3158; x_wconf 79' lang='lat' dir='ltr'>Adeoque</span> <span class='ocrx_word' id='word_1_419' title='bbox 510 3126 551 3149; x_wconf 80' lang='lat' dir='ltr'>ex</span> <span class='ocrx_word' id='word_1_420' title='bbox 573 3114 685 3148; x_wconf 77' lang='lat' dir='ltr'>eadem</span> <span class='ocrx_word' id='word_1_421' title='bbox 711 3113 819 3147; x_wconf 85' lang='lat' dir='ltr'>radice</span> <span class='ocrx_word' id='word_1_422' title='bbox 844 3137 855 3152; x_wconf 87' lang='lat'>,</span> <span class='ocrx_word' id='word_1_423' title='bbox 882 3112 1066 3156; x_wconf 83' lang='lat' dir='ltr'>eodemque</span> 
     </span>
     <span class='ocr_line' id='line_1_61' title="bbox 204 3161 1061 3209; baseline -0.002 -11"><span class='ocrx_word' id='word_1_424' title='bbox 204 3164 367 3209; x_wconf 85' lang='lat' dir='ltr'>principio</span> <span class='ocrx_word' id='word_1_425' title='bbox 388 3162 514 3198; x_wconf 81' lang='lat' dir='ltr'>haurire</span> <span class='ocrx_word' id='word_1_426' title='bbox 538 3174 665 3207; x_wconf 82' lang='lat' dir='ltr'>oportet</span> <span class='ocrx_word' id='word_1_427' title='bbox 688 3173 858 3205; x_wconf 87' lang='lat' dir='ltr'>utramque</span> <span class='ocrx_word' id='word_1_428' title='bbox 885 3161 970 3196; x_wconf 84' lang='lat' dir='ltr'>hanc</span> <span class='ocrx_word' id='word_1_429' title='bbox 995 3164 1061 3196; x_wconf 83' lang='lat' dir='ltr'>uni·</span> 
     </span>
     <span class='ocr_line' id='line_1_62' title="bbox 203 3212 1068 3258; baseline -0.001 -10"><span class='ocrx_word' id='word_1_430' title='bbox 203 3215 413 3249; x_wconf 88' lang='lat' dir='ltr'>vocationem</span> <span class='ocrx_word' id='word_1_431' title='bbox 432 3214 764 3258; x_wconf 71' lang='lat' dir='ltr'>&amp;aequivocationem</span> <span class='ocrx_word' id='word_1_432' title='bbox 789 3237 795 3244; x_wconf 95' lang='lat'>.</span> <span class='ocrx_word' id='word_1_433' title='bbox 824 3212 928 3255; x_wconf 85' lang='lat' dir='ltr'>Atqui</span> <span class='ocrx_word' id='word_1_434' title='bbox 953 3213 1068 3247; x_wconf 86' lang='lat' dir='ltr'>univo-</span> 
     </span>
     <span class='ocr_line' id='line_1_63' title="bbox 204 3262 1067 3308; baseline -0.003 -9"><span class='ocrx_word' id='word_1_435' title='bbox 204 3265 292 3299; x_wconf 85' lang='lat' dir='ltr'>catio</span> <span class='ocrx_word' id='word_1_436' title='bbox 317 3265 351 3298; x_wconf 90' lang='lat'>&amp;</span> <span class='ocrx_word' id='word_1_437' title='bbox 369 3263 582 3307; x_wconf 73' lang='lat' dir='ltr'>aequivocatio</span> <span class='ocrx_word' id='word_1_438' title='bbox 606 3263 854 3308; x_wconf 75' lang='lat' dir='ltr'>significationis</span> <span class='ocrx_word' id='word_1_439' title='bbox 890 3262 1067 3297; x_wconf 89' lang='lat' dir='ltr'>desumitur</span> 
     </span>
     <span class='ocr_line' id='line_1_64' title="bbox 203 3312 1067 3358; baseline -0.002 -9"><span class='ocrx_word' id='word_1_440' title='bbox 203 3327 246 3349; x_wconf 85' lang='lat' dir='ltr'>ex</span> <span class='ocrx_word' id='word_1_441' title='bbox 258 3313 445 3358; x_wconf 79' lang='lat' dir='ltr'>significatis</span> <span class='ocrx_word' id='word_1_442' title='bbox 472 3314 675 3348; x_wconf 76' lang='lat' dir='ltr'>formalibus:</span> <span class='ocrx_word' id='word_1_443' title='bbox 710 3312 845 3346; x_wconf 79' lang='lat' dir='ltr'>Etenim</span> <span class='ocrx_word' id='word_1_444' title='bbox 871 3312 1067 3358; x_wconf 67' lang='lat' dir='ltr'>significatio</span> 
     </span>
     <span class='ocr_line' id='line_1_65' title="bbox 205 3361 1066 3406; baseline -0.001 -8"><span class='ocrx_word' id='word_1_445' title='bbox 205 3365 346 3398; x_wconf 88' lang='lat' dir='ltr'>univoca</span> <span class='ocrx_word' id='word_1_446' title='bbox 369 3362 581 3406; x_wconf 84' lang='lat' dir='ltr'>&amp;aequivoca</span> <span class='ocrx_word' id='word_1_447' title='bbox 595 3365 669 3397; x_wconf 89' lang='lat' dir='ltr'>sunt</span> <span class='ocrx_word' id='word_1_448' title='bbox 686 3363 747 3396; x_wconf 73' lang='lat' dir='ltr'>illae</span> <span class='ocrx_word' id='word_1_449' title='bbox 760 3387 769 3402; x_wconf 85' lang='lat'><strong>‚</strong></span> <span class='ocrx_word' id='word_1_450' title='bbox 796 3374 868 3405; x_wconf 84' lang='lat' dir='ltr'>quae</span> <span class='ocrx_word' id='word_1_451' title='bbox 881 3361 1066 3405; x_wconf 71' lang='lat' dir='ltr'>significant</span> 
     </span>
     <span class='ocr_line' id='line_1_66' title="bbox 205 3411 1064 3455; baseline 0.001 -9"><span class='ocrx_word' id='word_1_452' title='bbox 205 3414 296 3455; x_wconf 82' lang='lat' dir='ltr'>plura</span> <span class='ocrx_word' id='word_1_453' title='bbox 317 3413 430 3447; x_wconf 81' lang='lat' dir='ltr'>fimi-lia</span> <span class='ocrx_word' id='word_1_454' title='bbox 450 3437 461 3453; x_wconf 88' lang='lat'>‚</span> <span class='ocrx_word' id='word_1_455' title='bbox 487 3412 537 3446; x_wconf 86' lang='lat' dir='ltr'>vel</span> <span class='ocrx_word' id='word_1_456' title='bbox 558 3413 717 3446; x_wconf 81' lang='lat' dir='ltr'>diffimilia</span> <span class='ocrx_word' id='word_1_457' title='bbox 739 3413 772 3445; x_wconf 91' lang='lat' dir='ltr'>in</span> <span class='ocrx_word' id='word_1_458' title='bbox 796 3414 855 3445; x_wconf 90' lang='lat' dir='ltr'>suo</span> <span class='ocrx_word' id='word_1_459' title='bbox 878 3411 1064 3455; x_wconf 68' lang='lat' dir='ltr'>significato</span> 
     </span>
     <span class='ocr_line' id='line_1_67' title="bbox 206 3460 1065 3505; baseline -0.002 -8"><span class='ocrx_word' id='word_1_460' title='bbox 206 3463 356 3504; x_wconf 66' lang='lat' dir='ltr'>ibrmali3</span> <span class='ocrx_word' id='word_1_461' title='bbox 385 3464 431 3497; x_wconf 88' lang='lat' dir='ltr'>uti</span> <span class='ocrx_word' id='word_1_462' title='bbox 455 3462 529 3495; x_wconf 83' lang='lat' dir='ltr'>dixi·</span> <span class='ocrx_word' id='word_1_463' title='bbox 550 3463 583 3495; x_wconf 93' lang='lat' dir='ltr'>in</span> <span class='ocrx_word' id='word_1_464' title='bbox 597 3461 807 3504; x_wconf 65' lang='lat' dir='ltr'>Parodidagm.</span> <span class='ocrx_word' id='word_1_465' title='bbox 838 3460 916 3505; x_wconf 82' lang='lat' dir='ltr'>disp.</span> <span class='ocrx_word' id='word_1_466' title='bbox 933 3463 1065 3497; x_wconf 75' lang='lat' dir='ltr'>1o.dub.</span> 
     </span>
    </p>

    <p class='ocr_par' dir='ltr' id='par_1_4' title="bbox 308 3512 794 3555">
     <span class='ocr_line' id='line_1_68' title="bbox 308 3512 794 3555; baseline 0.002 -11"><span class='ocrx_word' id='word_1_467' title='bbox 308 3512 413 3552; x_wconf 61' lang='lat' dir='ltr'>christ.</span> <span class='ocrx_word' id='word_1_468' title='bbox 435 3513 514 3555; x_wconf 76' lang='lat' dir='ltr'>Lupi</span> <span class='ocrx_word' id='word_1_469' title='bbox 525 3517 621 3555; x_wconf 82' lang='lat' dir='ltr'>Opera</span> <span class='ocrx_word' id='word_1_470' title='bbox 632 3515 711 3547; x_wconf 86' lang='lat' dir='ltr'>Tom.</span> <span class='ocrx_word' id='word_1_471' title='bbox 723 3515 794 3545; x_wconf 82' lang='lat' dir='ltr'><strong><em>XII.</em></strong></span> 
     </span>
    </p>
   </div>
   <div class='ocr_carea' id='block_1_3' title="bbox 1112 1970 2008 2068">
    <p class='ocr_par' dir='ltr' id='par_1_5' title="bbox 1112 1970 2008 2068">
     <span class='ocr_line' id='line_1_69' title="bbox 1130 1970 1600 2013; baseline -0.011 -7"><span class='ocrx_word' id='word_1_472' title='bbox 1130 1972 1220 2006; x_wconf 88' lang='lat' dir='ltr'>-mini</span> <span class='ocrx_word' id='word_1_473' title='bbox 1249 1970 1398 2005; x_wconf 88' lang='lat' dir='ltr'>formalis</span> <span class='ocrx_word' id='word_1_474' title='bbox 1424 1970 1571 2013; x_wconf 70' lang='lat' dir='ltr'>produsti</span> <span class='ocrx_word' id='word_1_475' title='bbox 1592 1993 1600 2001; x_wconf 83' lang='lat'><strong><em>.</em></strong></span> 
     </span>
     <span class='ocr_line' id='line_1_70' title="bbox 1112 2020 2008 2068; baseline 0 -13"><span class='ocrx_word' id='word_1_476' title='bbox 1112 2060 1116 2062; x_wconf 64' lang='lat'><em>,</em></span> <span class='ocrx_word' id='word_1_477' title='bbox 1138 2023 1181 2056; x_wconf 91' lang='lat' dir='ltr'>bo</span> <span class='ocrx_word' id='word_1_478' title='bbox 1203 2034 1211 2054; x_wconf 75' lang='grc' dir='ltr'><strong><em>ε</em></strong></span> <span class='ocrx_word' id='word_1_479' title='bbox 1239 2021 1329 2068; x_wconf 80' lang='lat' dir='ltr'>Qia</span> <span class='ocrx_word' id='word_1_480' title='bbox 1358 2031 1425 2056; x_wconf 87' lang='lat' dir='ltr'>non</span> <span class='ocrx_word' id='word_1_481' title='bbox 1454 2020 1550 2059; x_wconf 75' lang='lat' dir='ltr'>credo</span> <span class='ocrx_word' id='word_1_482' title='bbox 1576 2020 1645 2053; x_wconf 87' lang='lat' dir='ltr'>fore</span> <span class='ocrx_word' id='word_1_483' title='bbox 1672 2043 1683 2059; x_wconf 91' lang='lat'>,</span> <span class='ocrx_word' id='word_1_484' title='bbox 1720 2031 1756 2055; x_wconf 87' lang='lat' dir='ltr'>ut</span> <span class='ocrx_word' id='word_1_485' title='bbox 1783 2021 1941 2065; x_wconf 84' lang='lat' dir='ltr'>quispiam</span> <span class='ocrx_word' id='word_1_486' title='bbox 1966 2022 2008 2056; x_wconf 83' lang='lat' dir='ltr'>de</span> 
     </span>
    </p>
   </div>
   <div class='ocr_carea' id='block_1_4' title="bbox 1105 2463 1471 2499">
    <p class='ocr_par' dir='ltr' id='par_1_6' title="bbox 1105 2463 1471 2499">
     <span class='ocr_line' id='line_1_71' title="bbox 1105 2463 1471 2499; baseline -0.008 0"><span class='ocrx_word' id='word_1_487' title='bbox 1105 2472 1108 2475; x_wconf 90' lang='lat'>&#39;</span> <span class='ocrx_word' id='word_1_488' title='bbox 1135 2466 1238 2499; x_wconf 82' lang='lat' dir='ltr'>cantis</span> <span class='ocrx_word' id='word_1_489' title='bbox 1272 2463 1428 2499; x_wconf 82' lang='lat' dir='ltr'>terminus</span> <span class='ocrx_word' id='word_1_490' title='bbox 1463 2487 1471 2495; x_wconf 94' lang='lat'>.</span> 
     </span>
    </p>
   </div>
   <div class='ocr_carea' id='block_1_5' title="bbox 1874 164 1979 207">
    <p class='ocr_par' dir='ltr' id='par_1_7' title="bbox 1874 164 1979 207">
     <span class='ocr_line' id='line_1_72' title="bbox 1874 164 1979 207; baseline -0.01 -11"><span class='ocrx_word' id='word_1_491' title='bbox 1874 164 1979 207; x_wconf 83' lang='lat'>321-</span> 
     </span>
    </p>
   </div>
   <div class='ocr_carea' id='block_1_6' title="bbox 1136 228 2006 1122">
    <p class='ocr_par' dir='ltr' id='par_1_8' title="bbox 1139 228 1999 472">
     <span class='ocr_line' id='line_1_73' title="bbox 1139 228 1997 276; baseline 0.009 -16"><span class='ocrx_word' id='word_1_492' title='bbox 1139 240 1170 269; x_wconf 77' lang='lat'>2.</span> <span class='ocrx_word' id='word_1_493' title='bbox 1199 231 1232 264; x_wconf 66' lang='lat'>&lt;02⁴</span> <span class='ocrx_word' id='word_1_494' title='bbox 1248 239 1280 276; x_wconf 86' lang='lat'>3.</span> <span class='ocrx_word' id='word_1_495' title='bbox 1302 228 1391 271; x_wconf 74' lang='lat' dir='ltr'>Ergo</span> <span class='ocrx_word' id='word_1_496' title='bbox 1407 229 1505 264; x_wconf 86' lang='lat' dir='ltr'>etiam</span> <span class='ocrx_word' id='word_1_497' title='bbox 1519 229 1709 266; x_wconf 85' lang='lat' dir='ltr'>univocatio</span> <span class='ocrx_word' id='word_1_498' title='bbox 1731 231 1766 269; x_wconf 71' lang='grc' dir='ltr'>ὅ(</span> <span class='ocrx_word' id='word_1_499' title='bbox 1784 231 1997 276; x_wconf 72' lang='lat' dir='ltr'>aequivocatio</span> 
     </span>
     <span class='ocr_line' id='line_1_74' title="bbox 1141 278 1994 317; baseline 0.005 -5"><span class='ocrx_word' id='word_1_500' title='bbox 1141 280 1276 316; x_wconf 67' lang='lat' dir='ltr'>actionis</span> <span class='ocrx_word' id='word_1_501' title='bbox 1297 279 1421 312; x_wconf 86' lang='lat' dir='ltr'>desumi</span> <span class='ocrx_word' id='word_1_502' title='bbox 1440 278 1537 312; x_wconf 90' lang='lat' dir='ltr'>debet</span> <span class='ocrx_word' id='word_1_503' title='bbox 1559 291 1599 313; x_wconf 87' lang='lat' dir='ltr'>ex</span> <span class='ocrx_word' id='word_1_504' title='bbox 1618 282 1762 315; x_wconf 85' lang='lat' dir='ltr'>terminis</span> <span class='ocrx_word' id='word_1_505' title='bbox 1784 282 1994 317; x_wconf 82' lang='lat' dir='ltr'>formalibus:</span> 
     </span>
     <span class='ocr_line' id='line_1_75' title="bbox 1141 327 1999 372; baseline 0.003 -7"><span class='ocrx_word' id='word_1_506' title='bbox 1141 331 1302 372; x_wconf 85' lang='lat' dir='ltr'>Adeoque</span> <span class='ocrx_word' id='word_1_507' title='bbox 1313 329 1376 362; x_wconf 82' lang='lat' dir='ltr'>istae</span> <span class='ocrx_word' id='word_1_508' title='bbox 1389 330 1531 362; x_wconf 71' lang='lat' dir='ltr'>actiones</span> <span class='ocrx_word' id='word_1_509' title='bbox 1549 327 1677 363; x_wconf 79' lang='lat' dir='ltr'>definiri</span> <span class='ocrx_word' id='word_1_510' title='bbox 1698 331 1814 366; x_wconf 82' lang='lat' dir='ltr'>debent</span> <span class='ocrx_word' id='word_1_511' title='bbox 1839 332 1904 366; x_wconf 86' lang='lat' dir='ltr'>hoc</span> <span class='ocrx_word' id='word_1_512' title='bbox 1927 344 1999 368; x_wconf 90' lang='lat' dir='ltr'>mo-</span> 
     </span>
     <span class='ocr_line' id='line_1_76' title="bbox 1140 379 1996 425; baseline 0.006 -14"><span class='ocrx_word' id='word_1_513' title='bbox 1140 380 1202 414; x_wconf 87' lang='lat' dir='ltr'>do:</span> <span class='ocrx_word' id='word_1_514' title='bbox 1231 379 1312 412; x_wconf 85' lang='lat' dir='ltr'>Sunt</span> <span class='ocrx_word' id='word_1_515' title='bbox 1325 379 1406 412; x_wconf 67' lang='lat' dir='ltr'>aelio</span> <span class='ocrx_word' id='word_1_516' title='bbox 1430 379 1557 415; x_wconf 78' lang='lat' dir='ltr'>versans</span> <span class='ocrx_word' id='word_1_517' title='bbox 1582 380 1667 411; x_wconf 87' lang='lat' dir='ltr'>inter</span> <span class='ocrx_word' id='word_1_518' title='bbox 1679 379 1826 416; x_wconf 81' lang='lat' dir='ltr'>formalia</span> <span class='ocrx_word' id='word_1_519' title='bbox 1853 382 1996 425; x_wconf 79' lang='lat' dir='ltr'>ejusdem</span> 
     </span>
     <span class='ocr_line' id='line_1_77' title="bbox 1141 429 1667 472; baseline -0.008 -9"><span class='ocrx_word' id='word_1_520' title='bbox 1141 429 1192 464; x_wconf 88' lang='lat' dir='ltr'>vel</span> <span class='ocrx_word' id='word_1_521' title='bbox 1210 429 1338 464; x_wconf 72' lang='lat' dir='ltr'>diversae</span> <span class='ocrx_word' id='word_1_522' title='bbox 1360 429 1472 472; x_wconf 85' lang='lat' dir='ltr'>speciei</span> <span class='ocrx_word' id='word_1_523' title='bbox 1495 439 1642 463; x_wconf 81' lang='lat' dir='ltr'>extrema</span> <span class='ocrx_word' id='word_1_524' title='bbox 1660 451 1667 459; x_wconf 94' lang='lat'><strong>.</strong></span> 
     </span>
    </p>

    <p class='ocr_par' dir='ltr' id='par_1_9' title="bbox 1136 477 2006 1122">
     <span class='ocr_line' id='line_1_78' title="bbox 1191 477 1999 527; baseline 0.006 -16"><span class='ocrx_word' id='word_1_525' title='bbox 1191 490 1222 527; x_wconf 87' lang='lat'>9.</span> <span class='ocrx_word' id='word_1_526' title='bbox 1239 479 1336 514; x_wconf 75' lang='lat' dir='ltr'>Astio</span> <span class='ocrx_word' id='word_1_527' title='bbox 1349 479 1426 523; x_wconf 82' lang='lat' dir='ltr'>ergo</span> <span class='ocrx_word' id='word_1_528' title='bbox 1439 481 1579 513; x_wconf 81' lang='lat' dir='ltr'>univoca</span> <span class='ocrx_word' id='word_1_529' title='bbox 1590 479 1623 512; x_wconf 70' lang='grc' dir='ltr'>δι</span> <span class='ocrx_word' id='word_1_530' title='bbox 1636 477 1799 521; x_wconf 78' lang='lat' dir='ltr'>aequivoca</span> <span class='ocrx_word' id='word_1_531' title='bbox 1811 483 1882 516; x_wconf 88' lang='lat' dir='ltr'>sunt</span> <span class='ocrx_word' id='word_1_532' title='bbox 1892 482 1976 516; x_wconf 73' lang='lat' dir='ltr'>acrio</span> <span class='ocrx_word' id='word_1_533' title='bbox 1987 506 1999 523; x_wconf 88' lang='lat'>,</span> 
     </span>
     <span class='ocr_line' id='line_1_79' title="bbox 1141 528 1999 573; baseline 0.003 -11"><span class='ocrx_word' id='word_1_534' title='bbox 1141 529 1174 563; x_wconf 91' lang='lat' dir='ltr'>in</span> <span class='ocrx_word' id='word_1_535' title='bbox 1197 540 1261 570; x_wconf 88' lang='lat' dir='ltr'>qua</span> <span class='ocrx_word' id='word_1_536' title='bbox 1286 530 1479 573; x_wconf 88' lang='lat' dir='ltr'>principium</span> <span class='ocrx_word' id='word_1_537' title='bbox 1503 528 1640 565; x_wconf 83' lang='lat' dir='ltr'>formale</span> <span class='ocrx_word' id='word_1_538' title='bbox 1663 528 1865 564; x_wconf 72' lang='lat' dir='ltr'>&amp;terminus</span> <span class='ocrx_word' id='word_1_539' title='bbox 1883 532 1999 565; x_wconf 86' lang='lat' dir='ltr'>forma-</span> 
     </span>
     <span class='ocr_line' id='line_1_80' title="bbox 1141 578 1998 622; baseline 0.005 -11"><span class='ocrx_word' id='word_1_540' title='bbox 1141 580 1179 612; x_wconf 93' lang='lat' dir='ltr'>lis</span> <span class='ocrx_word' id='word_1_541' title='bbox 1200 580 1274 613; x_wconf 87' lang='lat' dir='ltr'>sunt</span> <span class='ocrx_word' id='word_1_542' title='bbox 1296 578 1437 622; x_wconf 75' lang='lat' dir='ltr'>ejufflem</span> <span class='ocrx_word' id='word_1_543' title='bbox 1456 603 1468 618; x_wconf 92' lang='lat'>,</span> <span class='ocrx_word' id='word_1_544' title='bbox 1494 580 1543 611; x_wconf 84' lang='lat' dir='ltr'>vel</span> <span class='ocrx_word' id='word_1_545' title='bbox 1566 580 1695 612; x_wconf 71' lang='lat' dir='ltr'>diversae</span> <span class='ocrx_word' id='word_1_546' title='bbox 1718 578 1838 612; x_wconf 64' lang='lat' dir='ltr'>infimae</span> <span class='ocrx_word' id='word_1_547' title='bbox 1858 581 1973 622; x_wconf 87' lang='lat' dir='ltr'>speciei</span> <span class='ocrx_word' id='word_1_548' title='bbox 1988 595 1998 614; x_wconf 87' lang='lat'>.-</span> 
     </span>
     <span class='ocr_line' id='line_1_81' title="bbox 1141 628 2001 672; baseline 0.001 -10"><span class='ocrx_word' id='word_1_549' title='bbox 1141 630 1174 662; x_wconf 89' lang='lat' dir='ltr'>in</span> <span class='ocrx_word' id='word_1_550' title='bbox 1199 640 1262 672; x_wconf 91' lang='lat' dir='ltr'>qua</span> <span class='ocrx_word' id='word_1_551' title='bbox 1283 653 1294 668; x_wconf 90' lang='lat'>,</span> <span class='ocrx_word' id='word_1_552' title='bbox 1331 629 1465 670; x_wconf 83' lang='lat' dir='ltr'>inquam</span> <span class='ocrx_word' id='word_1_553' title='bbox 1486 653 1498 669; x_wconf 81' lang='lat'>‚</span> <span class='ocrx_word' id='word_1_554' title='bbox 1533 628 1731 671; x_wconf 88' lang='lat' dir='ltr'>principium</span> <span class='ocrx_word' id='word_1_555' title='bbox 1758 629 1896 662; x_wconf 85' lang='lat' dir='ltr'>formale</span> <span class='ocrx_word' id='word_1_556' title='bbox 1933 631 2001 668; x_wconf 86' lang='lat' dir='ltr'>est,</span> 
     </span>
     <span class='ocr_line' id='line_1_82' title="bbox 1142 678 2002 722; baseline -0.001 -10"><span class='ocrx_word' id='word_1_557' title='bbox 1142 679 1191 712; x_wconf 89' lang='lat' dir='ltr'>vel</span> <span class='ocrx_word' id='word_1_558' title='bbox 1216 690 1283 713; x_wconf 94' lang='lat' dir='ltr'>non</span> <span class='ocrx_word' id='word_1_559' title='bbox 1306 680 1350 712; x_wconf 72' lang='lat' dir='ltr'>eli</span> <span class='ocrx_word' id='word_1_560' title='bbox 1364 678 1509 722; x_wconf 84' lang='lat' dir='ltr'>ejusdem</span> <span class='ocrx_word' id='word_1_561' title='bbox 1531 678 1652 713; x_wconf 83' lang='lat' dir='ltr'>iufimae</span> <span class='ocrx_word' id='word_1_562' title='bbox 1672 678 1788 721; x_wconf 84' lang='lat' dir='ltr'>speciei</span> <span class='ocrx_word' id='word_1_563' title='bbox 1808 679 2002 712; x_wconf 75' lang='lat' dir='ltr'>cumrermiv</span> 
     </span>
     <span class='ocr_line' id='line_1_83' title="bbox 1142 728 2003 772; baseline 0.001 -11"><span class='ocrx_word' id='word_1_564' title='bbox 1142 740 1186 762; x_wconf 91' lang='lat' dir='ltr'>no</span> <span class='ocrx_word' id='word_1_565' title='bbox 1207 730 1338 762; x_wconf 77' lang='lat' dir='ltr'>formali</span> <span class='ocrx_word' id='word_1_566' title='bbox 1362 729 1539 772; x_wconf 72' lang='lat' dir='ltr'>produsto,</span> <span class='ocrx_word' id='word_1_567' title='bbox 1566 729 1599 762; x_wconf 71' lang='grc' dir='ltr'>ἀ</span> <span class='ocrx_word' id='word_1_568' title='bbox 1622 738 1689 762; x_wconf 88' lang='lat' dir='ltr'>non</span> <span class='ocrx_word' id='word_1_569' title='bbox 1714 728 1820 765; x_wconf 81' lang='lat' dir='ltr'>solum</span> <span class='ocrx_word' id='word_1_570' title='bbox 1840 739 1915 763; x_wconf 88' lang='lat' dir='ltr'>cum</span> <span class='ocrx_word' id='word_1_571' title='bbox 1937 737 2003 762; x_wconf 65' lang='lat' dir='ltr'>ter-</span> 
     </span>
     <span class='ocr_line' id='line_1_84' title="bbox 1141 777 2004 820; baseline 0.001 -9"><span class='ocrx_word' id='word_1_572' title='bbox 1141 780 1233 814; x_wconf 86' lang='lat' dir='ltr'>mino</span> <span class='ocrx_word' id='word_1_573' title='bbox 1257 780 1385 814; x_wconf 82' lang='lat' dir='ltr'>formali</span> <span class='ocrx_word' id='word_1_574' title='bbox 1398 779 1660 813; x_wconf 88' lang='lat' dir='ltr'>communicato.</span> <span class='ocrx_word' id='word_1_575' title='bbox 1688 778 1821 812; x_wconf 87' lang='lat' dir='ltr'>Etenim</span> <span class='ocrx_word' id='word_1_576' title='bbox 1838 788 1947 820; x_wconf 84' lang='lat' dir='ltr'>parum</span> <span class='ocrx_word' id='word_1_577' title='bbox 1959 777 2004 812; x_wconf 72' lang='grc' dir='ltr'>πὲ-</span> 
     </span>
     <span class='ocr_line' id='line_1_85' title="bbox 1142 826 2004 870; baseline 0.002 -9"><span class='ocrx_word' id='word_1_578' title='bbox 1142 830 1201 862; x_wconf 85' lang='lat' dir='ltr'>fert</span> <span class='ocrx_word' id='word_1_579' title='bbox 1224 829 1263 862; x_wconf 88' lang='lat' dir='ltr'>ad</span> <span class='ocrx_word' id='word_1_580' title='bbox 1296 829 1434 863; x_wconf 66' lang='lat' dir='ltr'>astionis</span> <span class='ocrx_word' id='word_1_581' title='bbox 1463 827 1733 861; x_wconf 74' lang='lat' dir='ltr'>univocationem</span> <span class='ocrx_word' id='word_1_582' title='bbox 1772 828 1807 862; x_wconf 74' lang='grc' dir='ltr'>ὅ(</span> <span class='ocrx_word' id='word_1_583' title='bbox 1829 826 2004 870; x_wconf 66' lang='lat' dir='ltr'>aequivoca·</span> 
     </span>
     <span class='ocr_line' id='line_1_86' title="bbox 1139 877 2003 919; baseline -0.001 -8"><span class='ocrx_word' id='word_1_584' title='bbox 1139 879 1264 915; x_wconf 88' lang='lat' dir='ltr'>tionem</span> <span class='ocrx_word' id='word_1_585' title='bbox 1286 903 1296 919; x_wconf 88' lang='lat'>‚</span> <span class='ocrx_word' id='word_1_586' title='bbox 1324 892 1364 912; x_wconf 75' lang='lat' dir='ltr'>an</span> <span class='ocrx_word' id='word_1_587' title='bbox 1388 879 1544 912; x_wconf 82' lang='lat' dir='ltr'>terminus</span> <span class='ocrx_word' id='word_1_588' title='bbox 1568 878 1712 911; x_wconf 86' lang='lat' dir='ltr'>formalis</span> <span class='ocrx_word' id='word_1_589' title='bbox 1738 877 2003 911; x_wconf 83' lang='lat' dir='ltr'>communicatus</span> 
     </span>
     <span class='ocr_line' id='line_1_87' title="bbox 1136 924 2004 971; baseline 0 -10"><span class='ocrx_word' id='word_1_590' title='bbox 1136 928 1178 963; x_wconf 81' lang='lat' dir='ltr'>fit</span> <span class='ocrx_word' id='word_1_591' title='bbox 1202 930 1250 963; x_wconf 86' lang='lat' dir='ltr'>vel</span> <span class='ocrx_word' id='word_1_592' title='bbox 1278 941 1345 962; x_wconf 88' lang='lat' dir='ltr'>non</span> <span class='ocrx_word' id='word_1_593' title='bbox 1373 928 1409 962; x_wconf 83' lang='lat' dir='ltr'>lit</span> <span class='ocrx_word' id='word_1_594' title='bbox 1432 928 1574 970; x_wconf 72' lang='lat' dir='ltr'>ejusdem</span> <span class='ocrx_word' id='word_1_595' title='bbox 1599 928 1711 970; x_wconf 79' lang='lat' dir='ltr'>speciei</span> <span class='ocrx_word' id='word_1_596' title='bbox 1736 938 1811 962; x_wconf 86' lang='lat' dir='ltr'>cum</span> <span class='ocrx_word' id='word_1_597' title='bbox 1841 924 2004 971; x_wconf 85' lang='lat' dir='ltr'>principio</span> 
     </span>
     <span class='ocr_line' id='line_1_88' title="bbox 1139 976 2005 1020; baseline 0 -9"><span class='ocrx_word' id='word_1_598' title='bbox 1139 979 1269 1012; x_wconf 84' lang='lat' dir='ltr'>formali</span> <span class='ocrx_word' id='word_1_599' title='bbox 1283 992 1293 1011; x_wconf 91' lang='grc'>.·</span> <span class='ocrx_word' id='word_1_600' title='bbox 1321 977 1540 1013; x_wconf 75' lang='lat' dir='ltr'>Solummodo</span> <span class='ocrx_word' id='word_1_601' title='bbox 1562 978 1651 1011; x_wconf 87' lang='lat' dir='ltr'>enim</span> <span class='ocrx_word' id='word_1_602' title='bbox 1671 978 1845 1020; x_wconf 80' lang='lat' dir='ltr'>requiritur</span> <span class='ocrx_word' id='word_1_603' title='bbox 1863 977 1897 1010; x_wconf 89' lang='lat'>&amp;</span> <span class='ocrx_word' id='word_1_604' title='bbox 1919 976 2005 1011; x_wconf 33' lang='lat' dir='ltr'>ruffi-s</span> 
     </span>
     <span class='ocr_line' id='line_1_89' title="bbox 1141 1027 2006 1070; baseline 0 -9"><span class='ocrx_word' id='word_1_605' title='bbox 1141 1030 1185 1063; x_wconf 91' lang='lat' dir='ltr'>cit</span> <span class='ocrx_word' id='word_1_606' title='bbox 1206 1029 1351 1070; x_wconf 74' lang='lat' dir='ltr'>specifica</span> <span class='ocrx_word' id='word_1_607' title='bbox 1378 1029 1530 1061; x_wconf 79' lang='lat' dir='ltr'>identitas</span> <span class='ocrx_word' id='word_1_608' title='bbox 1544 1027 1766 1061; x_wconf 82' lang='lat' dir='ltr'>veldiverlitas</span> <span class='ocrx_word' id='word_1_609' title='bbox 1789 1028 1921 1062; x_wconf 88' lang='lat' dir='ltr'>termini</span> <span class='ocrx_word' id='word_1_610' title='bbox 1939 1028 2006 1061; x_wconf 79' lang='lat' dir='ltr'>for-</span> 
     </span>
     <span class='ocr_line' id='line_1_90' title="bbox 1141 1076 2005 1122; baseline 0 -11"><span class='ocrx_word' id='word_1_611' title='bbox 1141 1078 1233 1115; x_wconf 80' lang='lat' dir='ltr'>malis</span> <span class='ocrx_word' id='word_1_612' title='bbox 1258 1078 1400 1121; x_wconf 67' lang='lat' dir='ltr'>produ-sti</span> <span class='ocrx_word' id='word_1_613' title='bbox 1426 1100 1433 1109; x_wconf 92' lang='lat'>.</span> <span class='ocrx_word' id='word_1_614' title='bbox 1462 1076 1516 1109; x_wconf 87' lang='lat' dir='ltr'>Ad</span> <span class='ocrx_word' id='word_1_615' title='bbox 1542 1079 1675 1111; x_wconf 58' lang='lat' dir='ltr'>astionis</span> <span class='ocrx_word' id='word_1_616' title='bbox 1694 1078 1814 1122; x_wconf 87' lang='lat' dir='ltr'>quippe</span> <span class='ocrx_word' id='word_1_617' title='bbox 1842 1078 2005 1111; x_wconf 85' lang='lat' dir='ltr'>univoca·-</span> 
     </span>
    </p>
   </div>
   <div class='ocr_carea' id='block_1_7' title="bbox 1119 1126 2007 1171">
    <p class='ocr_par' dir='ltr' id='par_1_10' title="bbox 1119 1126 2007 1171">
     <span class='ocr_line' id='line_1_91' title="bbox 1119 1126 2007 1171; baseline -0.001 -10"><span class='ocrx_word' id='word_1_618' title='bbox 1119 1129 1266 1162; x_wconf 72' lang='lat' dir='ltr'>vtionem</span> <span class='ocrx_word' id='word_1_619' title='bbox 1292 1127 1461 1171; x_wconf 66' lang='lat' dir='ltr'>requiritur</span> <span class='ocrx_word' id='word_1_620' title='bbox 1494 1126 1655 1161; x_wconf 70' lang='lat' dir='ltr'>&amp;sufficit</span> <span class='ocrx_word' id='word_1_621' title='bbox 1668 1128 1812 1170; x_wconf 79' lang='lat' dir='ltr'>specifica</span> <span class='ocrx_word' id='word_1_622' title='bbox 1839 1126 1933 1170; x_wconf 88' lang='lat' dir='ltr'>hujus</span> <span class='ocrx_word' id='word_1_623' title='bbox 1944 1136 2007 1161; x_wconf 89' lang='lat' dir='ltr'>ter-</span> 
     </span>
    </p>
   </div>
   <div class='ocr_carea' id='block_1_8' title="bbox 1137 1177 2013 2014">
    <p class='ocr_par' dir='ltr' id='par_1_11' title="bbox 1137 1177 2013 2014">
     <span class='ocr_line' id='line_1_92' title="bbox 1142 1177 2005 1219; baseline -0.001 -7"><span class='ocrx_word' id='word_1_624' title='bbox 1142 1179 1223 1212; x_wconf 86' lang='lat' dir='ltr'>mini</span> <span class='ocrx_word' id='word_1_625' title='bbox 1245 1190 1321 1212; x_wconf 89' lang='lat' dir='ltr'>cum</span> <span class='ocrx_word' id='word_1_626' title='bbox 1345 1177 1475 1216; x_wconf 69' lang='lat' dir='ltr'>fonniali</span> <span class='ocrx_word' id='word_1_627' title='bbox 1499 1177 1660 1219; x_wconf 51' lang='lat' dir='ltr'>principio</span> <span class='ocrx_word' id='word_1_628' title='bbox 1682 1177 1833 1214; x_wconf 75' lang='lat' dir='ltr'>identitas</span> <span class='ocrx_word' id='word_1_629' title='bbox 1857 1188 1867 1219; x_wconf 85' lang='lat'>3</span> <span class='ocrx_word' id='word_1_630' title='bbox 1894 1186 1927 1211; x_wconf 88' lang='lat' dir='ltr'>at</span> <span class='ocrx_word' id='word_1_631' title='bbox 1954 1188 2005 1210; x_wconf 87' lang='lat' dir='ltr'>ve·</span> 
     </span>
     <span class='ocr_line' id='line_1_93' title="bbox 1141 1226 2007 1271; baseline -0.003 -9"><span class='ocrx_word' id='word_1_632' title='bbox 1141 1228 1179 1262; x_wconf 72' lang='grc' dir='ltr'>τὸ</span> <span class='ocrx_word' id='word_1_633' title='bbox 1198 1228 1239 1262; x_wconf 89' lang='lat' dir='ltr'>ad</span> <span class='ocrx_word' id='word_1_634' title='bbox 1273 1227 1410 1261; x_wconf 67' lang='lat' dir='ltr'>astionis</span> <span class='ocrx_word' id='word_1_635' title='bbox 1440 1227 1735 1269; x_wconf 63' lang='lat' dir='ltr'>aequivotationem</span> <span class='ocrx_word' id='word_1_636' title='bbox 1772 1226 1942 1271; x_wconf 85' lang='lat' dir='ltr'>requiritur</span> <span class='ocrx_word' id='word_1_637' title='bbox 1973 1227 2007 1267; x_wconf 74' lang='grc' dir='ltr'>ὃς</span> 
     </span>
     <span class='ocr_line' id='line_1_94' title="bbox 1141 1275 2009 1321; baseline -0.006 -9"><span class='ocrx_word' id='word_1_638' title='bbox 1141 1279 1260 1313; x_wconf 82' lang='lat' dir='ltr'>sufficit</span> <span class='ocrx_word' id='word_1_639' title='bbox 1281 1279 1427 1321; x_wconf 76' lang='lat' dir='ltr'>specifica</span> <span class='ocrx_word' id='word_1_640' title='bbox 1459 1276 1555 1318; x_wconf 79' lang='lat' dir='ltr'>hujus</span> <span class='ocrx_word' id='word_1_641' title='bbox 1573 1276 1703 1310; x_wconf 80' lang='lat' dir='ltr'>termini</span> <span class='ocrx_word' id='word_1_642' title='bbox 1730 1277 1749 1310; x_wconf 68' lang='lat' dir='ltr'>a</span> <span class='ocrx_word' id='word_1_643' title='bbox 1768 1276 1897 1311; x_wconf 86' lang='lat' dir='ltr'>formali</span> <span class='ocrx_word' id='word_1_644' title='bbox 1923 1275 2009 1320; x_wconf 89' lang='lat' dir='ltr'>prin-</span> 
     </span>
     <span class='ocr_line' id='line_1_95' title="bbox 1140 1325 2009 1372; baseline -0.003 -10"><span class='ocrx_word' id='word_1_645' title='bbox 1140 1329 1228 1372; x_wconf 82' lang='lat' dir='ltr'>cipio</span> <span class='ocrx_word' id='word_1_646' title='bbox 1264 1328 1425 1361; x_wconf 79' lang='lat' dir='ltr'>diversitas</span> <span class='ocrx_word' id='word_1_647' title='bbox 1455 1352 1461 1359; x_wconf 91' lang='lat'><strong>.</strong></span> <span class='ocrx_word' id='word_1_648' title='bbox 1499 1330 1590 1360; x_wconf 73' lang='lat' dir='ltr'>Ratio</span> <span class='ocrx_word' id='word_1_649' title='bbox 1617 1325 1710 1367; x_wconf 81' lang='lat' dir='ltr'>hujus</span> <span class='ocrx_word' id='word_1_650' title='bbox 1734 1326 1773 1367; x_wconf 76' lang='lat' dir='ltr'>est</span> <span class='ocrx_word' id='word_1_651' title='bbox 1800 1340 1808 1359; x_wconf 93' lang='lat'><strong>:</strong></span> <span class='ocrx_word' id='word_1_652' title='bbox 1843 1325 1934 1372; x_wconf 84' lang='lat' dir='ltr'>Qia</span> <span class='ocrx_word' id='word_1_653' title='bbox 1967 1325 2009 1359; x_wconf 79' lang='lat' dir='ltr'>ad</span> 
     </span>
     <span class='ocr_line' id='line_1_96' title="bbox 1139 1375 2008 1422; baseline -0.003 -10"><span class='ocrx_word' id='word_1_654' title='bbox 1139 1378 1431 1422; x_wconf 71' lang='lat' dir='ltr'>aequivocationem</span> <span class='ocrx_word' id='word_1_655' title='bbox 1481 1377 1514 1410; x_wconf 91' lang='lat'>&amp;</span> <span class='ocrx_word' id='word_1_656' title='bbox 1553 1375 1822 1411; x_wconf 87' lang='lat' dir='ltr'>univocationem</span> <span class='ocrx_word' id='word_1_657' title='bbox 1869 1376 2008 1410; x_wconf 74' lang='lat' dir='ltr'>astionis</span> 
     </span>
     <span class='ocr_line' id='line_1_97' title="bbox 1139 1425 2013 1472; baseline -0.005 -10"><span class='ocrx_word' id='word_1_658' title='bbox 1139 1428 1309 1472; x_wconf 85' lang='lat' dir='ltr'>requiritur</span> <span class='ocrx_word' id='word_1_659' title='bbox 1352 1428 1387 1462; x_wconf 74' lang='grc' dir='ltr'>δε</span> <span class='ocrx_word' id='word_1_660' title='bbox 1426 1426 1544 1466; x_wconf 84' lang='lat' dir='ltr'>sufficit</span> <span class='ocrx_word' id='word_1_661' title='bbox 1579 1425 1726 1469; x_wconf 86' lang='lat' dir='ltr'>specifica</span> <span class='ocrx_word' id='word_1_662' title='bbox 1772 1426 1935 1466; x_wconf 77' lang='lat' dir='ltr'>diversitas</span> <span class='ocrx_word' id='word_1_663' title='bbox 1973 1425 2013 1459; x_wconf 27' lang='lat' dir='ltr'>&amp;r</span> 
     </span>
     <span class='ocr_line' id='line_1_98' title="bbox 1140 1474 2009 1519; baseline -0.003 -8"><span class='ocrx_word' id='word_1_664' title='bbox 1140 1478 1293 1518; x_wconf 76' lang='lat' dir='ltr'>identitas</span> <span class='ocrx_word' id='word_1_665' title='bbox 1315 1488 1428 1512; x_wconf 87' lang='lat' dir='ltr'>eorum</span> <span class='ocrx_word' id='word_1_666' title='bbox 1456 1486 1675 1515; x_wconf 83' lang='lat' dir='ltr'>extremorum</span> <span class='ocrx_word' id='word_1_667' title='bbox 1698 1500 1710 1516; x_wconf 87' lang='lat'>‚</span> <span class='ocrx_word' id='word_1_668' title='bbox 1747 1486 1818 1519; x_wconf 77' lang='lat' dir='ltr'>quae</span> <span class='ocrx_word' id='word_1_669' title='bbox 1843 1476 1917 1510; x_wconf 89' lang='lat' dir='ltr'>sunt</span> <span class='ocrx_word' id='word_1_670' title='bbox 1935 1474 2009 1509; x_wconf 66' lang='lat' dir='ltr'>vero</span> 
     </span>
     <span class='ocr_line' id='line_1_99' title="bbox 1139 1524 2008 1572; baseline -0.003 -10"><span class='ocrx_word' id='word_1_671' title='bbox 1139 1528 1174 1562; x_wconf 72' lang='grc' dir='ltr'>ὅ(</span> <span class='ocrx_word' id='word_1_672' title='bbox 1197 1527 1340 1572; x_wconf 72' lang='lat' dir='ltr'>genuine</span> <span class='ocrx_word' id='word_1_673' title='bbox 1360 1526 1496 1562; x_wconf 69' lang='lat' dir='ltr'>actionis</span> <span class='ocrx_word' id='word_1_674' title='bbox 1522 1535 1668 1564; x_wconf 81' lang='lat' dir='ltr'>extrema</span> <span class='ocrx_word' id='word_1_675' title='bbox 1691 1538 1699 1557; x_wconf 93' lang='lat'><strong>:</strong></span> <span class='ocrx_word' id='word_1_676' title='bbox 1730 1524 1862 1560; x_wconf 87' lang='lat' dir='ltr'>Etenim</span> <span class='ocrx_word' id='word_1_677' title='bbox 1888 1536 2008 1569; x_wconf 89' lang='lat' dir='ltr'>quoru·</span> 
     </span>
     <span class='ocr_line' id='line_1_100' title="bbox 1139 1573 2009 1611; baseline -0.002 -1"><span class='ocrx_word' id='word_1_678' title='bbox 1139 1588 1251 1611; x_wconf 86' lang='lat' dir='ltr'>mnam</span> <span class='ocrx_word' id='word_1_679' title='bbox 1280 1576 1420 1610; x_wconf 87' lang='lat' dir='ltr'>aliorum</span> <span class='ocrx_word' id='word_1_680' title='bbox 1453 1584 1672 1609; x_wconf 79' lang='lat' dir='ltr'>extremorum</span> <span class='ocrx_word' id='word_1_681' title='bbox 1699 1573 1853 1610; x_wconf 78' lang='lat' dir='ltr'>identitas</span> <span class='ocrx_word' id='word_1_682' title='bbox 1878 1585 1936 1608; x_wconf 89' lang='lat' dir='ltr'>aut</span> <span class='ocrx_word' id='word_1_683' title='bbox 1960 1575 2009 1608; x_wconf 89' lang='lat' dir='ltr'>di·</span> 
     </span>
     <span class='ocr_line' id='line_1_101' title="bbox 1142 1621 2010 1667; baseline -0.003 -8"><span class='ocrx_word' id='word_1_684' title='bbox 1142 1627 1268 1660; x_wconf 72' lang='lat' dir='ltr'>versitas</span> <span class='ocrx_word' id='word_1_685' title='bbox 1293 1626 1508 1667; x_wconf 76' lang='lat' dir='ltr'>requireretur</span> <span class='ocrx_word' id='word_1_686' title='bbox 1535 1623 1570 1658; x_wconf 89' lang='lat'>&amp;</span> <span class='ocrx_word' id='word_1_687' title='bbox 1594 1621 1751 1661; x_wconf 82' lang='lat' dir='ltr'>sufficeret</span> <span class='ocrx_word' id='word_1_688' title='bbox 1776 1622 1796 1652; x_wconf 72' lang='grc' dir='ltr'><em>ἒ</em></span> <span class='ocrx_word' id='word_1_689' title='bbox 1821 1623 1928 1666; x_wconf 82' lang='lat' dir='ltr'>Atqui</span> <span class='ocrx_word' id='word_1_690' title='bbox 1953 1632 2010 1656; x_wconf 89' lang='lat' dir='ltr'>ter·</span> 
     </span>
     <span class='ocr_line' id='line_1_102' title="bbox 1140 1673 2008 1709; baseline -0.006 0"><span class='ocrx_word' id='word_1_691' title='bbox 1140 1676 1247 1709; x_wconf 89' lang='lat' dir='ltr'>minus</span> <span class='ocrx_word' id='word_1_692' title='bbox 1271 1674 1417 1708; x_wconf 84' lang='lat' dir='ltr'>formalis</span> <span class='ocrx_word' id='word_1_693' title='bbox 1443 1673 1707 1705; x_wconf 84' lang='lat' dir='ltr'>communicatus</span> <span class='ocrx_word' id='word_1_694' title='bbox 1728 1682 1795 1705; x_wconf 90' lang='lat' dir='ltr'>non</span> <span class='ocrx_word' id='word_1_695' title='bbox 1822 1673 1867 1706; x_wconf 86' lang='lat' dir='ltr'>est</span> <span class='ocrx_word' id='word_1_696' title='bbox 1896 1683 2008 1708; x_wconf 85' lang='lat' dir='ltr'>verum</span> 
     </span>
     <span class='ocr_line' id='line_1_103' title="bbox 1137 1721 2012 1782; baseline -0.009 -22"><span class='ocrx_word' id='word_1_697' title='bbox 1137 1726 1170 1760; x_wconf 76' lang='grc' dir='ltr'>δε</span> <span class='ocrx_word' id='word_1_698' title='bbox 1198 1724 1384 1782; x_wconf 79' lang='lat' dir='ltr'>genuinum</span> <span class='ocrx_word' id='word_1_699' title='bbox 1423 1722 1559 1755; x_wconf 72' lang='lat' dir='ltr'>actionis</span> <span class='ocrx_word' id='word_1_700' title='bbox 1592 1727 1807 1755; x_wconf 85' lang='lat' dir='ltr'>extremum:</span> <span class='ocrx_word' id='word_1_701' title='bbox 1837 1721 1928 1766; x_wconf 75' lang='lat' dir='ltr'>Ergo</span> <span class='ocrx_word' id='word_1_702' title='bbox 1951 1722 2012 1756; x_wconf 71' lang='lat' dir='ltr'>hu-</span> 
     </span>
     <span class='ocr_line' id='line_1_104' title="bbox 1137 1766 2009 1816; baseline -0.002 -9"><span class='ocrx_word' id='word_1_703' title='bbox 1137 1774 1187 1816; x_wconf 83' lang='lat' dir='ltr'>jus</span> <span class='ocrx_word' id='word_1_704' title='bbox 1224 1773 1359 1810; x_wconf 88' lang='lat' dir='ltr'>termini</span> <span class='ocrx_word' id='word_1_705' title='bbox 1383 1766 1600 1806; x_wconf 88' lang='lat' dir='ltr'>identificatio</span> <span class='ocrx_word' id='word_1_706' title='bbox 1627 1771 1677 1804; x_wconf 91' lang='lat' dir='ltr'>vel</span> <span class='ocrx_word' id='word_1_707' title='bbox 1703 1769 1870 1805; x_wconf 68' lang='lat' dir='ltr'>distinctio</span> <span class='ocrx_word' id='word_1_708' title='bbox 1896 1771 1941 1805; x_wconf 90' lang='lat' dir='ltr'>est</span> <span class='ocrx_word' id='word_1_709' title='bbox 1967 1771 2009 1806; x_wconf 83' lang='lat' dir='ltr'>ad</span> 
     </span>
     <span class='ocr_line' id='line_1_105' title="bbox 1138 1820 2009 1863; baseline -0.005 -4"><span class='ocrx_word' id='word_1_710' title='bbox 1138 1824 1274 1860; x_wconf 75' lang='lat' dir='ltr'>astionis</span> <span class='ocrx_word' id='word_1_711' title='bbox 1323 1820 1594 1856; x_wconf 88' lang='lat' dir='ltr'>univocationem</span> <span class='ocrx_word' id='word_1_712' title='bbox 1643 1831 1680 1855; x_wconf 89' lang='lat' dir='ltr'>ac</span> <span class='ocrx_word' id='word_1_713' title='bbox 1719 1821 2009 1863; x_wconf 85' lang='lat' dir='ltr'>aequivocationem</span> 
     </span>
     <span class='ocr_line' id='line_1_106' title="bbox 1137 1870 2009 1914; baseline -0.005 -6"><span class='ocrx_word' id='word_1_714' title='bbox 1137 1874 1280 1907; x_wconf 88' lang='lat' dir='ltr'>omnino</span> <span class='ocrx_word' id='word_1_715' title='bbox 1306 1873 1521 1914; x_wconf 83' lang='lat' dir='ltr'>impertinens</span> <span class='ocrx_word' id='word_1_716' title='bbox 1543 1894 1554 1909; x_wconf 94' lang='lat'><em>‚</em></span> <span class='ocrx_word' id='word_1_717' title='bbox 1592 1870 1625 1903; x_wconf 74' lang='grc' dir='ltr'>ἀ</span> <span class='ocrx_word' id='word_1_718' title='bbox 1652 1871 1823 1912; x_wconf 87' lang='lat' dir='ltr'>requiritur</span> <span class='ocrx_word' id='word_1_719' title='bbox 1861 1883 1899 1904; x_wconf 88' lang='lat' dir='ltr'>ac</span> <span class='ocrx_word' id='word_1_720' title='bbox 1925 1871 2009 1904; x_wconf 85' lang='lat' dir='ltr'>suffi-</span> 
     </span>
     <span class='ocr_line' id='line_1_107' title="bbox 1137 1918 2010 1956; baseline -0.001 0"><span class='ocrx_word' id='word_1_721' title='bbox 1137 1924 1183 1956; x_wconf 92' lang='lat' dir='ltr'>cit</span> <span class='ocrx_word' id='word_1_722' title='bbox 1209 1922 1276 1956; x_wconf 86' lang='lat' dir='ltr'>sola</span> <span class='ocrx_word' id='word_1_723' title='bbox 1309 1920 1529 1955; x_wconf 79' lang='lat' dir='ltr'>identificatio</span> <span class='ocrx_word' id='word_1_724' title='bbox 1559 1931 1596 1953; x_wconf 89' lang='lat' dir='ltr'>ac</span> <span class='ocrx_word' id='word_1_725' title='bbox 1630 1918 1796 1954; x_wconf 54' lang='lat' dir='ltr'>diffinitio</span> <span class='ocrx_word' id='word_1_726' title='bbox 1823 1921 1924 1954; x_wconf 84' lang='lat' dir='ltr'>solius</span> <span class='ocrx_word' id='word_1_727' title='bbox 1949 1931 2010 1955; x_wconf 86' lang='lat' dir='ltr'>ter-</span> 
     </span>
     <span class='ocr_line' id='line_1_108' title="bbox 1640 1969 2010 2014; baseline 0.011 -13"><span class='ocrx_word' id='word_1_728' title='bbox 1640 1969 1804 2012; x_wconf 76' lang='lat' dir='ltr'>Majorem</span> <span class='ocrx_word' id='word_1_729' title='bbox 1841 1982 1910 2005; x_wconf 86' lang='lat' dir='ltr'>non</span> <span class='ocrx_word' id='word_1_730' title='bbox 1938 1982 2010 2014; x_wconf 49' lang='lat' dir='ltr'>prof</span> 
     </span>
    </p>
   </div>
   <div class='ocr_carea' id='block_1_9' title="bbox 1130 2070 2010 3459">
    <p class='ocr_par' dir='ltr' id='par_1_12' title="bbox 1131 2070 2010 2998">
     <span class='ocr_line' id='line_1_109' title="bbox 1138 2070 2007 2112; baseline -0.001 -8"><span class='ocrx_word' id='word_1_731' title='bbox 1138 2072 1194 2107; x_wconf 84' lang='lat' dir='ltr'>illa</span> <span class='ocrx_word' id='word_1_732' title='bbox 1218 2070 1366 2108; x_wconf 80' lang='lat' dir='ltr'>dubiret.</span> <span class='ocrx_word' id='word_1_733' title='bbox 1396 2070 1541 2103; x_wconf 81' lang='lat' dir='ltr'>Probatur</span> <span class='ocrx_word' id='word_1_734' title='bbox 1567 2080 1632 2112; x_wconf 83' lang='lat' dir='ltr'>ergo</span> <span class='ocrx_word' id='word_1_735' title='bbox 1657 2074 1749 2102; x_wconf 81' lang='lat' dir='ltr'>minor</span> <span class='ocrx_word' id='word_1_736' title='bbox 1765 2084 1776 2103; x_wconf 90' lang='lat'>.·</span> <span class='ocrx_word' id='word_1_737' title='bbox 1836 2071 1888 2105; x_wconf 61' lang='lat' dir='ltr'>,nia</span> <span class='ocrx_word' id='word_1_738' title='bbox 1915 2081 2007 2107; x_wconf 78' lang='lat' dir='ltr'>verus</span> 
     </span>
     <span class='ocr_line' id='line_1_110' title="bbox 1138 2117 2007 2161; baseline 0.005 -10"><span class='ocrx_word' id='word_1_739' title='bbox 1138 2121 1275 2161; x_wconf 69' lang='lat' dir='ltr'>affionis</span> <span class='ocrx_word' id='word_1_740' title='bbox 1303 2121 1462 2152; x_wconf 85' lang='lat' dir='ltr'>terminus</span> <span class='ocrx_word' id='word_1_741' title='bbox 1484 2119 1530 2151; x_wconf 88' lang='lat' dir='ltr'>est</span> <span class='ocrx_word' id='word_1_742' title='bbox 1551 2117 1577 2150; x_wconf 90' lang='lat' dir='ltr'>is</span> <span class='ocrx_word' id='word_1_743' title='bbox 1597 2140 1608 2156; x_wconf 91' lang='lat'><strong>,</strong></span> <span class='ocrx_word' id='word_1_744' title='bbox 1634 2120 1690 2161; x_wconf 91' lang='lat' dir='ltr'>qui</span> <span class='ocrx_word' id='word_1_745' title='bbox 1715 2120 1784 2153; x_wconf 79' lang='lat' dir='ltr'>vere</span> <span class='ocrx_word' id='word_1_746' title='bbox 1813 2123 1854 2154; x_wconf 88' lang='lat' dir='ltr'>ab</span> <span class='ocrx_word' id='word_1_747' title='bbox 1880 2122 2007 2155; x_wconf 68' lang='lat' dir='ltr'>actione</span> 
     </span>
     <span class='ocr_line' id='line_1_111' title="bbox 1138 2163 2010 2212; baseline 0.002 -10"><span class='ocrx_word' id='word_1_748' title='bbox 1138 2168 1313 2212; x_wconf 87' lang='lat' dir='ltr'>attingitur</span> <span class='ocrx_word' id='word_1_749' title='bbox 1336 2192 1346 2207; x_wconf 94' lang='lat'>‚</span> <span class='ocrx_word' id='word_1_750' title='bbox 1383 2166 1418 2199; x_wconf 72' lang='grc' dir='ltr'>δε</span> <span class='ocrx_word' id='word_1_751' title='bbox 1442 2163 1481 2199; x_wconf 91' lang='lat' dir='ltr'>ad</span> <span class='ocrx_word' id='word_1_752' title='bbox 1506 2176 1602 2209; x_wconf 88' lang='lat' dir='ltr'>quem</span> <span class='ocrx_word' id='word_1_753' title='bbox 1634 2167 1719 2200; x_wconf 70' lang='lat' dir='ltr'>astio</span> <span class='ocrx_word' id='word_1_754' title='bbox 1752 2167 1823 2201; x_wconf 79' lang='lat' dir='ltr'>vere</span> <span class='ocrx_word' id='word_1_755' title='bbox 1856 2171 2010 2204; x_wconf 89' lang='lat' dir='ltr'>termina·</span> 
     </span>
     <span class='ocr_line' id='line_1_112' title="bbox 1139 2215 2008 2261; baseline 0.001 -11"><span class='ocrx_word' id='word_1_756' title='bbox 1139 2228 1208 2255; x_wconf 70' lang='lat' dir='ltr'>tur:</span> <span class='ocrx_word' id='word_1_757' title='bbox 1237 2218 1286 2250; x_wconf 91' lang='lat' dir='ltr'>uti</span> <span class='ocrx_word' id='word_1_758' title='bbox 1308 2226 1426 2252; x_wconf 84' lang='lat' dir='ltr'>notum</span> <span class='ocrx_word' id='word_1_759' title='bbox 1447 2215 1494 2248; x_wconf 86' lang='lat' dir='ltr'>est</span> <span class='ocrx_word' id='word_1_760' title='bbox 1516 2225 1555 2249; x_wconf 86' lang='lat' dir='ltr'>ex</span> <span class='ocrx_word' id='word_1_761' title='bbox 1574 2217 1740 2255; x_wconf 81' lang='lat' dir='ltr'>terminis.</span> <span class='ocrx_word' id='word_1_762' title='bbox 1769 2219 1879 2261; x_wconf 75' lang='lat' dir='ltr'>Atqui</span> <span class='ocrx_word' id='word_1_763' title='bbox 1899 2221 2008 2254; x_wconf 87' lang='lat' dir='ltr'>termi-</span> 
     </span>
     <span class='ocr_line' id='line_1_113' title="bbox 1140 2265 2004 2303; baseline 0.005 -3"><span class='ocrx_word' id='word_1_764' title='bbox 1140 2277 1198 2302; x_wconf 87' lang='lat' dir='ltr'>nus</span> <span class='ocrx_word' id='word_1_765' title='bbox 1211 2266 1359 2300; x_wconf 77' lang='lat' dir='ltr'>formalis</span> <span class='ocrx_word' id='word_1_766' title='bbox 1381 2266 1642 2301; x_wconf 79' lang='lat' dir='ltr'>communicatus</span> <span class='ocrx_word' id='word_1_767' title='bbox 1666 2265 1708 2298; x_wconf 80' lang='lat' dir='ltr'>ab</span> <span class='ocrx_word' id='word_1_768' title='bbox 1719 2266 2004 2303; x_wconf 70' lang='lat' dir='ltr'>afflonecornmu·</span> 
     </span>
     <span class='ocr_line' id='line_1_114' title="bbox 1139 2313 2007 2357; baseline -0.001 -9"><span class='ocrx_word' id='word_1_769' title='bbox 1139 2315 1267 2349; x_wconf 87' lang='lat' dir='ltr'>nicante</span> <span class='ocrx_word' id='word_1_770' title='bbox 1289 2326 1355 2348; x_wconf 84' lang='lat' dir='ltr'>non</span> <span class='ocrx_word' id='word_1_771' title='bbox 1378 2313 1449 2347; x_wconf 74' lang='lat' dir='ltr'>vere</span> <span class='ocrx_word' id='word_1_772' title='bbox 1471 2314 1645 2356; x_wconf 85' lang='lat' dir='ltr'>attingitur</span> <span class='ocrx_word' id='word_1_773' title='bbox 1659 2337 1669 2353; x_wconf 90' lang='lat'>‚</span> <span class='ocrx_word' id='word_1_774' title='bbox 1698 2325 1803 2357; x_wconf 88' lang='lat' dir='ltr'>neque</span> <span class='ocrx_word' id='word_1_775' title='bbox 1822 2316 1907 2350; x_wconf 60' lang='lat' dir='ltr'>aelio</span> <span class='ocrx_word' id='word_1_776' title='bbox 1919 2329 2007 2354; x_wconf 84' lang='lat' dir='ltr'>com.</span> 
     </span>
     <span class='ocr_line' id='line_1_115' title="bbox 1137 2362 2006 2411; baseline 0.002 -12"><span class='ocrx_word' id='word_1_777' title='bbox 1137 2367 1307 2399; x_wconf 83' lang='lat' dir='ltr'>municans</span> <span class='ocrx_word' id='word_1_778' title='bbox 1335 2362 1489 2402; x_wconf 75' lang='lat' dir='ltr'>adinum</span> <span class='ocrx_word' id='word_1_779' title='bbox 1518 2362 1589 2396; x_wconf 75' lang='lat' dir='ltr'>vere</span> <span class='ocrx_word' id='word_1_780' title='bbox 1608 2364 1801 2401; x_wconf 83' lang='lat' dir='ltr'>terminatur</span> <span class='ocrx_word' id='word_1_781' title='bbox 1827 2379 1839 2398; x_wconf 88' lang='grc'>.-</span> <span class='ocrx_word' id='word_1_782' title='bbox 1865 2366 1956 2411; x_wconf 74' lang='lat' dir='ltr'>Ergo</span> <span class='ocrx_word' id='word_1_783' title='bbox 1978 2368 2006 2401; x_wconf 89' lang='lat' dir='ltr'>is</span> 
     </span>
     <span class='ocr_line' id='line_1_116' title="bbox 1137 2413 2010 2458; baseline 0.002 -9"><span class='ocrx_word' id='word_1_784' title='bbox 1137 2427 1205 2449; x_wconf 89' lang='lat' dir='ltr'>non</span> <span class='ocrx_word' id='word_1_785' title='bbox 1227 2415 1273 2448; x_wconf 88' lang='lat' dir='ltr'>est</span> <span class='ocrx_word' id='word_1_786' title='bbox 1297 2425 1387 2448; x_wconf 87' lang='lat' dir='ltr'>verus</span> <span class='ocrx_word' id='word_1_787' title='bbox 1408 2425 1446 2448; x_wconf 85' lang='lat' dir='ltr'>ac</span> <span class='ocrx_word' id='word_1_788' title='bbox 1469 2414 1633 2458; x_wconf 85' lang='lat' dir='ltr'>genuinus</span> <span class='ocrx_word' id='word_1_789' title='bbox 1659 2413 1796 2448; x_wconf 67' lang='lat' dir='ltr'>actionis</span> <span class='ocrx_word' id='word_1_790' title='bbox 1822 2418 2010 2451; x_wconf 38' lang='lat' dir='ltr'>communis</span> 
     </span>
     <span class='ocr_line' id='line_1_117' title="bbox 1512 2463 2008 2513; baseline 0.014 -18"><span class='ocrx_word' id='word_1_791' title='bbox 1512 2463 1657 2496; x_wconf 75' lang='lat' dir='ltr'>Probatur</span> <span class='ocrx_word' id='word_1_792' title='bbox 1683 2470 1777 2497; x_wconf 78' lang='lat' dir='ltr'>minor</span> <span class='ocrx_word' id='word_1_793' title='bbox 1803 2477 1810 2497; x_wconf 81' lang='lat' dir='ltr'><strong><em>z</em></strong></span> <span class='ocrx_word' id='word_1_794' title='bbox 1851 2466 1940 2513; x_wconf 83' lang='lat' dir='ltr'>Qia</span> <span class='ocrx_word' id='word_1_795' title='bbox 1963 2466 2008 2502; x_wconf 82' lang='lat' dir='ltr'>ab</span> 
     </span>
     <span class='ocr_line' id='line_1_118' title="bbox 1137 2512 2003 2559; baseline 0.001 -10"><span class='ocrx_word' id='word_1_796' title='bbox 1137 2514 1266 2549; x_wconf 67' lang='lat' dir='ltr'>actione</span> <span class='ocrx_word' id='word_1_797' title='bbox 1291 2514 1409 2558; x_wconf 77' lang='lat' dir='ltr'>attingi</span> <span class='ocrx_word' id='word_1_798' title='bbox 1431 2512 1477 2547; x_wconf 86' lang='lat' dir='ltr'>est</span> <span class='ocrx_word' id='word_1_799' title='bbox 1503 2512 1543 2546; x_wconf 89' lang='lat' dir='ltr'>ab</span> <span class='ocrx_word' id='word_1_800' title='bbox 1567 2514 1696 2546; x_wconf 68' lang='lat' dir='ltr'>afflone</span> <span class='ocrx_word' id='word_1_801' title='bbox 1719 2516 1772 2559; x_wconf 84' lang='lat' dir='ltr'>agi</span> <span class='ocrx_word' id='word_1_802' title='bbox 1797 2515 2003 2559; x_wconf 76' lang='lat' dir='ltr'>&amp;pmduci3</span> 
     </span>
     <span class='ocr_line' id='line_1_119' title="bbox 1136 2561 2004 2608; baseline 0.002 -10"><span class='ocrx_word' id='word_1_803' title='bbox 1136 2565 1282 2608; x_wconf 84' lang='lat' dir='ltr'>adeoque</span> <span class='ocrx_word' id='word_1_804' title='bbox 1299 2564 1348 2598; x_wconf 77' lang='lat' dir='ltr'>ab</span> <span class='ocrx_word' id='word_1_805' title='bbox 1369 2564 1497 2598; x_wconf 66' lang='lat' dir='ltr'>actione</span> <span class='ocrx_word' id='word_1_806' title='bbox 1521 2561 1593 2595; x_wconf 75' lang='lat' dir='ltr'>vere</span> <span class='ocrx_word' id='word_1_807' title='bbox 1620 2563 1741 2607; x_wconf 84' lang='lat' dir='ltr'>attingi</span> <span class='ocrx_word' id='word_1_808' title='bbox 1766 2563 1811 2599; x_wconf 87' lang='lat' dir='ltr'>est</span> <span class='ocrx_word' id='word_1_809' title='bbox 1838 2565 1879 2600; x_wconf 87' lang='lat' dir='ltr'>ab</span> <span class='ocrx_word' id='word_1_810' title='bbox 1904 2567 2004 2601; x_wconf 73' lang='lat' dir='ltr'>astio-</span> 
     </span>
     <span class='ocr_line' id='line_1_120' title="bbox 1134 2612 2003 2659; baseline -0.001 -10"><span class='ocrx_word' id='word_1_811' title='bbox 1134 2626 1175 2649; x_wconf 81' lang='lat' dir='ltr'>ne</span> <span class='ocrx_word' id='word_1_812' title='bbox 1202 2614 1274 2649; x_wconf 76' lang='lat' dir='ltr'>vere</span> <span class='ocrx_word' id='word_1_813' title='bbox 1300 2615 1355 2659; x_wconf 87' lang='lat' dir='ltr'>agi</span> <span class='ocrx_word' id='word_1_814' title='bbox 1382 2638 1392 2654; x_wconf 94' lang='lat'>,</span> <span class='ocrx_word' id='word_1_815' title='bbox 1431 2622 1567 2655; x_wconf 81' lang='lat' dir='ltr'>vereque</span> <span class='ocrx_word' id='word_1_816' title='bbox 1601 2612 1769 2656; x_wconf 83' lang='lat' dir='ltr'>produci:</span> <span class='ocrx_word' id='word_1_817' title='bbox 1807 2614 1913 2659; x_wconf 86' lang='lat' dir='ltr'>Atqui</span> <span class='ocrx_word' id='word_1_818' title='bbox 1940 2626 2003 2651; x_wconf 87' lang='lat' dir='ltr'>ter.-</span> 
     </span>
     <span class='ocr_line' id='line_1_121' title="bbox 1134 2662 2002 2705; baseline 0.003 -6"><span class='ocrx_word' id='word_1_819' title='bbox 1134 2665 1242 2699; x_wconf 81' lang='lat' dir='ltr'>minus</span> <span class='ocrx_word' id='word_1_820' title='bbox 1267 2664 1412 2705; x_wconf 82' lang='lat' dir='ltr'>formalis</span> <span class='ocrx_word' id='word_1_821' title='bbox 1437 2662 1698 2696; x_wconf 76' lang='lat' dir='ltr'>communicatus</span> <span class='ocrx_word' id='word_1_822' title='bbox 1725 2662 1767 2697; x_wconf 93' lang='lat' dir='ltr'>ab</span> <span class='ocrx_word' id='word_1_823' title='bbox 1796 2666 1926 2700; x_wconf 76' lang='lat' dir='ltr'>afflone</span> <span class='ocrx_word' id='word_1_824' title='bbox 1953 2678 2002 2702; x_wconf 82' lang='lat' dir='ltr'>ve-.</span> 
     </span>
     <span class='ocr_line' id='line_1_122' title="bbox 1133 2712 2005 2758; baseline 0.003 -11"><span class='ocrx_word' id='word_1_825' title='bbox 1133 2714 1165 2747; x_wconf 77' lang='lat' dir='ltr'>re</span> <span class='ocrx_word' id='word_1_826' title='bbox 1201 2725 1269 2749; x_wconf 89' lang='lat' dir='ltr'>non</span> <span class='ocrx_word' id='word_1_827' title='bbox 1300 2712 1489 2757; x_wconf 82' lang='lat' dir='ltr'>producitur</span> <span class='ocrx_word' id='word_1_828' title='bbox 1517 2724 1525 2747; x_wconf 70' lang='grc' dir='ltr'>ι</span> <span class='ocrx_word' id='word_1_829' title='bbox 1561 2712 1610 2749; x_wconf 85' lang='lat' dir='ltr'>uti</span> <span class='ocrx_word' id='word_1_830' title='bbox 1639 2722 1756 2748; x_wconf 81' lang='lat' dir='ltr'>notum</span> <span class='ocrx_word' id='word_1_831' title='bbox 1783 2712 1829 2745; x_wconf 89' lang='lat' dir='ltr'>est</span> <span class='ocrx_word' id='word_1_832' title='bbox 1857 2716 2005 2758; x_wconf 72' lang='lat' dir='ltr'>capienti</span> 
     </span>
     <span class='ocr_line' id='line_1_123' title="bbox 1133 2761 2002 2807; baseline 0.001 -9"><span class='ocrx_word' id='word_1_833' title='bbox 1133 2765 1308 2798; x_wconf 86' lang='lat' dir='ltr'>terminos.</span> <span class='ocrx_word' id='word_1_834' title='bbox 1336 2762 1426 2807; x_wconf 74' lang='lat' dir='ltr'>Ergo</span> <span class='ocrx_word' id='word_1_835' title='bbox 1451 2773 1557 2805; x_wconf 86' lang='lat' dir='ltr'>neque</span> <span class='ocrx_word' id='word_1_836' title='bbox 1582 2761 1657 2796; x_wconf 72' lang='lat' dir='ltr'>vere</span> <span class='ocrx_word' id='word_1_837' title='bbox 1680 2762 1722 2795; x_wconf 86' lang='lat' dir='ltr'>ab</span> <span class='ocrx_word' id='word_1_838' title='bbox 1750 2762 1877 2797; x_wconf 73' lang='lat' dir='ltr'>afflone</span> <span class='ocrx_word' id='word_1_839' title='bbox 1903 2766 2002 2801; x_wconf 69' lang='lat' dir='ltr'>attim-</span> 
     </span>
     <span class='ocr_line' id='line_1_124' title="bbox 1131 2810 2001 2859; baseline 0.001 -11"><span class='ocrx_word' id='word_1_840' title='bbox 1131 2816 1221 2859; x_wconf 88' lang='lat' dir='ltr'>gitur</span> <span class='ocrx_word' id='word_1_841' title='bbox 1238 2837 1250 2854; x_wconf 91' lang='lat'><strong>,</strong></span> <span class='ocrx_word' id='word_1_842' title='bbox 1283 2813 1428 2857; x_wconf 89' lang='lat' dir='ltr'>adeoque</span> <span class='ocrx_word' id='word_1_843' title='bbox 1451 2822 1520 2844; x_wconf 86' lang='lat' dir='ltr'>non</span> <span class='ocrx_word' id='word_1_844' title='bbox 1540 2810 1585 2844; x_wconf 87' lang='lat' dir='ltr'>est</span> <span class='ocrx_word' id='word_1_845' title='bbox 1610 2822 1704 2845; x_wconf 89' lang='lat' dir='ltr'>verus</span> <span class='ocrx_word' id='word_1_846' title='bbox 1730 2813 1868 2846; x_wconf 70' lang='lat' dir='ltr'>astionis</span> <span class='ocrx_word' id='word_1_847' title='bbox 1891 2814 2001 2849; x_wconf 59' lang='lat' dir='ltr'>termiz</span> 
     </span>
     <span class='ocr_line' id='line_1_125' title="bbox 1133 2862 1999 2906; baseline 0 -8"><span class='ocrx_word' id='word_1_848' title='bbox 1133 2875 1193 2898; x_wconf 87' lang='lat' dir='ltr'>nus</span> <span class='ocrx_word' id='word_1_849' title='bbox 1224 2888 1235 2904; x_wconf 93' lang='lat'>,</span> <span class='ocrx_word' id='word_1_850' title='bbox 1263 2873 1367 2906; x_wconf 85' lang='lat' dir='ltr'>neque</span> <span class='ocrx_word' id='word_1_851' title='bbox 1392 2871 1502 2896; x_wconf 85' lang='lat' dir='ltr'>verum</span> <span class='ocrx_word' id='word_1_852' title='bbox 1529 2862 1667 2895; x_wconf 66' lang='lat' dir='ltr'>aetionis</span> <span class='ocrx_word' id='word_1_853' title='bbox 1694 2870 1872 2896; x_wconf 82' lang='lat' dir='ltr'>extremum</span> <span class='ocrx_word' id='word_1_854' title='bbox 1895 2887 1903 2894; x_wconf 89' lang='lat'><strong>.</strong></span> <span class='ocrx_word' id='word_1_855' title='bbox 1932 2863 1999 2898; x_wconf 89' lang='lat' dir='ltr'>Ve-</span> 
     </span>
     <span class='ocr_line' id='line_1_126' title="bbox 1132 2911 2003 2957; baseline 0.001 -10"><span class='ocrx_word' id='word_1_856' title='bbox 1132 2925 1202 2947; x_wconf 89' lang='lat' dir='ltr'>rum</span> <span class='ocrx_word' id='word_1_857' title='bbox 1234 2911 1276 2948; x_wconf 88' lang='lat' dir='ltr'>de</span> <span class='ocrx_word' id='word_1_858' title='bbox 1300 2912 1394 2948; x_wconf 86' lang='lat' dir='ltr'>omni</span> <span class='ocrx_word' id='word_1_859' title='bbox 1432 2911 1493 2946; x_wconf 88' lang='lat' dir='ltr'>hac</span> <span class='ocrx_word' id='word_1_860' title='bbox 1521 2912 1660 2950; x_wconf 22' lang='lat' dir='ltr'>materia*</span> <span class='ocrx_word' id='word_1_861' title='bbox 1684 2911 1764 2950; x_wconf 82' lang='lat' dir='ltr'>alibi</span> <span class='ocrx_word' id='word_1_862' title='bbox 1792 2923 1830 2946; x_wconf 85' lang='lat' dir='ltr'>ex</span> <span class='ocrx_word' id='word_1_863' title='bbox 1857 2914 2003 2957; x_wconf 73' lang='lat' dir='ltr'>professo</span> 
     </span>
     <span class='ocr_line' id='line_1_127' title="bbox 1133 2963 1249 2998; baseline -0.017 0"><span class='ocrx_word' id='word_1_864' title='bbox 1133 2963 1249 2998; x_wconf 69' lang='lat' dir='ltr'>latius.</span> 
     </span>
    </p>

    <p class='ocr_par' dir='ltr' id='par_1_13' title="bbox 1130 3011 2000 3459">
     <span class='ocr_line' id='line_1_128' title="bbox 1184 3011 1999 3057; baseline -0.004 -7"><span class='ocrx_word' id='word_1_865' title='bbox 1184 3023 1236 3050; x_wconf 76' lang='grc' dir='ltr'>ιο.</span> <span class='ocrx_word' id='word_1_866' title='bbox 1264 3013 1422 3048; x_wconf 83' lang='lat' dir='ltr'>Similiter</span> <span class='ocrx_word' id='word_1_867' title='bbox 1432 3022 1500 3047; x_wconf 86' lang='lat' dir='ltr'>non</span> <span class='ocrx_word' id='word_1_868' title='bbox 1512 3011 1672 3056; x_wconf 70' lang='lat' dir='ltr'>assignant</span> <span class='ocrx_word' id='word_1_869' title='bbox 1688 3023 1834 3057; x_wconf 86' lang='lat' dir='ltr'>congrua</span> <span class='ocrx_word' id='word_1_870' title='bbox 1858 3012 1999 3049; x_wconf 70' lang='lat' dir='ltr'>affionis.</span> 
     </span>
     <span class='ocr_line' id='line_1_129' title="bbox 1130 3062 1995 3107; baseline -0.001 -10"><span class='ocrx_word' id='word_1_871' title='bbox 1130 3064 1280 3098; x_wconf 67' lang='lat' dir='ltr'>univoca</span> <span class='ocrx_word' id='word_1_872' title='bbox 1303 3065 1337 3098; x_wconf 92' lang='lat'>&amp;</span> <span class='ocrx_word' id='word_1_873' title='bbox 1357 3063 1529 3107; x_wconf 79' lang='lat' dir='ltr'>aequivocae</span> <span class='ocrx_word' id='word_1_874' title='bbox 1546 3062 1698 3105; x_wconf 85' lang='lat' dir='ltr'>exempla</span> <span class='ocrx_word' id='word_1_875' title='bbox 1721 3087 1727 3094; x_wconf 91' lang='lat'>.</span> <span class='ocrx_word' id='word_1_876' title='bbox 1769 3062 1855 3096; x_wconf 87' lang='lat' dir='ltr'>Nam</span> <span class='ocrx_word' id='word_1_877' title='bbox 1879 3073 1995 3098; x_wconf 83' lang='lat' dir='ltr'>omnes</span> 
     </span>
     <span class='ocr_line' id='line_1_130' title="bbox 1130 3112 1995 3158; baseline -0.001 -10"><span class='ocrx_word' id='word_1_878' title='bbox 1130 3115 1291 3155; x_wconf 65' lang='lat' dir='ltr'>astioneS,</span> <span class='ocrx_word' id='word_1_879' title='bbox 1315 3124 1394 3156; x_wconf 85' lang='lat' dir='ltr'>quas</span> <span class='ocrx_word' id='word_1_880' title='bbox 1406 3113 1580 3158; x_wconf 85' lang='lat' dir='ltr'>affignant,</span> <span class='ocrx_word' id='word_1_881' title='bbox 1594 3113 1667 3146; x_wconf 89' lang='lat' dir='ltr'>sunt</span> <span class='ocrx_word' id='word_1_882' title='bbox 1679 3112 1863 3153; x_wconf 64' lang='lat' dir='ltr'>aequivocae,</span> <span class='ocrx_word' id='word_1_883' title='bbox 1891 3113 1995 3147; x_wconf 91' lang='lat' dir='ltr'>nulla-</span> 
     </span>
     <span class='ocr_line' id='line_1_131' title="bbox 1134 3162 1996 3206; baseline 0 -11"><span class='ocrx_word' id='word_1_884' title='bbox 1134 3174 1197 3206; x_wconf 88' lang='lat' dir='ltr'>que</span> <span class='ocrx_word' id='word_1_885' title='bbox 1210 3162 1470 3199; x_wconf 87' lang='lat' dir='ltr'>omninoearum</span> <span class='ocrx_word' id='word_1_886' title='bbox 1485 3162 1532 3196; x_wconf 88' lang='lat' dir='ltr'>est</span> <span class='ocrx_word' id='word_1_887' title='bbox 1544 3163 1702 3196; x_wconf 86' lang='lat' dir='ltr'>univoca.</span> <span class='ocrx_word' id='word_1_888' title='bbox 1733 3162 1798 3196; x_wconf 75' lang='lat' dir='ltr'>Pro</span> <span class='ocrx_word' id='word_1_889' title='bbox 1811 3162 1996 3198; x_wconf 62' lang='lat' dir='ltr'>actionibus</span> 
     </span>
     <span class='ocr_line' id='line_1_132' title="bbox 1137 3210 1994 3256; baseline 0.001 -10"><span class='ocrx_word' id='word_1_890' title='bbox 1137 3223 1277 3256; x_wconf 90' lang='lat' dir='ltr'>namque</span> <span class='ocrx_word' id='word_1_891' title='bbox 1296 3213 1448 3246; x_wconf 85' lang='lat' dir='ltr'>univocis</span> <span class='ocrx_word' id='word_1_892' title='bbox 1470 3212 1632 3256; x_wconf 84' lang='lat' dir='ltr'>affignant</span> <span class='ocrx_word' id='word_1_893' title='bbox 1644 3210 1718 3246; x_wconf 89' lang='lat' dir='ltr'>has:</span> <span class='ocrx_word' id='word_1_894' title='bbox 1745 3212 1924 3250; x_wconf 80' lang='lat' dir='ltr'>Generatio</span> <span class='ocrx_word' id='word_1_895' title='bbox 1935 3211 1994 3247; x_wconf 83' lang='lat' dir='ltr'>ho.-</span> 
     </span>
     <span class='ocr_line' id='line_1_133' title="bbox 1131 3260 1996 3307; baseline 0 -11"><span class='ocrx_word' id='word_1_896' title='bbox 1131 3262 1229 3296; x_wconf 87' lang='lat' dir='ltr'>minis</span> <span class='ocrx_word' id='word_1_897' title='bbox 1250 3261 1290 3295; x_wconf 87' lang='lat' dir='ltr'>ab</span> <span class='ocrx_word' id='word_1_898' title='bbox 1302 3260 1460 3301; x_wconf 88' lang='lat' dir='ltr'>homine,</span> <span class='ocrx_word' id='word_1_899' title='bbox 1486 3263 1655 3306; x_wconf 88' lang='lat' dir='ltr'>generatio</span> <span class='ocrx_word' id='word_1_900' title='bbox 1677 3261 1909 3303; x_wconf 70' lang='lat' dir='ltr'>emisa-cane,</span> <span class='ocrx_word' id='word_1_901' title='bbox 1934 3273 1996 3307; x_wconf 51' lang='lat' dir='ltr'>ge*</span> 
     </span>
     <span class='ocr_line' id='line_1_134' title="bbox 1132 3311 1993 3359; baseline 0 -13"><span class='ocrx_word' id='word_1_902' title='bbox 1132 3313 1260 3357; x_wconf 87' lang='lat' dir='ltr'>neratio</span> <span class='ocrx_word' id='word_1_903' title='bbox 1272 3312 1349 3355; x_wconf 88' lang='lat' dir='ltr'>equi</span> <span class='ocrx_word' id='word_1_904' title='bbox 1361 3311 1401 3346; x_wconf 88' lang='lat' dir='ltr'>ab</span> <span class='ocrx_word' id='word_1_905' title='bbox 1411 3323 1497 3357; x_wconf 88' lang='lat' dir='ltr'>equo</span> <span class='ocrx_word' id='word_1_906' title='bbox 1512 3336 1519 3344; x_wconf 83' lang='lat'>.</span> <span class='ocrx_word' id='word_1_907' title='bbox 1547 3312 1699 3359; x_wconf 83' lang='lat' dir='ltr'>Qarnm</span> <span class='ocrx_word' id='word_1_908' title='bbox 1714 3311 1803 3345; x_wconf 88' lang='lat' dir='ltr'>nulla</span> <span class='ocrx_word' id='word_1_909' title='bbox 1817 3312 1862 3346; x_wconf 84' lang='lat' dir='ltr'>est</span> <span class='ocrx_word' id='word_1_910' title='bbox 1875 3312 1993 3346; x_wconf 88' lang='lat' dir='ltr'>univo-</span> 
     </span>
     <span class='ocr_line' id='line_1_135' title="bbox 1130 3361 2000 3405; baseline -0.002 -9"><span class='ocrx_word' id='word_1_911' title='bbox 1130 3373 1190 3401; x_wconf 88' lang='lat' dir='ltr'>ca,</span> <span class='ocrx_word' id='word_1_912' title='bbox 1217 3361 1268 3395; x_wconf 80' lang='lat' dir='ltr'>sed</span> <span class='ocrx_word' id='word_1_913' title='bbox 1291 3362 1433 3396; x_wconf 88' lang='lat' dir='ltr'>omnino</span> <span class='ocrx_word' id='word_1_914' title='bbox 1455 3371 1572 3396; x_wconf 88' lang='lat' dir='ltr'>omnes</span> <span class='ocrx_word' id='word_1_915' title='bbox 1590 3363 1663 3395; x_wconf 91' lang='lat' dir='ltr'>sunt</span> <span class='ocrx_word' id='word_1_916' title='bbox 1686 3362 1876 3405; x_wconf 82' lang='lat' dir='ltr'>aequivocae.</span> <span class='ocrx_word' id='word_1_917' title='bbox 1905 3365 2000 3404; x_wconf 8' lang='lat' dir='ltr'>Ratio&amp;</span> 
     </span>
     <span class='ocr_line' id='line_1_136' title="bbox 1132 3411 1991 3459; baseline -0.003 -14"><span class='ocrx_word' id='word_1_918' title='bbox 1132 3411 1192 3450; x_wconf 78' lang='lat' dir='ltr'>est.-</span> <span class='ocrx_word' id='word_1_919' title='bbox 1204 3411 1295 3459; x_wconf 86' lang='lat' dir='ltr'>Qia</span> <span class='ocrx_word' id='word_1_920' title='bbox 1306 3435 1316 3451; x_wconf 84' lang='lat'>‚</span> <span class='ocrx_word' id='word_1_921' title='bbox 1330 3421 1366 3445; x_wconf 88' lang='lat' dir='ltr'>ut</span> <span class='ocrx_word' id='word_1_922' title='bbox 1378 3411 1479 3445; x_wconf 74' lang='lat' dir='ltr'>modo</span> <span class='ocrx_word' id='word_1_923' title='bbox 1489 3411 1559 3445; x_wconf 85' lang='lat' dir='ltr'>dixi</span> <span class='ocrx_word' id='word_1_924' title='bbox 1573 3435 1583 3451; x_wconf 91' lang='lat'><em>‚</em></span> <span class='ocrx_word' id='word_1_925' title='bbox 1595 3412 1680 3446; x_wconf 75' lang='lat' dir='ltr'>astio</span> <span class='ocrx_word' id='word_1_926' title='bbox 1691 3411 1856 3454; x_wconf 76' lang='lat' dir='ltr'>aequivoca</span> <span class='ocrx_word' id='word_1_927' title='bbox 1864 3411 1913 3446; x_wconf 84' lang='lat' dir='ltr'>est</span> <span class='ocrx_word' id='word_1_928' title='bbox 1924 3411 1991 3448; x_wconf 77' lang='lat' dir='ltr'>illa,</span> 
     </span>
    </p>
   </div>
   <div class='ocr_carea' id='block_1_10' title="bbox 1134 3459 1994 3545">
    <p class='ocr_par' dir='ltr' id='par_1_14' title="bbox 1134 3459 1994 3545">
     <span class='ocr_line' id='line_1_137' title="bbox 1134 3459 1994 3543; baseline -0.007 -46"><span class='ocrx_word' id='word_1_929' title='bbox 1134 3461 1226 3506; x_wconf 79' lang='lat' dir='ltr'>cujus</span> <span class='ocrx_word' id='word_1_930' title='bbox 1233 3462 1382 3498; x_wconf 80' lang='lat' dir='ltr'>formalia</span> <span class='ocrx_word' id='word_1_931' title='bbox 1390 3470 1533 3497; x_wconf 86' lang='lat' dir='ltr'>extrema</span> <span class='ocrx_word' id='word_1_932' title='bbox 1542 3462 1575 3496; x_wconf 87' lang='lat' dir='ltr'>su</span> <span class='ocrx_word' id='word_1_933' title='bbox 1580 3461 1643 3543; x_wconf 53' lang='lat'>¹¹2⁶</span> <span class='ocrx_word' id='word_1_934' title='bbox 1648 3462 1751 3496; x_wconf 76' lang='lat' dir='ltr'>iversae</span> <span class='ocrx_word' id='word_1_935' title='bbox 1762 3462 1780 3495; x_wconf 91' lang='lat' dir='ltr'>s</span> <span class='ocrx_word' id='word_1_936' title='bbox 1776 3459 1992 3541; x_wconf 68' lang='lat' dir='ltr'>pecierfAtqu</span> <span class='ocrx_word' id='word_1_937' title='bbox 1982 3471 1994 3492; x_wconf 88' lang='grc' dir='ltr'>ι</span> 
     </span>
     <span class='ocr_line' id='line_1_138' title="bbox 1653 3519 1947 3545; baseline -0.014 0"><span class='ocrx_word' id='word_1_938' title='bbox 1653 3522 1671 3545; x_wconf 92' lang='lat' dir='ltr'>e</span> <span class='ocrx_word' id='word_1_939' title='bbox 1891 3519 1947 3541; x_wconf 86' lang='lat' dir='ltr'>or-</span> 
     </span>
    </p>
   </div>
  </div>
 </body>
</html>
