2384 3770
734 46 1063 103 Sancrt

301 142 348 174 Et
367 140 436 183 qula
456 138 503 172 hle
511 136 702 182 disponebam
720 137 771 180 effe
789 142 821 171 in
842 135 1012 177 monasterio
1021 145 1086 167 cum
1103 133 1171 175 fra·

299 191 381 225 tibus
401 214 410 222 .
437 189 595 224 Notanda
616 188 661 222 est
688 186 844 231 particula
861 186 910 220 bic
928 208 938 217 .
967 183 1173 228 Augustinus

297 240 421 284 quippe
450 248 520 274 non
548 239 612 274 fuit
638 238 808 273 ordinatus
830 234 1001 280 Presbyter
1021 234 1172 268 &Sancto

297 289 454 331 Valerio,
480 288 659 333 quomod&
673 283 904 330 Hieronymus
915 286 932 319 ὲ
945 285 1064 318 Sansto
1086 283 1170 317 Pau-

299 340 373 374 lino
393 365 404 382 ‚
430 339 484 374 sed
508 348 604 384 prout
624 336 764 381 precipit
784 346 892 370 canon
914 334 1063 369 decimus
1083 334 1175 380 quin-

299 399 353 425 tus
373 401 413 425 ac
432 389 578 424 decimus
596 388 705 421 sextus
717 386 866 420 Concilii
889 385 1017 419 Nicaeni
1032 384 1172 428 postmo-

299 441 380 476 dum
401 440 505 484 magis
522 436 702 483 explicatus
724 447 777 479 per
789 434 879 469 hunc
896 445 1060 468 canonem
1085 433 1173 467 Con·

298 491 369 525 cilii
390 487 685 524 Chalcedonensis.
713 491 875 520 Neminem
901 483 1030 528 absblute‘
1040 486 1174 518 ordinari

293 537 659 583 jubemus-*Presbyterum
679 548 772 579 neque
784 540 947 569 Diaconum
969 559 979 578 ,
1001 546 1052 568 nec
1076 546 1174 577 quem-

297 590 373 626 libet
400 594 433 622 in
451 585 646 626 Ecclefiastica
667 588 853 620 ordinatione
872 586 1055 626 constitutum
1088 610 1099 625 ,
1126 588 1175 617 ni-

294 639 321 682 fi
338 637 489 680 manifesti
516 643 549 670 in
570 635 695 679 Ecclefia
711 635 776 680 suae
795 642 931 671 civitatis
947 635 1014 678 five
1043 634 1174 678 poffeffio-

298 696 369 729 nis,
390 698 445 721 aut
464 693 496 720 in
517 693 677 727 martyrio,
704 694 757 719 aut
779 692 811 719 in
830 685 1000 725 monasterio
1019 685 1067 719 bic
1087 708 1097 724 ,
1123 689 1175 726 qui

296 742 453 789 orditptur
472 763 484 781 ,
511 736 661 771 mereatur
680 737 879 770 ordinationis
901 736 1031 780 publicae
1053 734 1175 769 vocabu·

297 792 359 824 lum
378 812 386 821 .
410 786 474 822 Εἲς
492 797 609 828 autem,
629 791 681 831 qui
702 785 833 829 absblute
854 788 1053 825 ordinantur,
1080 784 1178 816 decre-

297 845 348 874 vit
365 825 626 890 san32³³53nodus
646 848 774 874 vacuam
799 836 907 882 babere
932 846 1040 869 manus
1068 832 1173 876 impoſs-

296 895 407 926 tionem
427 914 437 929 ,
464 891 499 923 6·
519 888 631 923 nullum
657 888 717 921 tale
731 885 853 928 facium
875 887 975 920 valere
997 910 1007 925 ‚
1033 886 1078 918 ad
1096 886 1175 926 inju-

295 945 376 974 riam
396 937 501 981 ipsius,
521 944 572 981 qui
588 938 759 971 ordinavit.
788 936 943 974 Ordinari
965 935 1111 970 absolute
1131 934 1176 968 est

294 989 442 1025 ordinari
465 989 531 1023 sine
549 987 714 1023 canonico
731 986 829 1020 titulo
857 1013 867 1029 ‚
893 999 931 1021 ac
958 986 1024 1020 fine
1045 986 1111 1019 fixa
1138 983 1178 1017 ad

294 1049 412 1075 certam
434 1039 610 1073 Ecclesiam
633 1038 870 1080 adscriptione.
896 1036 978 1070 Istos
1000 1035 1097 1079 porro
1121 1034 1176 1068 Ni*

293 1102 400 1125 caenos
421 1100 566 1125 canones
586 1089 680 1122 fuisse
700 1087 786 1131 apud
815 1088 916 1123 Astos
940 1088 973 1121 in
1002 1086 1096 1119 viridi
1124 1084 1178 1118 ob·

283 1140 475 1179 servantia,
504 1147 591 1182 patet
602 1139 727 1179 exipso
740 1136 951 1181 Augustino,
978 1138 1021 1170 sic
1042 1133 1179 1169 scriben-

294 1200 328 1224 te
349 1190 389 1225 ad
409 1188 637 1230 Presbyterum
650 1187 876 1238 Qintianum
898 1211 905 1220 .
934 1186 1102 1226 Institutum
1120 1184 1179 1225 est,

293 1248 328 1272 ut
343 1240 478 1272 clericum
499 1239 630 1270 alienum
647 1247 732 1269 nemo
742 1236 888 1278 sisj'cipiat
908 1261 915 1269 .
940 1236 1115 1279 Presbyter
1136 1245 1179 1268 er·

293 1299 339 1333 go
362 1286 565 1334 Augustinus
587 1286 701 1320 videns
722 1286 754 1319 se
774 1286 840 1329 jam
859 1287 1019 1329 Hippone
1044 1287 1147 1319 fixum
1170 1310 1179 1326 ,

293 1341 387 1372 suurn
408 1347 518 1371 tamen
542 1336 760 1371 monasticum
784 1336 994 1375 institutum,
1021 1337 1111 1380 quod
1139 1335 1180 1370 ab

293 1388 410 1423 audito
421 1386 592 1421 Potitiano
606 1386 684 1419 'huc
706 1387 808 1430 usque
826 1387 1010 1422 observarat
1027 1411 1038 1428 ,
1068 1386 1180 1419 firmus

294 1438 408 1473 statuit
431 1448 499 1471 non
526 1436 740 1471 deserendum
758 1461 765 1468 .
793 1436 895 1470 Tunc
921 1447 1001 1483 ergo
1020 1435 1179 1478 disposuit

294 1485 349 1523 hic
366 1488 428 1521 effe
444 1488 477 1521 in
500 1485 678 1522 solitudine
700 1497 737 1520 ac
760 1487 980 1526 monasterio,
1006 1486 1106 1529 coepit
1132 1497 1180 1520 res

293 1538 365 1570 suas
383 1536 546 1580 Episcopo
567 1536 702 1571 Valerio
725 1547 889 1580 exponere
914 1549 923 1580 ς
951 1535 1103 1571 Valerius
1129 1547 1180 1570 eas

287 1587 417 1623 ‘mature
439 1587 591 1631 cognitas
599 1598 638 1621 ac
650 1585 800 1621 discuffias
811 1587 960 1631 probavit
973 1611 985 1627 ,
1010 1586 1101 1622 dedit
1113 1588 1178 1621 Au·

292 1636 430 1685 gustino
448 1648 562 1682 agrum
584 1637 805 1672 suburbanum
833 1662 844 1678 ,
871 1638 961 1683 isque
988 1637 1034 1674 ibi
1058 1636 1179 1682 primos

288 1688 369 1736 *suos
393 1686 564 1724 inchoavit
587 1687 784 1722 Eremiticos
805 1697 932 1723 muros.

120 494 201 538 Cap.
218 492 266 530 6..

470 1788 503 1823 C
552 1786 584 1822 A
637 1786 664 1819 P
717 1786 757 1823 U
809 1787 847 1822 T
944 1787 1011 1821 IV.

409 1884 597 1931 Explicatur
620 1888 696 1922 Iocus
721 1886 926 1933 controverqu
954 1889 1060 1922 sandi

646 1939 648 1941 ’
667 1938 784 1977 Poffidii
795 1963 804 1972 .

404 2033 490 2067 Erba
510 2033 717 2067 controversa
739 2033 815 2066 sunt
838 2027 903 2065 baec
927 2057 934 2063 .
962 2035 1079 2065 Faesus
1093 2033 1178 2074 Pres-

419 2081 499 2122 byter
515 2079 722 2119 monasterium
739 2084 824 2113 intra
850 2079 1010 2121 Ecclesiam
1036 2091 1106 2112 mox
1133 2086 1175 2112 in*

279 2129 380 2172 stituit
401 2155 408 2162 .
435 2129 664 2165 Controversia
685 2128 730 2162 est
754 2153 764 2169 ‚
790 2127 880 2172 quod
905 2131 943 2163 sit
966 2136 1051 2162 intra
1074 2130 1175 2164 Eccle-

279 2181 376 2223 fiam.
404 2181 459 2215 De
482 2180 550 2213 istis
574 2179 679 2213 verbis
701 2178 745 2212 sic
767 2178 848 2212 dicit
870 2179 1056 2214 Cardinalis
1078 2179 1179 2214 Baro·

118 2226 159 2262 A.
190 2236 268 2277 391·
288 2233 379 2265 nius.
403 2231 497 2274 „Quod
513 2231 586 2263 dicit
598 2230 739 2270 Poffidius
752 2229 943 2272 Augustinum
959 2230 1078 2271 fisclum
1090 2229 1173 2273 Pres

287 2282 415 2320 byterum
435 2279 638 2320 monasterium
658 2286 741 2311 intra
763 2279 919 2321 Ecclesiam
945 2292 1012 2312 mox
1035 2279 1172 2322 instituis·

284 2329 317 2375 se
330 2355 341 2370 ‚
367 2332 455 2363 aliter
470 2328 501 2372 se
520 2340 581 2361 rem
601 2328 727 2371 babuiffe
741 2353 751 2368 ,
776 2340 841 2361 eum
862 2332 1041 2370 praecedens
1066 2330 1170 2363 sanai

287 2379 439 2423 Augustini
460 2377 555 2421 serm
575 2379 734 2417 declarat,
760 2386 825 2410 tum
835 2390 903 2421 quae
922 2378 1029 2422 subdit
1044 2378 1091 2412 his
1106 2392 1170 2414 ver-

285 2428 351 2463 bis.
383 2431 513 2462 Perveni
534 2429 579 2461 ad
591 2426 824 2471 Epifiopatum3
851 2429 920 2463 vidi
940 2432 1042 2473 neceffe
1063 2429 1173 2464 babere

286 2475 470 2522 Episcopum
489 2477 628 2512 exhibere
648 2477 867 2512 humanitatem
890 2481 1032 2520 affiduam
1053 2480 1170 2524 quibus-

284 2540 405 2571 cumque
421 2528 609 2563 venientibus
625 2527 690 2570 five
700 2527 949 2571 transeuntibus:
977 2530 1106 2576 ,Quodfi
1113 2542 1171 2564 non

276 2579 428 2623 fecissem,
456 2577 622 2624 Episcopus
643 2577 824 2613 inhumanus
846 2581 961 2614 dicerer
984 2593 993 2622 3
1016 2579 1045 2622 fi
1068 2590 1169 2615 autem

281 2629 455 2673 consuetudo
476 2629 529 2669 ista
548 2635 580 2661 in
601 2628 771 2667 monasterio
787 2631 926 2674 permiffa
945 2631 1011 2674 esset
1039 2655 1050 2671 ‚
1076 2633 1166 2664 inde-

281 2690 349 2714 cens
372 2680 455 2722 effer.
483 2681 530 2711 Et
552 2679 619 2711 ideo
639 2679 717 2711 volui
738 2678 848 2714 babere
869 2686 902 2713 in
915 2680 970 2721 ista
982 2683 1065 2714 domo
1078 2681 1162 2724 Epis

280 2735 345 2771 copi
371 2740 480 2763 mecum
507 2727 711 2767 monasterium
737 2730 902 2764 clericorum
927 2754 935 2762 .
972 2736 1045 2765 Haec
1070 2730 1132 2773 ipse
1158 2758 1164 2765 .

279 2780 401 2823 ,Quibus
429 2780 602 2812 declaratur
627 2801 638 2816 ,
664 2790 721 2811 non
743 2779 799 2820 nist
815 2780 901 2820 fallo
927 2779 990 2823 ipso
1017 2780 1165 2824 Episcopo

280 2830 411 2871 accidisse
427 2829 506 2871 quod
524 2834 569 2860 ait
583 2828 724 2868 Possiditss
746 2853 757 2870 ,
784 2829 964 2873 construxiffe
989 2830 1084 2873 ipsum
1108 2836 1164 2865 Au-

276 2879 425 2923 gustinum
449 2877 652 2917 monasterium
675 2885 757 2911 intra
780 2879 933 2920 Ecclesiam
949 2894 961 2914 .·
987 2891 1021 2914 ut
1047 2893 1084 2915 ex
1112 2882 1161 2915 bis
1222 2878 1392 2922 sanclorum
1421 2883 1564 2925 proposito
1600 2891 1755 2919 venientes
1789 2910 1798 2925 ,

280 2930 392 2962 videas
415 2930 471 2960 duo
483 2928 520 2960 ab
544 2939 574 2960 eo
598 2928 692 2961 eret‘la
706 2928 794 2971 fusffi’
808 2934 943 2971 Hippone
964 2932 1136 2971 monasteria
1150 2957 1160 2972 ,

278 2980 404 3012 alterum
427 2989 490 3011 cum
509 2977 606 3010 adbuc
622 2978 776 3016 Presbyter
798 2980 865 3021 effet
878 3004 895 3020 ,.
913 2985 945 3011 in
957 2979 1037 3013 horto
1050 3006 1060 3020 ,
1087 2983 1161 3015 alte-

275 3040 344 3063 rum
368 3031 440 3062 vero
461 3038 527 3060 cum
540 3027 648 3069 fadus
667 3029 704 3068 est
716 3029 880 3072 Episcopus
893 3054 902 3069 ,
927 3029 961 3063 in
982 3029 1048 3072 ipsa
1072 3030 1158 3073 Epis-

274 3081 371 3120 cupali
391 3080 494 3119 domo,
521 3089 588 3121 quae
606 3077 757 3112 inbaerens
779 3080 831 3121 esse
852 3079 958 3123 sbleret
980 3081 1112 3122 Ecclefiae
1125 3107 1132 3114 .

326 3128 374 3163 At
399 3141 464 3174 ego
487 3139 656 3172 nunquam
678 3129 843 3163 credidero
874 3131 1096 3174 Augustinum
1120 3144 1158 3167 ac

274 3177 457 3213 Poffidium
479 3176 538 3211 hac
562 3180 595 3212 in
620 3189 653 3212 re
675 3179 759 3213 inter
786 3180 816 3213 se
843 3179 990 3214 diffidere
1017 3206 1024 3213 .
1052 3183 1157 3230 Qod

273 3229 363 3263 enim
386 3240 451 3263 tam
475 3227 681 3272 Augustinus
704 3254 714 3270 ‚
741 3239 839 3272 quam
860 3229 1003 3274 plerique
1022 3232 1091 3275 ejus
1116 3233 1156 3267 ad

272 3278 506 3323 Episcopatum
528 3280 679 3322 assumpti
703 3279 866 3322 Discipuli
892 3279 960 3314 duo
983 3282 1065 3315 intra
1093 3283 1155 3317 Ec-

271 3329 379 3363 clefias
401 3331 469 3363 suas
486 3329 644 3363 erexerint
666 3330 858 3364 monasteria
883 3353 893 3370 ,
915 3341 1017 3366 unum
1045 3344 1156 3366 mona-

268 3377 408 3415 chorum
427 3382 479 3414 seu
504 3380 743 3420 Eremitarum,
769 3380 859 3415 aliud
885 3380 1078 3417 clericorum
1102 3385 1155 3418 seu

1133 48 1678 91 Aoousrrnr.
2040 56 2072 106 7

1230 132 1466 166 canonicorum
1479 155 1490 171 ,
1501 143 1549 165 res
1561 133 1606 165 est
1618 132 1701 167 adeo
1712 130 1796 167 clara
1809 130 1820 173 ,'
1848 138 1883 168 ut
1893 129 2036 177 diligens
2048 131 2117 166 Au·

1231 182 1355 226 gustini
1377 181 1478 216 lestor
1500 192 1639 225 nequeat
1660 182 1701 216 de
1723 195 1760 218 ea
1782 183 1833 217 vel
1853 182 2002 218 dubitare
2028 205 2035 213 .
2063 182 2117 214 Dc

1233 232 1373 266 Ecclesia
1395 233 1451 265 sua
1470 231 1676 275 Hipponenfi
1699 233 1831 266 testatur
1856 232 1889 268 id
1911 231 2118 277 Augustinus

1233 293 1300 317 non
1322 281 1476 315 solumin
1502 282 1568 325 jam
1579 281 1724 326 allegato
1746 282 1914 324 sermone,
1941 283 1993 317 sed
2018 281 2117 318 etiam

1235 332 1269 366 in
1294 331 1439 376 Epistola
1459 329 1499 365 ad
1516 331 1665 374 Alipium
1679 332 1731 365 sic⁴
1745 331 1871 365 dicens.
1901 334 2026 366 clericos
2042 331 2118 375 sane*
2137 328 2295 374 δικ-2143

1233 380 1338 421 nostros
1363 383 1416 417 'vel
1423 381 1544 423 fratres
1566 387 1599 414 in
1618 381 1788 421 monasterio
1806 382 1972 420 constitutos
1993 387 2120 425 partici-

1230 441 1284 474 pes
1304 431 1394 475 fuisse
1422 434 1474 465 vel
1497 431 1664 465 hortatores
1691 432 1931 465 contumeliarum
1959 442 2079 466 tuarum
2108 456 2119 472 ,

1234 491 1334 515 utrum
1353 481 1478 524 probari
1495 483 1596 524 poffit‚
1625 488 1737 525 ignoro.
1765 480 1922 515 Testatur
1942 483 1974 515 &
1987 483 2121 517 Sanstus

1238 532 1395 566 Paulinus
1418 532 1462 566 fic
1484 533 1625 566 scribens
1647 531 1686 566 ad
1699 531 1841 565 eundem
1867 531 2036 573 Alipium.
2063 535 2124 565 Be·
2141 532 2200 578 Ep.
2214 541 2269 578 35.

1236 582 1363 616 nedic‘los
1385 580 1564 626 sanllitatis
1581 592 1643 616 tuat
1661 587 1781 615 comites
1802 584 1836 616 (5
1858 582 2041 614 aemulatores
2058 606 2068 621 ,
2089 587 2122 615 in

1239 637 1362 665 Domino
1380 631 1504 674 fratres
1528 656 1539 672 ‚
1561 631 1588 673 fi
1604 634 1767 675 dignantur
1795 656 1806 672 ‚
1833 631 1939 669 nostros
1962 655 1972 670 ,
1999 639 2063 663 tam
2090 637 2123 665 in

1239 681 1390 722 Eccleli'is,
1418 694 1509 724 quam
1533 689 1566 715 in
1590 682 1797 723 monasteriis,
1822 682 2007 724 Cartbagine
2030 705 2040 721 ,
2068 683 2125 714 Ta-

1233 732 1344 777 gastae,
1371 734 1506 774 Hippone
1519 736 1632 776 Regio,
1660 735 1777 766 &totis
1795 731 1948 773 parochiis
1971 735 2030 764 tuis
2043 755 2053 770 ,
2081 739 2127 763 at-

1237 794 1291 825 que
1311 782 1445 815 omnibus
1468 786 1592 826 cognitis
1614 782 1671 815 tibi
1689 790 1747 824 per
1772 782 1906 823 Africam
1932 782 2001 814 Iocis
2026 804 2037 820 ,
2067 782 2126 812 Do-

1240 839 1317 865 mino
1333 832 1474 867 catholice
1491 832 1658 876 servientes
1672 856 1682 872 ‚
1709 833 1801 868 multo
1814 831 1923 873 affecfh
1944 833 1978 865 Θ
1991 828 2127 873 obsequio

1235 882 1363 925 salutari
1386 893 1542 927 rogamus.
1571 882 1679 922 Ecce,
1709 894 1777 916 non
1799 882 1901 916 solam
1926 882 2087 924 Hippone
2115 904 2128 920 ‚

1241 932 1293 966 sed
1315 933 1415 965 etiam
1429 932 1657 977 Carthagine,
1679 932 1854 978 Tagastae,
1885 931 2019 978 aliisque
2032 930 2131 973 pluri·

1242 984 1302 1015 mis
1325 981 1445 1016 Africa:
1466 983 1567 1022 locis,
1594 982 1649 1016 alii
1670 994 1761 1017 erant
1785 983 1842 1016 sub
1852 982 1971 1016 eodem
1997 981 2129 1023 Episco-

1242 1045 1283 1075 po
1304 1033 1415 1066 fratres
1437 1031 1588 1065 Eremitae
1607 1034 1661 1066 seu
1681 1031 1838 1067 monachi
1853 1033 1886 1066 in
1907 1031 2131 1071 monasterio,

1240 1082 1294 1116 alii
1315 1091 1405 1116 erant
1428 1081 1548 1116 Clerici
1573 1082 1608 1114 in
1631 1082 1774 1125 Ecclesia
1796 1084 1849 1116 seu
1871 1082 1974 1117 domo
1999 1081 2133 1128 Episco-

1241 1132 1323 1176 pali.
1352 1129 1553 1166 Monast'eria
1577 1131 1635 1166 ista
1654 1140 1747 1166 erant
1767 1133 1800 1165 in
1828 1130 1952 1173 hortis,
1981 1131 2046 1165 hoc
2059 1131 2130 1170 est,

1242 1187 1274 1216 in
1295 1185 1380 1226 agris
1407 1182 1600 1217 suburbanis
1627 1207 1637 1222 ,
1666 1182 1781 1225 procul
1808 1182 1849 1215 ab
1879 1182 1972 1216 omni
2001 1181 2132 1223 strepitu

1243 1233 1381 1268 saeculari
1394 1257 1401 1265 .
1429 1232 1522 1267 Hinc
1539 1232 1680 1267 enimad
1700 1233 1851 1267 Sanstum
1866 1232 2039 1266 Aurelium
2057 1231 2134 1265 Car-

1243 1282 1467 1327 thaginensem
1502 1283 1703 1326 Episcopum
1741 1281 2001 1328 gratulabundus
2032 1292 2135 1324 atque

1242 1333 1361 1378 gratias
1385 1343 1485 1378 agens
1505 1333 1548 1367 sic
1580 1332 1690 1367 scribit
1711 1332 1886 1375 Presbyter
1907 1345 1944 1366 ac
1969 1334 2002 1366 in
2034 1330 2134 1365 horto

1244 1383 1449 1426 Hipponeusi
1485 1381 1724 1417 monachorum
1762 1385 1857 1417 Pater
1892 1383 2098 1427 Augustinus
2128 1404 2134 1411 .
2155 1378 2286 1426 Ep.64.

1248 1440 1354 1481 Agrum
1374 1433 1531 1476 fratribus
1564 1435 1672 1466 datum
1704 1432 1868 1475 provifione
1893 1444 1929 1466 ac
1955 1434 2136 1466 liberalitate

1242 1492 1293 1516 tua
1315 1485 1476 1518 didicimus
1497 1493 1568 1517 ante
1592 1483 1757 1525 Episioiam
1779 1494 1864 1518 tuam
1885 1508 1897 1524 ,
1920 1492 1979 1525 per
1994 1482 2134 1525 [andium

1235 1534 1371 1576 fratrem
1391 1537 1426 1570 (5
1447 1533 1618 1578 conservum
1642 1532 1765 1573 nostrum
1789 1532 2004 1572 Parthenium,
2029 1536 2048 1564 ιὶ
2078 1543 2135 1573 quo

1242 1585 1337 1617 multa
1360 1587 1424 1619 alia
1447 1610 1458 1625 ‚
1484 1596 1554 1627 quae
1575 1586 1682 1618 audii-e
1702 1583 1943 1624 desiderabamus
1966 1608 1977 1623 ,
2005 1583 2135 1615 audivi-

1243 1646 1325 1668 mus.
1354 1636 1458 1670 Dedit
1478 1635 1632 1670 fratribus
1660 1634 1813 1668 Eremitis
1826 1646 1941 1680 agrum
1957 1658 1966 1673 ,
1994 1644 2134 1677 quomo-

1243 1686 1287 1720 do
1310 1685 1458 1721 Valerius
1478 1685 1524 1719 eis
1543 1684 1675 1721 dederas
1686 1684 1842 1719 hortum:
1873 1688 2002 1730 Agrum
2017 1683 2133 1717 subur-

1245 1738 1366 1770 banum
1388 1761 1399 1777 ‚
1425 1736 1465 1770 ad
1489 1734 1679 1770 monasterii
1702 1735 1952 1770 aedisicationem
1973 1760 1981 1768 .
2010 1734 2058 1767 Ita
2090 1744 2135 1767 te-

1243 1786 1344 1820 statur
1366 1786 1574 1831 Augustinus
1598 1787 1639 1820 sic
1661 1785 1774 1820 dicens
1798 1786 1831 1818 in
1857 1786 1948 1819 libris
1963 1784 2132 1818 Retracta-
2154 1790 2228 1827 Lib,
2243 1803 2277 1829 2·

1243 1836 1374 1871 tionum
1398 1861 1406 1869 .
1433 1841 1472 1870 Ut
1493 1838 1530 1870 de
1551 1845 1634 1879 opere
1653 1836 1856 1868 monachorum
1877 1834 1989 1868 librum
2008 1831 2132 1875 conscri—
2153 1855 2181 1877 c„
2210 1854 2231 1879 2
2243 1854 2261 1880 Ι

1242 1886 1357 1927 berem,
1379 1888 1435 1920 illa
1456 1899 1501 1921 me
1524 1888 1672 1927 neceffltas
1693 1886 1852 1924 compulit,
1874 1885 1955 1926 quod
1963 1895 2027 1917 cum
2045 1885 2134 1925 apud

1244 1936 1464 1977 Carthaginem
1480 1937 1655 1973 monasteria
1677 1933 1729 1977 esse
1751 1935 1897 1976 caeplffent
1921 1958 1932 1974 ,
1951 1935 2008 1968 &a
2041 1935 2091 1967 En
2120 1958 2131 1974 ,

1247 1995 1312 2016 non
1341 1982 1544 2027 Carthagine
1570 2006 1581 2022 ,
1616 1984 1668 2017 sed
1702 1995 1802 2027 prope
1831 1985 1920 2018 illam
1948 1985 2012 2019 esse
2038 1996 2135 2028 caepe·

1243 2041 1314 2063 rant
1336 2054 1346 2069 ,
1372 2035 1492 2072 nempe
1519 2033 1552 2062 in
1575 2043 1654 2074 agro
1678 2034 1859 2067 Aureliano
1880 2057 1888 2066 .
1917 2035 2050 2069 Horum
2062 2047 2135 2069 om·

1243 2078 1335 2111 nium
1358 2076 1619 2113 canuam-tradit
1653 2083 1751 2118 nobis
1774 2082 1910 2117 Sanetus
1934 2084 2096 2119 Poffidius
2124 2111 2131 2119 .
2155 2096 2238 2142 Cap,
2260 2101 2317 2136 11}

1243 2126 1412 2168 Proficiente
1438 2131 1510 2162 vero
1535 2129 1671 2165 doc‘lrina
1696 2136 1816 2166 Divina
1842 2156 1852 2171 ,
1869 2131 1927 2175 sub
1946 2135 2054 2167 sanna
2075 2141 2134 2169 Au-

1235 2178 1350 2222 gustino
1373 2184 1406 2211 in
1426 2179 1599 2220 monasterio
1613 2183 1672 2214 Deo
1693 2183 1883 2226 servientes,
1907 2183 2043 2223 Ecclefiae
2056 2189 2134 2228 Hip-

1235 2227 1357 2270 ponenfi
1371 2229 1467 2262 clerici
1487 2231 1625 2263 ordinari
1643 2238 1794 2276 caeperunt
1815 2256 1822 2263 .
1843 2238 1884 2265 Ac
1914 2234 2022 2266 deinde
2049 2240 2132 2269 inno-

1238 2277 1365 2320 tescente
1387 2281 1421 2313 (5
1442 2279 1617 2323 clarefi‘ente
1639 2285 1676 2316 de
1697 2286 1748 2318 die
1768 2289 1802 2315 in
1822 2284 1900 2316 diem
1924 2283 2056 2324 Ecclest‘ae
2070 2291 2130 2320 Ca·

1236 2328 1350 2361 tbolicae
1371 2331 1603 2370 praedicationis
1626 2339 1756 2366 veritate
1777 2354 1788 2370 ,
1810 2332 2040 2376 fundorumque
2062 2335 2123 2378 ser-

1236 2390 1342 2412 vorum
1367 2382 1425 2412 Dei
1451 2380 1594 2423 propofito
1616 2406 1628 2422 ‚
1664 2388 1848 2417 continentia
1867 2408 1877 2424 ,
1905 2385 1938 2417 6
1962 2393 2127 2425 pauperta-

1235 2437 1263 2461 te
1284 2428 1443 2471 profunda
1463 2453 1474 2469 ,
1500 2441 1538 2464 ex
1561 2432 1731 2473 monasterio
1751 2459 1761 2474 ,
1789 2434 1869 2474 quod
1890 2441 1946 2475 per
1966 2436 2050 2467 illum
2062 2448 2127 2470 me-

1233 2479 1406 2513 morabilem
1427 2486 1529 2514 virum
1551 2482 1586 2514 &³
1602 2483 1654 2525 esse
1675 2486 1709 2517 (ἓν
1729 2482 1855 2526 crescere
1877 2491 2008 2524 caeperat
2024 2508 2035 2523 ,
2062 2498 2126 2518 ma-

1228 2541 1288 2575 gno
1315 2530 1455 2572 defiderio
1478 2529 1594 2573 pestere
1621 2543 1713 2576 atque
1739 2540 1870 2576 accipere
1897 2533 2060 2577 Episcopos
2090 2539 2125 2571 (0⁶

1231 2580 1345 2613 clericos
1370 2589 1437 2622 pax
1465 2580 1598 2622 Ecclefiae
1624 2592 1715 2626 atque
1741 2590 1846 2618 unitas
1872 2585 1907 2618 ὁ·
1943 2589 2033 2627 caepit
2055 2590 2128 2628 pri-

1231 2632 1298 2667 mo,
1326 2632 1361 2666 ό·
1381 2631 1481 2673 postea
1506 2630 1655 2673 consecuta
1674 2634 1729 2674 est.
1759 2639 1845 2668 Nam
1861 2634 1964 2675 ferme
1986 2637 2085 2669 decem
2111 2661 2122 2677 ‚

1230 2691 1302 2722 quos
1320 2679 1381 2724 ipse
1413 2689 1485 2716 novi
1508 2706 1518 2722 ,
1548 2681 1669 2724 sandius
1699 2696 1735 2719 ac
1768 2686 1958 2719 venerabiles
1992 2692 2075 2719 viros
2109 2711 2121 2727 ,

1228 2735 1411 2765 continentes
1431 2734 1465 2766 <St
1486 2733 1656 2772 dot-‘Iiffimos
1677 2760 1687 2775 ,
1720 2737 1839 2768 Beatus
1872 2735 2051 2778 Augustinus
2072 2737 2121 2768 di-

1223 2778 1319 2824 ·verfis
1343 2782 1477 2823 Ecclefiis
1502 2807 1512 2823 ‚
1539 2786 1689 2817 nonnullis
1710 2797 1824 2828 quoque
1845 2786 2092 2819 eminentioribus
2108 2811 2119 2826 ,

1228 2839 1347 2874 rogatus
1383 2834 1466 2868 dedit
1489 2857 1496 2864 .
1527 2835 1726 2878 Similiterque
1758 2837 1793 2870 Θ
1826 2835 1883 2877 ipsi
1917 2847 1955 2868 ex
1996 2836 2118 2868 illorum

1833 2888 1954 2918 Domini
1979 2886 2115 2927 Ecclefiis

1221 2936 1403 2976 propagatis
1421 2956 1431 2971 ,
1454 2935 1487 2966 (θ’
1510 2935 1687 2974 monasteria
1710 2935 1902 2973 instituerunt
1928 2961 1936 2974 ,
1965 2938 1999 2969 (9·
2019 2936 2116 2975 studio

1223 2980 1365 3023 crescente
1390 2983 1599 3025 aedificationis
1621 2986 1706 3018 verbi
1728 2989 1782 3018 Dei
1803 3009 1814 3026 ‚
1834 2992 1954 3019 caeteris
1979 2989 2008 3018 E
2012 2985 2115 3026 cclefiis

1217 3039 1367 3072 promotos
1384 3034 1508 3076 fratres
1522 3035 1566 3067 ad
1581 3033 1801 3077 suscipiendum
1823 3038 2024 3070 sacerdotium
2034 3045 2117 3077 prae-

1214 3080 1355 3121 stiterunt
1374 3108 1381 3115 .
1407 3085 1488 3118 Hoc
1507 3084 1553 3118 est
1575 3108 1585 3124 ,
1615 3096 1781 3129 quotquot
1800 3097 1840 3119 ex
1864 3086 2042 3130 Augustini
2066 3088 2114 3120 di·

1222 3133 1380 3175 scipulatu
1405 3135 1556 3177 assumpti
1584 3136 1673 3169 fuere
1703 3137 1744 3169 ad
1781 3137 2013 3179 Episcopatum
2039 3161 2049 3176 ,
2077 3137 2113 3170 in

1219 3194 1256 3216 ea
1282 3183 1347 3225 ipsa
1367 3184 1474 3218 forma
1499 3184 1531 3217 in
1548 3184 1613 3218 suis
1635 3185 1787 3220 Ecclesiis
1811 3186 2022 3220 instituerunt
2045 3198 2114 3220 mo-

1221 3232 1357 3266 nasteria
1370 3257 1380 3273 ,
1400 3245 1464 3276 qua
1478 3234 1626 3268 viderant
1637 3246 1672 3268 ez
1690 3237 1848 3280 Hippone
1860 3235 2006 3269 instituta
2020 3248 2036 3270 a
2053 3238 2112 3271 suo

1221 3282 1315 3317 Patre
1329 3294 1366 3316 ac
1378 3283 1554 3328 magistro,
1575 3284 1727 3319 videlicet
1740 3287 1876 3319 alterum
1891 3286 2110 3321 Eremitarum

1221 3334 1255 3366 in
1280 3344 1380 3377 agro,
1401 3333 1539 3368 alterum
1563 3335 1758 3369 clericorum
1782 3336 1816 3368 in
1839 3336 1961 3379 palatio
1984 3336 2117 3379 Episco-

1220 3382 1306 3427 pali.
1329 3383 1422 3419 Hinc
1434 3384 1514 3419 dicit
1529 3383 1708 3419 Possidius:
1738 3385 1798 3418 Sub
1821 3386 1976 3431 Augustino
1991 3388 2026 3420 (tt
2049 3399 2114 3421 cum

2008 3439 2065 3469 Au-
