2384 3770
564 165 722 227 Qui>
758 162 848 207 Sir
884 155 989 207 Um
1025 135 1338 215 Q-um'AEQ
1367 158 1521 213 Qum
1558 163 1660 208 AN.

218 257 284 286 mo,
310 255 380 288 quae
393 241 428 278 in
441 240 579 278 homine
593 243 668 277 vivo
686 242 731 277 est
742 240 867 277 realiter
877 252 916 274 ac
941 240 1089 273 intrinse-

218 295 256 329 ce
267 320 278 336 ,
303 295 381 328 sicut
392 303 506 328 natura
519 295 552 327 in
566 294 751 337 supposito,
773 292 815 329 est
828 290 861 323 in
875 290 960 333 pilio
975 289 1090 323 solum·

219 343 327 379 modo
338 343 597 379 intentionaliter
608 354 645 376 ac
655 339 832 376 extrinstce
843 340 921 373 ficut
932 339 1091 383 fignifica-

218 403 289 427 tum
301 394 335 427 in
354 394 445 438 signo
457 419 464 427 .
493 393 536 427 Et
548 394 633 427 idem
643 391 688 424 est
713 390 754 423 de
778 389 915 423 sanitate
934 390 1094 433 principa·

219 442 293 477 liter
305 443 482 488 significata
495 455 549 487 per
559 451 670 476 vocem
677 439 795 482 sanum.
811 439 964 484 Analoga
977 439 1092 473 intrin-

219 494 289 527 seca
304 504 460 529 vocantur
471 493 526 527 illa
552 490 664 525 omnia'
676 513 687 530 ,
714 500 784 533 quae
801 490 1016 534 significatum
1029 491 1092 523 for·

219 544 304 576 male
315 544 406 580 vocis
418 539 621 586 analogantis
636 538 758 574 habent
782 540 839 573 fibi
862 540 1072 573 intrinsecum
1083 564 1090 571 .

220 592 265 626 Et
279 594 430 636 quaeritur
442 590 519 630 hic,
541 601 581 623 an
607 591 685 624 talia
709 590 850 633 analoga
877 590 994 624 dentur
1008 614 1015 622 .

270 653 325 691 73.
339 642 392 675 -Et
414 639 678 684 respondendum
700 639 747 673 est
768 640 976 674 affirmative.
1001 643 1093 672 Ratio

219 690 278 731 est:
299 690 374 735 quia
384 690 523 734 analoga
536 692 610 724 sunt
621 701 670 723 res
681 690 786 732 plures
799 700 852 733 per
876 690 1011 723 eandem
1035 701 1089 723 vo-

220 751 292 775 cem
314 740 495 787 significatae
519 764 530 780 ‚
556 739 647 782 cujus
672 740 761 775 idem
780 741 918 774 formale
936 739 1094 784 significa·

221 799 292 824 tum
310 789 475 835 habentin
499 791 530 824 se
555 790 685 823 diverso
698 790 816 824 modo:
848 790 938 833 atqui
963 791 1105 832 possunt

220 840 327 884 plures
336 839 482 874 residem
493 840 638 882 ejusdem
662 840 911 874 vocisrformale
932 838 1091 882 significa-

221 898 293 924 tum
307 888 423 924 habere
434 890 560 924 diverso
570 888 672 922 modo
682 901 698 929 ;
717 888 750 921 &
762 899 870 923 tamen
885 889 995 921 omnia
1007 888 1090 921 illud

221 939 279 973 fibi
292 937 652 974 habereintrinsecum:
680 939 761 981 ergo
773 939 839 972 dari
863 939 995 982 possunt
1019 949 1092 971 ana-

222 990 310 1033 loga'
321 989 491 1023 intrinseca
501 1013 510 1022 .
540 988 689 1021 Probatur
709 993 826 1022 minor.-
847 989 921 1032 quia
933 1012 942 1027 ,
954 998 988 1021 ut
1001 990 1091 1031 supra

221 1038 290 1072 dub.
301 1049 333 1084 7.
345 1037 416 1073 dixi
432 1063 443 1080 ‚
457 1035 600 1072 horno&
613 1037 703 1072 Deus
715 1036 835 1072 habent
846 1038 880 1071 in
894 1040 925 1071 se
937 1037 1022 1071 idem
1037 1049 1091 1070 vo-

221 1099 298 1122 cum
307 1086 453 1131 sapiens,
471 1088 588 1130 iustus,
612 1087 772 1131 misericors
794 1112 806 1128 ‚
829 1090 1018 1131 intelligens,
1041 1098 1092 1120 vo·

222 1140 310 1177 lens,
335 1140 390 1172 &a
415 1139 635 1183 significatum
662 1138 799 1172 formale
820 1139 947 1177 diverso
968 1137 1091 1171 modo:

223 1188 317 1221 Deus
328 1189 450 1232 quippe
461 1187 555 1222 habet
567 1188 649 1225 illud
664 1188 698 1222 in
709 1189 741 1222 se
750 1185 955 1223 essentialiter
967 1200 977 1230 ;
990 1186 1093 1221 homo

223 1238 304 1271 vero
325 1238 582 1273 accidentaliter:
610 1248 743 1280 uterque
764 1247 871 1272 tamen
895 1237 992 1272 habet
1012 1237 1094 1271 illud

223 1286 442 1330 significatum
454 1286 512 1320 sibi
525 1286 734 1320 intrinsecum
747 1312 754 1319 .
784 1288 873 1332 Ergo
884 1289 1014 1331 possunt
1039 1287 1096 1320 ali·

218 1340 297 1379 'quae
313 1347 362 1371 res
372 1337 460 1371 idem
473 1335 616 1379 ejusdem
630 1337 719 1370 vocis
729 1338 946 1381 significatum
961 1337 1096 1371 formale

226 1384 346 1419 habere
367 1386 430 1420 ‘fibi
452 1387 661 1421 intrinsecum
672 1399 687 1430 ,-
706 1386 856 1423 &tamen
870 1387 987 1424 habere
1011 1386 1094 1422 illud

229 1435 356 1471 diverso
379 1435 499 1472 modo.

337 1536 784 1572 DUBIUM
896 1537 979 1572 IX.

332 1662 474 1710 ,Quidfit
494 1647 661 1699 univocatio
669 1688 680 1705 ,
701 1664 776 1707 quid
785 1664 999 1708 aequivocatio?

538 1716 614 1758 quid
630 1715 792 1758 analogia?

741 1798 745 1815 l

172 1877 174 1881 v
229 1849 292 1889 74.
329 1837 653 1924 REsp.&dlco:
675 1840 865 1877 univocatio
887 1838 898 1882 5
921 1842 1102 1887 aequivoca·

455 1893 523 1932 tio,
552 1891 703 1937 analogia
717 1894 790 1927 sunt
808 1893 925 1935 species
946 1894 1102 1938 fignifica-

231 1940 352 1974 tionis:
380 1938 624 1980 &univocus-e,
649 1943 874 1985 aequivocare,
900 1943 1099 1984 &analoga-

230 2001 266 2024 xe
277 1990 351 2022 sunt
363 1988 481 2031 speeies
493 1988 717 2031 wfigmficare,
741 1991 820 2023 item
844 1990 1014 2022 univocari
1039 2011 1050 2027 ‚
1069 1999 1103 2021 ω-

232 2037 420 2082 quivocari',
447 2037 481 2071 δε
494 2039 660 2081 analogari
675 2040 746 2073 sunt
759 2038 876 2082 species
889 2038 1100 2082 vifignificari.

233 2087 340 2122 Unde
349 2085 429 2119 sicut
442 2087 474 2129 su
481 2096 533 2126 pra
545 2086 621 2128 dtsp.
636 2096 667 2120 2.
678 2086 815 2120 distinxi
826 2088 1102 2128 significationem

229 2138 265 2171 in
278 2133 448 2169 communi
460 2133 494 2165 i'n
506 2134 778 2177 significationem
802 2134 939 2167 activam
962 2135 995 2168 ὅ(
1017 2134 1104 2178 paffi-

229 2195 329 2224 vam,
358 2184 393 2217 in
415 2182 576 2217 ‘aliualem
602 2183 636 2217 &
662 2183 942 2227 aptitudinalem3
975 2184 1019 2218 ita
1049 2183 1103 2217 hic

235 2233 394 2277 distingui
421 2231 540 2266 debent
567 2233 778 2272 univocatio,
805 2233 1044 2275 aequivocatio,
1072 2234 1104 2267 &

237 2283 402 2326 analogia.
432 2282 620 2323 Omniaque
646 2293 717 2324 quae
743 2282 789 2315 ibi
816 2282 885 2314 dixi
912 2282 952 2315 de
978 2283 1045 2314 istis
1072 2283 1106 2314 sn·

238 2327 506 2378 gnificationibus
523 2334 536 2371 *,
572 2332 672 2364 etiarn
700 2330 754 2363 hic
782 2328 847 2363 dici
876 2331 1007 2373 possunt
1029 2354 1040 2370 ,
1068 2341 1105 2363 ac

239 2382 358 2416 debent
385 2380 425 2414 de
451 2379 502 2414 his
528 2379 818 2414 univocationibus
835 2401 844 2418 ,
881 2379 1106 2423 aequivocatio-

240 2432 357 2472 nibus,
384 2431 418 2464 &
448 2429 636 2474 analogiis.
666 2429 779 2473 ltaque
804 2428 884 2463 sicut
911 2429 1105 2473 significatio

240 2481 338 2516 astiva
365 2480 410 2514 est
439 2479 492 2513 illa
513 2504 524 2520 ,
549 2490 618 2521 quae
645 2489 734 2514 tenet
761 2481 793 2513 se
819 2491 860 2512 ex
887 2489 974 2522 parte
999 2478 1106 2523 signi,

241 2543 305 2576 qua
327 2531 455 2574 signum
480 2529 641 2574 signifieat
665 2541 675 2572 ;
713 2530 829 2573 passiva
855 2528 931 2562 vero
958 2529 1000 2562 est
1028 2529 1107 2567 illa,

241 2593 311 2627 quae
335 2592 376 2615 ex
405 2590 491 2623 parte
516 2579 688 2625 significati
715 2589 804 2613 tenet
825 2603 835 2618 ‚
862 2590 925 2622 qua
951 2578 1107 2624 fignifica-

239 2643 313 2666 tum
338 2630 557 2674 significaturz
585 2631 630 2664 ita
642 2629 852 2667 univocatio,
877 2628 1106 2672 aequivocatio,

241 2684 276 2716 δε
302 2679 452 2723 analogia
479 2678 580 2712 affiva
605 2678 650 2711 est
677 2679 732 2712 illa
754 2702 764 2718 ‚
801 2689 870 2722 quae
895 2688 983 2713 tenet
1010 2679 1041 2712 se
1067 2690 1106 2712 ex

242 2738 332 2775 parte
358 2730 447 2763 vocis
458 2729 691 2768 univocantis,
716 2729 964 2770 aequivocantis,
992 2729 1108 2762 &ana-

243 2778 403 2825 logantis,
432 2790 494 2822 qua
509 2790 573 2813 vox
586 2779 725 2812 univoca
739 2778 892 2811 univocat
904 2802 914 2816 ,
939 2778 1102 2821 aequivoca

241 2831 439 2874 aequivocat,
468 2829 500 2862 δε
526 2828 665 2872 analoga
692 2828 856 2871 analogat;
891 2826 1008 2870 passiva
1035 2827 1110 2861 vero

243 2890 332 2916 tenet
353 2881 384 2914 se
408 2891 447 2913 ex
475 2889 562 2922 parte
588 2880 658 2920 rei,
685 2879 734 2912 vel
751 2880 857 2921 p0tius
885 2888 988 2910 rerum
1000 2877 1109 2911 univo-

243 2942 406 2971 catarum‚
434 2929 762 2973 aequivocatarum,&
788 2927 1045 2971 analogatarum:
1066 2927 1109 2961 est

243 2982 333 3015 enim
360 2981 435 3020 illa,
458 2991 522 3024 qua
535 2990 583 3014 res
594 2980 833 3018 univocantur,
860 2976 1110 3020 aequivocantur,

244 3031 278 3065 &
295 3031 509 3074 analogantur
521 3054 528 3061 .

296 3092 348 3129 73.
375 3080 531 3115 Similiter
541 3080 620 3114 ficut
634 3079 827 3125 significatio
838 3077 940 3112 activa
953 3076 1110 3121 aptitudi-

246 3131 330 3164 nalis
356 3130 440 3164 nihil
461 3130 506 3165 est
528 3130 615 3165 aliud
635 3155 646 3170 ,
673 3141 770 3173 quam
798 3128 944 3171 potentia
966 3151 977 3168 ,
1013 3137 1107 3170 quam

248 3178 345 3214 habet
362 3181 486 3224 fignum
507 3182 548 3216 ad
565 3179 814 3226 significandum
839 3179 930 3212 suum
954 3176 1109 3221 significa-

248 3241 320 3265 tum
334 3255 344 3270 ‚
371 3230 404 3263 &
427 3229 618 3274 significatio
641 3231 774 3274 pasiiva‚
790 3226 1012 3272 aptitudinalis
1027 3226 1108 3260 nihil

249 3280 294 3315 est
307 3280 417 3320 aliud,
444 3291 540 3324 quarn
551 3282 696 3324 potentia
709 3290 806 3324 quam
835 3276 930 3311 habet
953 3276 1126 3337 significa-¹3

250 3342 339 3368 tum,
360 3339 394 3362 ut
408 3332 560 3372 persuum
573 3331 697 3375 signum
711 3329 926 3376 significetur:
955 3328 999 3360 ita
1010 3328 1107 3361 etiam
1123 3338 1125 3349 ¹

251 3380 462 3421 univocatio,
490 3381 724 3423 aequivocatio,
750 3377 942 3422 &analogia
954 3376 1109 3420 activaap·

254 3430 434 3464 titudinalis
447 3430 529 3464 nihil
541 3431 586 3465 est
598 3430 686 3466 aliud
698 3454 708 3471 ,
728 3442 824 3474 quarn
837 3427 980 3472 potentia
996 3438 1111 3471 ,quam

255 3479 352 3515 habet
365 3480 471 3523 aliqua
485 3492 549 3514 vox
562 3504 571 3520 ‚
596 3490 632 3514 ut
644 3481 800 3526 significet
811 3480 898 3522 plura
913 3479 947 3513 in
959 3478 1017 3513 suo
1029 3477 1111 3522 prin-

338 3528 440 3569 Cbrist.
468 3534 546 3574 Lupi
558 3535 655 3574 Opera
677 3533 840 3564 TomXH.

1890 178 1976 217 191

1154 238 1250 283 cipali
1261 237 1446 281 significato
1457 236 1551 280 plane
1561 242 1787 277 convenientia
1800 267 1810 283 ,
1836 244 1934 288 plane
1957 246 2018 281 dit·-

1153 287 1386 324 convenientia
1399 285 1418 327 ,'
1436 298 1492 322 aut
1505 291 1619 331 partim
1630 293 1857 329 convenientia
1873 319 1885 335 ‚
1901 297 2018 339 partim

1153 337 1454 379 disconvenientia;
1480 339 1512 372 &
1534 338 1728 372 univocatio
1741 364 1751 379 ,
1779 346 2018 387 aequivocatio,

1153 390 1184 423 ὅ(
1195 387 1346 430 analogia
1360 386 1475 430 passiva
1499 387 1723 431 aptitudinalis
1736 389 1819 423 nihil
1839 394 1882 427 est
1905 395 1992 430 aliud
2006 420 2018 436 ‚

1155 449 1249 484 quam
1264 437 1408 480 potentia
1421 461 1431 476 ‚
1454 449 1551 481 quam
1563 437 1684 472 habent
1711 438 1828 481 aliquae
1849 443 1952 483 plures
1969 457 2018 480 res

1155 498 1191 522 ut
1202 498 1257 531 per
1267 498 1367 523 unam
1379 487 1521 530 aliquam
1533 499 1649 522 vocem
1663 489 1899 533 significentur.
1928 493 2020 527 Uni-

1154 547 1268 572 vocare
1282 539 1402 580 quippe
1413 562 1424 577 ,
1445 539 1662 582 aequivocare,
1689 539 1721 572 ἃ
1733 538 1908 583 analogare
1920 542 1964 574 est
1986 553 2020 575 u-

1154 599 1230 621 nam
1243 597 1355 620 vocem
1365 589 1453 630 plura
1465 588 1643 632 significare
1654 603 1665 622 .-
1677 589 1709 622 &
1721 589 1888 622 univocari
1903 613 1914 630 ,
1927 592 2023 634 aequi-

1154 637 1274 677 vocari,
1286 649 1324 671 ac
1336 637 1503 683 analogari
1515 638 1559 673 est
1571 639 1678 683 plures
1690 649 1737 672 res
1751 650 1806 683 per
1816 638 1951 674 eandem
1967 652 2024 675 vo·

1152 698 1224 722 cern
1248 688 1438 731 fignificari.

1202 737 1255 784 76.
1283 738 1373 784 §icut
1384 739 1461 771 item
1473 739 1668 783 significatio
1678 739 1810 774 aetuans
1821 749 1887 774 tam
1900 741 2016 782 adtiva,

1152 798 1248 831 quam
1258 788 1395 830 passiva,
1423 788 1508 821 nihil
1521 788 1566 822 est
1577 790 1666 823 aliud
1679 814 1689 830 ‚
1713 794 1808 834 quam
1831 802 2022 834 conceptus,

1154 848 1249 880 quem
1272 838 1391 871 format
1412 840 1483 881 quis
1505 839 1545 873 de
1569 851 1602 873 re
1614 839 1791 883 significata
1802 851 1842 874 ex
1853 842 2024 876 occasione

1154 889 1234 931 signi
1247 887 1348 920 auditi
1364 911 1375 927 ,
1402 889 1451 921 vel
1466 889 1517 921 vifi
1531 901 1540 931 3
1555 891 1597 923 ita
1610 901 1643 923 ut
1658 902 1710 933 per
1725 889 1814 924 hunc
1824 901 2024 934 conceptum

1154 937 1279 970 dicatur
1289 938 1322 970 &
1334 937 1459 980 signum
1471 940 1541 972 adiu
1555 940 1744 984 fignificare,
1759 942 1792 974 δε
1805 941 2023 985 significatum

1154 989 1224 1020 adiu
1247 987 1418 1030 fignificari
1443 1001 1450 1019 z
1474 989 1519 1022 ita
1540 991 1756 1031 univocatio,
1782 986 2025 1034 aequivocatio,

1155 1049 1192 1070 ac
1214 1035 1365 1080 analogia
1378 1038 1508 1070 actualis
1520 1062 1531 1077 ,
1557 1049 1623 1073 tam
1634 1041 1756 1079 affiva,
1781 1052 1880 1084 quarn
1894 1041 2026 1085 paffiva,

1157 1085 1239 1119 nihil
1251 1086 1295 1119 est
1307 1085 1395 1119 aliud
1409 1111 1418 1127 ,
1445 1098 1542 1130 quam
1553 1098 1732 1131 conceptus
1744 1092 1876 1131 quidam
1890 1116 1900 1131 ,
1927 1101 2025 1134 quem

1157 1136 1418 1170 formataudiens
1441 1140 1482 1170 de
1502 1138 1595 1172 rebus
1618 1139 1803 1174 univocatis
1816 1164 1826 1180 ‚
1845 1142 2032 1184 aequivoca--

1158 1186 1215 1224 tis,
1238 1198 1276 1219 ac
1296 1186 1479 1231 analogatis
1499 1211 1510 1227 ,
1537 1199 1577 1220 ex
1597 1189 1767 1222 occasione
1788 1190 1909 1224 auditae
1935 1192 2027 1224 vocis

1159 1239 1302 1269 univocae
1324 1259 1334 1275 ‚
1360 1238 1535 1278 aequivocae
1561 1262 1571 1278 ‚
1593 1249 1631 1272 ac
1652 1240 1818 1283 analogae:
1848 1241 1892 1273 ita
1917 1249 1951 1272 ut
1973 1251 2029 1283 per

1157 1297 1353 1330 conceptum
1373 1287 1467 1320 istum
1488 1286 1638 1322 dicantur
1663 1300 1758 1322 voces
1780 1289 1945 1323 actualiter
1958 1291 2030 1323 uni·

1160 1347 1274 1370 vocare
1297 1360 1308 1375 ,
1339 1338 1540 1379 aequivocare
1556 1360 1566 1376 ‚
1590 1350 1627 1371 ac
1646 1339 1821 1384 analogare
1842 1353 1850 1382 3
1886 1351 1933 1374 res
1953 1339 2031 1374 vero

1159 1389 1227 1420 adiu
1250 1387 1437 1427 univocari,
1458 1388 1670 1430 aequivocari,
1690 1400 1747 1424 aut
1765 1390 1932 1434 analogari
1957 1415 1964 1422 .
1994 1391 2034 1423 Id

1158 1437 1194 1477 est
1210 1450 1220 1470 .·
1248 1436 1319 1469 adiu
1333 1437 1471 1472 univoce
1488 1461 1499 1477 ,
1519 1439 1705 1480 aequivoce,
1730 1449 1785 1475 aut
1805 1440 1974 1484 analogice
1997 1439 2033 1472 si·

1161 1485 1313 1532 gnificare
1326 1487 1374 1519 vel
1388 1487 1559 1531 significari
1571 1502 1583 1521 .·
1610 1488 1674 1523 hoc
1685 1491 1775 1523 enim
1788 1490 1833 1523 est
1858 1491 2033 1524 univocare

1162 1538 1212 1572 vel
1225 1537 1417 1577 univocari,
1446 1538 1647 1582 aequivocare
1672 1540 1723 1573 vel
1749 1539 1956 1585 aequivocari,
1968 1541 2032 1574 &c.

1213 1600 1267 1636 77.
1294 1589 1376 1622 Sunt
1388 1589 1498 1633 itaque
1511 1588 1705 1624 univocatio
1719 1608 1737 1630 ,·
1757 1591 1986 1634 aequivocatio,
1999 1589 2034 1622 ὅ(

1162 1638 1313 1683 analogia
1327 1640 1446 1682 species
1458 1640 1708 1684 significationis
1719 1652 1727 1682 ;
1757 1642 1789 1674 su
1796 1651 1830 1675 nt
1842 1665 1852 1681 ‚
1879 1641 2014 1684 inquam
2026 1663 2036 1679 ,

1165 1690 1280 1732 species
1290 1689 1540 1733 significationis
1554 1692 1695 1725 vocalis:
1720 1690 1868 1735 adeoque
1882 1690 2038 1735 significa·

1164 1739 1263 1773 tionis
1287 1738 1461 1773 arbitrariae
1484 1752 1493 1773 ε
1520 1740 1629 1774 omnis
1649 1741 1739 1775 enim
1763 1741 1959 1786 significatio
1983 1751 2036 1773 vo·

1164 1800 1239 1823 cum
1250 1788 1446 1832 significatio
1460 1789 1623 1825 arbitraria
1635 1791 1681 1825 est
1695 1803 1702 1823 ε
1728 1800 1762 1825 ut
1776 1789 1942 1834 dixisupra
1957 1789 2036 1832 disp:

1166 1850 1195 1872 2.
1209 1839 1242 1872 ὁ·
1259 1847 1287 1886 3.
1317 1838 1421 1872 Unde
1434 1839 1552 1880 ficuti-‚
1581 1850 1616 1873 ut
1633 1851 1728 1874 voces
1751 1842 1829 1873 fiant
1851 1840 2038 1885 significati-

1166 1897 1210 1921 vae
1220 1911 1229 1927 ,
1241 1887 1445 1930 requinssitur
1455 1890 1537 1929 duo„
1563 1889 1684 1923 scilicet
1696 1889 1816 1922 entitas
1829 1891 1917 1923 vocis
1929 1914 1939 1930 ‚
1967 1901 2037 1931 quae

1165 1938 1209 1970 est
1221 1938 1417 1979 significatio
1430 1937 1654 1980 aptitudinalis
1666 1962 1677 1978 ,
1691 1939 1902 1982 &impositio
1919 1941 1972 1973 seu
1984 1940 2039 1973 de·

1167 1986 1293 2027 putatio
1308 1997 1316 2025 ;
1344 1985 1387 2019 fic
1398 1989 1497 2019 etiam
1512 1986 1577 2021 haec
1589 1988 1656 2021 duo
1667 1990 1877 2032 requiruntur
1887 2014 1897 2030 ,
1924 2000 1960 2023 ut
1971 2001 2036 2023 vox

1167 2035 1276 2077 aliqua
1297 2034 1352 2067 fiat
1377 2036 1515 2068 univoca
1537 2061 1547 2076 ‚
1574 2039 1739 2081 aequivoca
1761 2062 1771 2078 ‚
1798 2039 1848 2072 vel
1873 2040 2034 2084 analoga.

1168 2085 1205 2114 Id
1224 2083 1280 2122 est:
1310 2093 1345 2114 ut
1359 2083 1415 2115 fiat
1427 2084 1565 2117 univoce
1577 2109 1588 2123 ,
1614 2089 1798 2129 aequivoce‚
1827 2089 1876 2122 vel
1893 2089 2040 2133 analogi-

1167 2132 1204 2164 ce
1225 2130 1436 2175 significativa
1449 2156 1456 2162 .
1488 2133 1645 2167 Attamen
1662 2147 1738 2169 cum
1752 2135 1812 2172 hac
1830 2137 2011 2172 differentia
2025 2152 2036 2171 .-

1169 2192 1243 2214 nam
1258 2205 1268 2221 ,
1296 2190 1332 2214 ut
1346 2191 1408 2214 vox
1420 2182 1477 2215 fiat
1490 2183 1627 2217 univoca
1642 2208 1652 2224 ‚
1679 2185 1796 2220 sufficit
1818 2187 1913 2220 unica
1927 2188 2039 2231 impo-

1168 2231 1239 2264 sitio
1253 2243 1260 2262 :
1288 2238 1322 2262 ut
1340 2230 1415 2263 vero
1426 2234 1588 2272 aequivoca
1602 2235 1658 2268 siat
1671 2236 1720 2268 vel
1733 2236 1873 2281 analoga
1887 2262 1897 2277 ,
1909 2238 2040 2274 ordina-

1170 2278 1214 2311 rie
1226 2278 1428 2319 requiruntur
1441 2281 1663 2323 impositiones
1674 2282 1752 2317 duae.
1771 2289 1860 2318 Ratio
1867 2291 1976 2328 priori!
1987 2288 2036 2327 est:

1169 2328 1242 2370 quia
1258 2338 1370 2361 vocem
1379 2329 1440 2362 esse
1454 2331 1630 2364 univocam
1643 2355 1654 2371 ‚
1673 2333 1718 2365 est
1733 2345 1845 2367 vocem
1867 2338 1928 2368 esse
1942 2337 2040 2379 signi·

1170 2378 1330 2411 ficativam
1352 2378 1493 2420 plurium
1518 2377 1710 2416 habentium
1732 2383 1867 2417 eandem
1896 2384 2038 2420 formam

1168 2427 1285 2461 eodem
1307 2427 1409 2461 modo
1430 2426 1586 2463 habendi:
1618 2433 1708 2475 atqui
1727 2433 1831 2477 potest
1855 2444 1918 2467 vox
1940 2432 2038 2477 depu-

1170 2477 1228 2510 tari
1257 2478 1290 2511 &
1314 2479 1393 2522 poni
1415 2478 1453 2511 ad
1476 2480 1722 2523 significandum
1745 2483 1887 2527 aliquam
1899 2485 2037 2519 eandem

1170 2528 1307 2561 formam
1331 2530 1509 2562 cumomni
1528 2531 1584 2564 suo
1608 2531 1704 2566 simili
1730 2531 1893 2574 habente,
1919 2535 2036 2569 eadem

1170 2577 1398 2620 impositione:
1424 2579 1615 2622 utiplanum
1628 2581 1693 2614 est.
1723 2583 1831 2628 Ergo,
1857 2594 1892 2618 ut
1905 2595 1968 2618 vox
1980 2585 2037 2619 ali·

1169 2637 1231 2668 qua
1243 2628 1298 2661 fiat
1310 2629 1450 2662 univoca
1462 2652 1472 2667 ,
1500 2631 1616 2663 sufficit
1630 2632 1726 2666 unica
1743 2634 1910 2677 impositio
1921 2658 1928 2666 .

1219 2675 1273 2725 78.
1301 2676 1437 2716 Posterior
1446 2687 1522 2719 pars
1534 2685 1723 2721 experientia
1729 2691 1834 2725 patet:
1860 2695 1935 2717 nam
1951 2684 2036 2719 inter

1173 2738 1269 2761 voces
1279 2728 1458 2769 aequivocas
1482 2728 1738 2775 frequentiffimae
1761 2734 1834 2766 sunt
1854 2744 1948 2766 voces
1971 2735 2031 2767 sin-

1169 2778 1292 2820 gulares
1305 2801 1314 2817 ‚
1337 2776 1384 2811 uti
1396 2779 1468 2811 sunt
1483 2790 1577 2813 voces
1592 2783 1701 2814 Petrus
1713 2806 1723 2822 ‚
1730 2786 1761 2827 J
1764 2793 1870 2816 oannes
1882 2806 1894 2823 ,
1911 2783 2036 2824 Paulus,

1170 2828 1399 2867 Ferdtnandus,
1427 2831 1653 2863 Maximilzanus
1665 2856 1675 2871 ,
1702 2833 1759 2865 (σε.
1790 2832 1894 2876 Atqui
1919 2843 2036 2867 omnes

1171 2876 1217 2911 hae
1229 2888 1323 2911 voces
1335 2877 1415 2910 fiunt
1430 2880 1596 2919 aequivocae
1621 2891 1675 2924 per
1698 2882 1837 2916 diversas
1859 2883 2037 2926 impositio-

1172 2939 1228 2961 nes
1241 2926 1429 2961 ordinarie:
1459 2929 1536 2973 ergd
1546 2954 1556 2969 ,
1584 2940 1620 2964 ut
1634 2942 1697 2964 vox
1711 2932 1818 2975 aliqua
1831 2933 1886 2966 fiat
1898 2932 2037 2976 aequivo·

1170 2988 1224 3018 ca,
1251 2977 1415 3011 ordinarie
1438 2978 1653 3014 intercurrunt
1668 2981 1771 3023 plures
1794 2983 2038 3026 impofitiones.

1176 3028 1331 3060 Prob.min.
1346 3028 1424 3068 quia
1437 3040 1549 3062 vocem
1565 3029 1631 3063 fieri
1643 3031 1840 3074 aequivocam
1855 3032 1898 3067 est
1922 3044 2037 3067 vocem

1171 3078 1237 3111 fieri
1261 3077 1503 3121 significativam
1518 3079 1656 3121 plurium
1686 3079 1874 3117 habentium
1899 3083 2038 3117 diversas
2064 3123 2067 3126 Α

1171 3128 1290 3162 formas
1302 3139 1356 3171 per
1374 3128 1508 3161 eandem
1521 3140 1633 3163 vocem
1649 3132 1872 3175 principaliter
1887 3133 2041 3176 fignifica-

1171 3178 1318 3220 tas:atqui
1335 3187 1427 3211 voces
1440 3177 1522 3211 fiunt
1537 3177 1718 3220 hujusmodi
1731 3182 1870 3225 plurium
1883 3183 2040 3227 significa-

1172 3227 1296 3270 tiveper
1308 3227 1447 3260 diversas
1459 3227 1769 3275 impofitioneszergo
1782 3244 1877 3267 voces
1893 3234 1977 3266 fiunt
1989 3244 2040 3266 or-

1171 3276 1294 3310 dinarie
1307 3277 1480 3317 aequivocae
1495 3288 1548 3320 per
1559 3279 1696 3314 diversas
1709 3282 2039 3324 impofitiones.Prob.

1171 3333 1241 3358 min.
1256 3326 1424 3358 indullione
1433 3349 1444 3365 ,
1459 3337 1486 3357 v.
1497 3339 1527 3371 g.
1542 3339 1606 3361 vox
1623 3332 1727 3363 Petrus
1752 3332 1814 3365 alia
1829 3332 2041 3375 impositione

1172 3376 1318 3418 imposita
1331 3376 1374 3409 est
1389 3375 1427 3407 ad
1441 3375 1685 3420 significandum
1697 3380 2041 3425 PetrumApostolum,

1174 3426 1237 3460 alia
1264 3425 1303 3458 ad
1331 3425 1579 3470 significandum
1604 3429 1735 3463 Petrum
1748 3431 1947 3473 Martyrem:
1974 3442 2040 3465 vox

1177 3475 1360 3517 christianus
1372 3486 1426 3519 per
1437 3476 1533 3513 aliam
1550 3478 1791 3522 impositionem
1804 3482 1884 3517 faita
1896 3481 1939 3515 est
1950 3480 2043 3522 figni-

1564 3528 1595 3562 R
1647 3539 1671 3565 2
1920 3530 1993 3563 fica·
