2384 3770
366 154 464 202 256

372 241 425 266 11·
455 226 524 261 Alii
546 226 802 271 propositionem
823 227 985 262 definiunt
997 227 1061 261 hoe
1073 225 1175 260 modo
1188 239 1199 259 .-

320 279 378 315 Est
390 278 497 312 oratio
520 278 710 313 affirmativa
724 278 772 311 vel
786 279 937 322 negativa
950 278 1046 311 unius
1058 276 1100 310 de
1112 277 1198 321 alio:

320 329 371 362 vel
384 328 430 362 est
450 328 626 363 affirmatio
650 339 705 363 aut
728 331 862 373 negatio
875 330 970 362 unius
981 328 1021 360 de
1033 326 1116 360 alio.
1138 326 1198 360 Sed

318 377 477 413 definitio
490 390 558 413 non
575 379 657 413 valet
673 404 680 411 .
708 383 801 412 Ratio
811 378 869 417 est:
900 378 988 422 Qria
1001 376 1128 410 nullum
1140 386 1198 421 ge—

318 439 380 462 nus
392 427 522 463 definiri
534 429 636 473 potest
644 440 700 473 per
714 429 834 472 species
846 429 915 460 suas
926 425 1111 460 difiuntstive
1123 438 1200 460 enu-

319 488 456 513 meratas
483 491 490 512 :
518 479 604 513 male
627 480 714 514 enim
735 477 923 512 definiretur
939 476 1081 516 animal,
1108 476 1196 520 quod

316 529 355 563 sit
377 529 489 563 vivens
514 530 672 564 rationale
694 529 742 562 vel
771 526 960 561 irrationale
984 551 991 559 .
1019 527 1123 571 Atqui
1142 528 1197 561 illa

323 578 476 613 definitio
497 579 541 613 est
555 579 646 614 talis:
675 579 771 611 datur
781 578 868 611 enim
882 588 937 620 per
947 577 1195 611 affirmationem

319 630 354 664 &
368 629 580 675 negationem
593 628 776 662 disiunffim
789 638 993 661 enumeratas
1007 651 1017 667 ,
1042 638 1113 671 quae
1124 629 1196 661 sunt

317 680 438 723 species
460 678 688 723 propositionis
701 703 708 710 .
737 678 827 722 Ergo
851 677 909 711 issa
923 678 1074 712 delinitio
1086 677 1196 721 nequit

315 732 378 764 esse
391 730 582 774 congrua&
594 729 740 773 legitima
752 752 759 760 .
790 727 907 762 Minor
930 728 974 761 est
985 728 1070 762 clara
1083 752 1094 768 ,
1122 728 1195 763 fiet·-

315 791 380 823 que
399 780 517 814 clarior
542 791 583 814 ex
609 777 868 821 infradicendis;
897 780 1075 818 Majorvera
1085 778 1197 820 proba-

315 839 384 863 tur:
413 830 503 877 Qia
531 829 684 863 definitio
707 828 774 862 dari
786 828 882 862 debet
894 840 948 872 per
960 828 1135 863 essentialia
1146 829 1195 863 de-

312 879 399 914 finiti
413 893 424 914 .-
449 879 540 921 ‘atqui
563 877 681 922 species
702 889 770 912 non
793 880 867 912 sunt
887 880 1066 913 essentiales
1076 879 1131 912 suo
1144 890 1195 922 ge-

312 926 382 964 neri
398 942 407 971 ;
429 937 464 962 ut
476 929 598 962 clarum
611 929 655 962 est
670 941 677 961 :
704 940 808 973 genus
819 929 907 962 enim
921 930 954 962 in
968 931 1024 963 suo
1035 939 1195 972 conceptu

312 977 468 1014 abstrahit
488 978 694 1022 :it-speciebus
715 980 748 1012 δε
772 979 964 1013 differentiis
987 979 1042 1013 sibi
1057 978 1194 1013 subordi-

311 1029 397 1063 natis
414 1053 422 1060 .
450 1029 538 1072 Ergo
565 1028 695 1062 nullum
722 1040 824 1073 genus
837 1029 985 1074 legitime
996 1030 1125 1064 definiri
1141 1041 1192 1072 po—

312 1078 372 1114 test
396 1089 452 1123 per
470 1079 541 1112 suas
565 1079 684 1123 species
697 1079 902 1120 dffiundlim,
932 1078 1196 1114 autdisrunstive

315 1138 538 1164 enumeratas.

367 1191 418 1217 12-
447 1179 592 1213 obttctm
607 1178 778 1226 Qidquid
790 1179 834 1213 est
846 1180 887 1215 de
898 1181 1032 1215 essentia
1044 1179 1196 1213 omnium

310 1229 506 1264 inferiorum
528 1228 586 1263 sub
608 1241 727 1274 genere
738 1240 969 1265 contentorum
984 1255 994 1271 ‚
1021 1228 1084 1264 hoc
1096 1229 1140 1264 est
1155 1229 1195 1263 de

310 1279 448 1315 essentia
469 1280 619 1324 generis:
647 1280 729 1314 verb.
744 1292 826 1325 grat.
849 1280 1008 1324 quidquid
1033 1280 1079 1313 est
1102 1280 1143 1314 de
1153 1280 1195 1313 es·

311 1330 415 1364 sentia
434 1330 586 1364 omnium
612 1331 806 1364 animalium
830 1331 1073 1375 particularium
1096 1354 1107 1370 ,
1134 1330 1196 1364 hoe

309 1379 357 1413 cst
371 1379 412 1414 de
422 1380 556 1414 essentia
570 1380 720 1414 animalis
746 1381 779 1413 in
794 1392 910 1425 genere
924 1405 931 1412 .
962 1373 1136 1427 Quidquid
1150 1381 1194 1413 est

310 1428 352 1463 de
369 1431 503 1464 essentia
516 1430 667 1464 omnium
680 1429 856 1464 hominum
871 1431 1102 1475 singularium,
1133 1429 1197 1464 hoc

310 1479 358 1513 est
378 1479 421 1515 de
441 1480 573 1514 essentia
588 1478 733 1514 hominis
746 1481 779 1513 in
794 1483 984 1515 communi.
1015 1482 1105 1526 Ergo
1115 1481 1198 1514 frmi·

310 1529 389 1563 liter.
399 1529 559 1574 quidquid
571 1532 615 1564 est
637 1530 678 1564 de
691 1531 824 1564 essentia
837 1533 988 1565 omnium
1002 1531 1197 1574 propositio-

310 1590 394 1614 num
419 1580 453 1612 in
477 1579 658 1622 singulari,
699 1578 763 1612 hoc
785 1580 831 1613 est
856 1591 986 1624 quoque
1008 1580 1049 1613 de
1065 1581 1196 1615 essentia

312 1628 547 1673 propositionis
567 1630 600 1661 in
631 1630 803 1662 communi
827 1655 834 1662 .
874 1630 980 1674 Atqui
1003 1631 1043 1664 de
1065 1629 1196 1664 essentia

310 1680 424 1714 omnis
445 1677 674 1720 propositionis
702 1679 871 1722 singularis
895 1681 940 1712 est
961 1681 1024 1713 esse
1035 1680 1196 1713 affirmati-

310 1740 413 1767 vam,
440 1727 494 1761 vel
515 1729 707 1772 negativam
732 1729 872 1772 alicujus
893 1729 934 1763 de
956 1729 1089 1772 aliquo:
1117 1740 1197 1774 ergo
1228 1728 1230 1731 ’

310 1778 377 1813 hoc
392 1778 497 1821 ipsum
520 1778 564 1810 est
587 1777 627 1811 de
653 1778 784 1812 essentia
809 1780 1040 1822 propositionis
1063 1781 1097 1812 in
1110 1790 1196 1813 com·

312 1827 426 1864 muni:
454 1826 627 1871 ergodicta
648 1828 803 1863 definitio
818 1829 892 1863 data
906 1830 951 1863 est
975 1841 1030 1872 per
1050 1830 1195 1863 essentia·

310 1879 357 1913 lia
381 1877 528 1912 definiti:
560 1877 705 1920 adeoque
716 1878 760 1912 est
773 1879 963 1922 legitima&
979 1879 1085 1914 bona.
1113 1878 1194 1913 Vidi

313 1929 443 1973 aliquos
466 1953 476 1969 ,
503 1927 562 1971 qui
585 1926 649 1962 hoc
675 1938 871 1972 argumento
891 1939 1137 1970 premerentur,
1162 1930 1196 1961 dc

313 1980 370 2012 vix
391 1978 519 2012 exitum
543 1978 726 2012 invenirent
750 1989 759 2020 ;
796 1977 904 2011 exitus
927 1987 1034 2011 tamen
1059 1979 1196 2012 inventu

312 2028 418 2064 facilis
436 2028 500 2062 est:
531 2029 641 2073 negari
665 2029 785 2072 quippe
803 2026 898 2062 debet
912 2028 1108 2071 assumptum
1120 2051 1132 2068 ,
1161 2028 1196 2062 li-

314 2089 367 2114 cet
389 2078 478 2112 enim
503 2078 582 2121 saepe
604 2089 714 2112 verum
738 2079 799 2117 sit,
827 2089 893 2110 non
907 2087 1015 2111 tamen
1031 2076 1195 2118 semper&

315 2129 440 2173 ubique
465 2152 473 2160 .
502 2128 543 2160 Et
562 2127 607 2160 do
627 2127 686 2161 tibi
711 2127 790 2159 duas
810 2125 979 2158 instantias
996 2149 1003 2157 .
1032 2129 1138 2158 Prima
1159 2124 1197 2163 est

315 2178 394 2214 baec:
425 2179 477 2211 De
498 2176 628 2210 essentia
650 2175 880 2218 cujuscumque
905 2175 1056 2208 animalis
1081 2175 1115 2207 in
1129 2174 1196 2209 sin-

315 2227 423 2273 gulari
447 2226 493 2261 est
515 2226 716 2270 singularitas
728 2239 739 2257 .·
767 2225 822 2258 illa
844 2235 952 2258 tamen
968 2235 1034 2257 non
1049 2225 1092 2257 est
1107 2222 1196 2258 dees-

317 2280 420 2313 sentia
434 2276 629 2311 animalisin
639 2274 808 2308 communi
820 2298 827 2306 .
856 2275 993 2307 secunda
1005 2273 1042 2313 est
1054 2273 1198 2314 hat-,fa-

316 2333 413 2371 citque
430 2328 475 2359 ad
493 2322 629 2367 praesem
647 2322 842 2366 propofirumz
871 2323 925 2357 De
944 2323 1078 2357 essentia
1089 2323 1196 2366 cujus-

317 2387 460 2421 cumque
482 2374 656 2413 animalis,
681 2373 940 2414 fiveindividhi,
961 2374 1023 2407 sive
1033 2373 1173 2417 specis-ici
1188 2397 1198 2413 ,

318 2426 364 2463 est
381 2428 443 2461 effe
458 2425 640 2464 rationale,
668 2423 719 2458 vel
735 2422 942 2466 irrationale;
971 2423 1100 2458 nullum
1110 2424 1197 2457 enim

319 2460 494 2523 affignabis
513 2473 660 2514 animal,
687 2472 778 2517 quod
800 2474 916 2507 nonsit
929 2474 1136 2508 essentialiter
1147 2484 1199 2507 ra-

319 2528 470 2567 tionale,
495 2526 548 2559 vel
564 2524 769 2559 irrationale:
795 2522 859 2558 hoc
879 2534 988 2557 tamen
1012 2535 1080 2557 non
1103 2523 1147 2557 est
1159 2524 1198 2557 de

319 2578 455 2614 essentia
478 2575 631 2609 animalis
655 2575 688 2607 in
715 2585 856 2619 genere:
882 2585 956 2608 curn
968 2573 1134 2608 animalin
1146 2584 1198 2617 ge-

319 2640 398 2664 nere
409 2628 451 2661 ab
463 2636 599 2669 utraque
616 2624 671 2658 illa
692 2624 876 2659 differentia
887 2622 1076 2666 :abstrahat3
1104 2624 1197 2658 adeo-

319 2690 386 2724 que
408 2686 520 2712 neutra
538 2677 582 2710 stt·
598 2675 648 2710 illi
671 2674 843 2709 essentialis
860 2697 868 2706 .
896 2675 1098 2709 Generaliter
1108 2674 1198 2708 enim

320 2727 534 2766 differentias,
559 2724 725 2767 adaequate
738 2725 921 2759 dividentes
933 2724 1064 2769 aliquod
1073 2726 1177 2773 genus
1188 2748 1199 2764 ,

321 2778 505 2813 difiunnim
514 2786 705 2810 enumeratae
729 2775 801 2809 sunt
827 2775 867 2809 de
879 2775 1010 2810 essentia
1022 2774 1198 2818 cujuscum-

320 2841 385 2874 que
399 2825 559 2861 inferioris
570 2839 584 2868 ;
609 2837 678 2859 non
693 2834 802 2859 tamen
826 2826 898 2860 sunt
912 2825 952 2859 de
964 2826 1096 2859 essentia
1104 2836 1200 2869 gene·

320 2880 364 2914 ris
384 2877 475 2911 divisi
492 2890 503 2913 ⁴.
521 2883 558 2910 ut
579 2874 675 2909 facile
697 2875 818 2918 patebit
836 2874 1073 2915 consideranti,
1100 2875 1132 2907 &
1144 2885 1198 2920 per

321 2927 447 2974 singula
468 2925 681 2962 discurrenti.
704 2925 860 2960 Similiter
878 2936 957 2970 ergo
970 2923 1048 2965 hic,
1066 2917 1196 2965 Affirma-

321 2985 423 3013 tivum
435 2978 487 3012 vel
498 2981 674 3021 negativum
694 2978 823 3018 alicujus
846 2977 884 3009 de
896 2975 1016 3017 aliquo,
1042 2973 1198 3017 quaesunt

321 3026 690 3069 differentiae²adaequate
703 3025 886 3060 dividentes
898 3023 1152 3068 propositionem
1164 3024 1197 3057 in

321 3090 441 3124 genere
461 3104 471 3120 ‚
498 3077 582 3122 :sunt
601 3076 732 3118 quidem
756 3076 797 3111 de
817 3075 949 3109 essentia
969 3075 1199 3118 cujuscumque

324 3127 555 3173 propositionis
579 3126 774 3171 singularis;
801 3137 870 3160 non
890 3135 1000 3159 tamen
1019 3125 1059 3159 de
1070 3123 1200 3158 essentia

324 3178 554 3221 propositionis
575 3177 610 3211 in
633 3188 752 3221 genere
778 3188 786 3208 ε
814 3176 869 3210 illa
887 3176 976 3210 enim
1001 3174 1042 3209 ab
1063 3185 1200 3216 utroque

326 3227 482 3263 abstrahit
494 3241 509 3270 5
534 3227 681 3268 adeoque
702 3226 761 3260 ista
782 3225 934 3260 definitio
957 3235 1026 3259 non
1045 3225 1137 3259 datur
1149 3235 1200 3269 pet

328 3278 558 3320 propositionis
580 3277 778 3311 essentialia:
809 3277 842 3311 δε
866 3275 910 3310 sic
935 3275 1059 3310 nonest
1071 3275 1201 3309 bona&

329 3325 477 3369 legitima
491 3352 498 3358 .
525 3328 640 3372 ltaque
654 3326 712 3361 ista
724 3326 901 3370 propositio
910 3328 1068 3369 assumpta
1078 3325 1124 3360 est
1136 3326 1201 3369 qui>-

328 3372 404 3424 dem
418 3375 492 3418 saepe
506 3387 578 3411 vera
590 3402 601 3417 ,
621 3386 812 3412 nontamen
827 3377 969 3422 serapem
993 3387 1029 3411 ut
1042 3384 1128 3421 patet
1147 3387 1203 3420 per

331 3423 398 3470 jam
409 3422 511 3457 dicta.
606 3468 609 3471 ,
878 3447 881 3451 -
900 3447 902 3449 v
1169 3453 1171 3456 .

387 3483 439 3524 13.
467 3471 667 3519 &spiraque
681 3478 806 3513 (νήησε
827 3476 1012 3525 Propositio
1036 3476 1158 3515 vocalis
1172 3474 1204 3511 in

905 139 1137 185 Dispur.
1188 138 1311 186 XIX.
1351 141 1491 186 Dun.
1528 139 1585 186 11.

1267 238 1385 273 genere
1396 226 1526 263 definiri
1536 227 1632 264 debet
1644 223 1709 262 hoc
1724 227 1842 262 modo:
1865 227 1919 269 Est
1938 230 2031 261 oratio
2041 237 2138 261 enun-

1268 282 1404 318 tiativa,
1420 277 1472 321 seu
1489 281 1668 321 judicantia
1687 283 1776 311 unius
1798 279 1836 311 de
1853 280 1927 311 alto.
1948 277 2015 313 Vel
2036 278 2137 312 etiam

1265 325 1330 361 hoc
1353 328 1454 362 modo
1476 341 1484 361 :
1516 330 1572 371 Est
1592 335 1685 363 oratio
1719 327 1847 369 constans
1872 327 1959 361 verbo
1975 330 2137 362 indicativi

1263 379 1362 411 modi.
1386 378 1464 412 Haec
1485 381 1603 424 quippe
1623 379 1776 413 definitio
1799 378 1955 425 convenit
1964 379 2055 412 omni
2068 401 2079 417 ‚
2100 379 2136 412 ὄε

1262 428 1323 461 soli
1345 429 1559 472 propositioni
1584 454 1594 471 ‚
1616 430 1813 463 affirmativa:
1840 451 1851 468 ,
1870 427 2050 471 negativae,
2066 428 2138 461 sim·

1265 477 1361 521 plici,
1390 479 1590 522 complexae,
1613 479 1786 520 absolutae,
1807 476 1954 518 modali,
1973 477 2038 510 &c-
2053 476 2135 510 Item

1264 528 1297 560 in
1312 527 1370 561 hac
1383 528 1577 565 definitione
1588 531 1692 563 notari
1708 542 1776 564 non
1792 529 1922 572 possunt
1942 525 1997 560 illa
2011 526 2137 559 incom-

1268 578 1365 611 moda
1378 602 1388 618 ,
1406 590 1477 622 quae
1487 580 1676 614 notavimus
1687 580 1720 612 in
1735 579 1858 613 duabus
1871 575 2134 622 praecedentibus:

1264 626 1357 661 datur
1374 630 1462 662 enim
1486 630 1637 664 definitio
1656 640 1724 662 non
1746 639 1799 672 per
1814 626 2042 671 propositionis
2053 626 2138 659 acci-

1263 677 1373 711 dentia
1385 701 1396 717 ‚
1415 689 1520 722 neque
1534 690 1590 723 per
1599 679 1798 713 differentias
1810 678 1877 721 ejus
1886 676 2032 711 divisivas
2045 688 2054 719 3
2079 673 2136 709 sed

1263 739 1316 770 per
1337 727 1556 763 differentiam
1574 729 1642 772 ejus
1660 728 1903 763 constitutivam
1915 752 1925 768 ,
1948 737 2018 771 qua:
2029 726 2072 760 esi
2085 725 2136 767 effe

1255 782 1287 823 J
1289 779 1473 812 udicatt'vum
1483 786 1571 813 unius
1582 780 1700 813 dealto.
1727 778 1817 813 Nam
1842 777 2021 821 propositio
2038 787 2133 809 voca-

1266 829 1303 861 iis
1315 828 1401 862 idern
1413 830 1457 863 est
1474 854 1484 870 ,
1500 831 1587 875 quod
1600 829 1763 874 Judicium
1786 827 1899 862 vocale
1910 829 1931 861 .·’
1944 825 2035 869 atqui
2046 824 2136 859 diffe-

1265 880 1367 913 rentia
1389 879 1502 922 judicii
1526 881 1763 920 constitutiva,
1785 879 1817 912 δε
1830 877 2014 911 difiunniva
2027 876 2044 909 a
2064 876 2136 908 sim-

1265 928 1341 972 plici
1358 929 1632 973 apprehensione,
1655 932 1688 964 &
1712 930 1856 963 discursu
1876 927 1920 962 est
1933 927 2138 969 effltjudlcati-

1262 990 1335 1012 vum
1346 985 1434 1013 unius
1449 981 1486 1014 de
1498 983 1573 1014 alto:
1599 992 1680 1025 ergo
1692 979 1758 1014 haec
1771 978 1884 1013 eadem
1896 978 1940 1011 esi
1954 975 2137 1010 differentia.

1261 1029 1470 1063 constitutiva
1481 1055 1492 1071 ,
1514 1032 1545 1065 &
1557 1031 1738 1065 distineiiva
1751 1028 1978 1073 propositionis
1992 1026 2113 1060 vocalis
2124 1049 2133 1057 .

1316 1090 1367 1126 14.
1392 1077 1502 1113 Dices:>
1519 1079 1629 1115 Potest
1643 1079 1713 1114 dari
1727 1078 1848 1113 vocalis
1857 1076 2031 1122 propositio
2045 1100 2056 1116 ‚
2066 1086 2138 1117 quae

1233 1146 1237 1150 ‚
1266 1140 1332 1164 non
1346 1131 1382 1163 lit
1404 1131 1532 1164 oratio:
1557 1139 1670 1174 utpote
1690 1140 1758 1173 quae
1770 1140 1837 1163 non
1851 1129 1886 1161 sit
1902 1128 2007 1171 plures
2020 1135 2139 1164 voces,

1263 1179 1313 1213 sed
1329 1179 1541 1214 solummodo
1556 1181 1651 1214 unica
1665 1180 1698 1214 &
1709 1179 1842 1223 simplex
1853 1189 1919 1212 vox
1932 1202 1940 1209 .
1955 1177 2043 1220 Ergo
2053 1174 2139 1209 male

1265 1230 1421 1264 dicuntur
1434 1234 1468 1263 in
1481 1230 1541 1264 hac
1556 1232 1662 1265 nostra
1685 1229 1901 1268 definitione,
1923 1227 2012 1272 quod
2024 1236 2140 1269 propo-

1263 1280 1335 1313 sitio
1361 1280 1477 1314 debeat
1510 1282 1573 1314 esse
1593 1281 1700 1315 oratio
1720 1304 1728 1313 .
1769 1279 1914 1313 Probatur
1935 1276 2114 1310 antecedens
2127 1286 2138 1307 ε

1262 1330 1352 1376 Qua
1366 1330 1475 1363 omnis
1486 1341 1552 1365 vox
1564 1330 1779 1376 significativa
1802 1327 1921 1373 Iudicii
1936 1351 1947 1368 ,
1973 1327 2008 1361 δε
2021 1336 2138 1369 propor-

1262 1380 1388 1413 sitionis
1409 1381 1580 1420 mentalis,
1598 1381 1644 1415 est
1667 1380 1843 1424 propositio
1868 1376 1992 1412 vocalis
2013 1387 2020 1406 ε
2044 1373 2140 1417 atqui

1263 1430 1365 1473 potest
1378 1432 1475 1465 unica
1495 1431 1629 1475 simplex
1644 1442 1710 1465 vox
1722 1432 1783 1464 esse
1796 1426 2006 1473 fignificativa
2018 1434 2137 1468 propo·

1261 1479 1386 1514 litionis
1403 1482 1557 1514 mentalis
1578 1493 1592 1522 ;
1615 1492 1722 1522 neque
1745 1480 1786 1514 ad
1807 1476 1996 1521 hujusmodi
2018 1473 2140 1519 signifi-

1251 1530 1425 1567 cationem
1444 1531 1651 1573 requiruntur
1673 1541 1771 1564 voces
1794 1530 1900 1572 plures
1920 1540 1928 1559 :
1964 1536 2043 1569 ergo
2065 1523 2139 1557 dari

1262 1580 1365 1623 potest
1391 1581 1515 1615 vocalis
1534 1581 1711 1624 propositio
1731 1604 1742 1620 ,
1766 1590 1836 1623 quae
1858 1588 1926 1611 non
1947 1576 1984 1609 sit
2006 1574 2114 1609 oratio
2131 1595 2143 1607 .

1263 1629 1412 1663 Probatur
1431 1635 1526 1663 minor
1555 1642 1562 1661 ε
1587 1630 1677 1677 Qia
1702 1629 1751 1663 hat
1768 1639 1885 1666 voces,
1907 1634 2025 1665 curro,
2047 1635 2134 1662 amon

1261 1681 1358 1721 loquar
1371 1703 1381 1718 ,
1402 1681 1461 1713 &a
1475 1680 1606 1724 singulae
1618 1681 1693 1713 sunt
1704 1690 1769 1712 vox
1793 1679 1890 1711 unica
1904 1675 2061 1719 simplex:
2093 1683 2142 1707 at-

1261 1731 1316 1772 qui
1339 1729 1471 1774 singulae
1491 1730 1676 1776 significant
1699 1730 1861 1764 internam
1884 1724 2142 1770 propositionem

1262 1779 1438 1813 mentalem
1451 1792 1462 1814 .-
1487 1790 1568 1824 ergo
1579 1780 1682 1823 potest
1699 1779 1794 1812 unica
1803 1778 1935 1820 simplex
1950 1787 2015 1809 vox
2027 1774 2090 1808 effe
2101 1773 2141 1807 fi-

1261 1829 1452 1873 gnificativa
1465 1830 1692 1873 propositionis
1703 1828 1856 1862 mentalis
1872 1825 2046 1860 :Similiter
2057 1824 2143 1858 duat

1262 1879 1334 1922 quis
1359 1889 1412 1913 me
1434 1890 1543 1924 rogat.
1567 1879 1672 1920 Vidisti
1692 1883 1857 1912 Romanum
1870 1874 2042 1917 Ponttficem
2055 1873 2071 1905 .²
2094 1872 2143 1906 Et

1260 1929 1534 1971 egorespoudeo,
1552 1934 1650 1971 Non;
1677 1929 1735 1963 ista
1756 1927 1890 1971 simplex
1901 1925 2025 1962 dictio,
2046 1927 2140 1960 ΝΜ-

1252 1977 1424 2022 *fignificat
1435 1988 1541 2013 meam
1559 1978 1815 2022 propositionem
1834 1974 2033 2010 mentalem:
2059 1981 2143 2016 ergo

1265 2028 1392 2062 interna
1416 2029 1591 2072 propositio
1610 2029 1651 2063 ab
1675 2027 1772 2062 unica
1782 2025 1918 2070 simplici
1932 2020 2143 2066 vocesignifi·

1263 2078 1328 2111 cari
1351 2077 1453 2120 potest
1467 2102 1475 2109 .
1504 2078 1652 2114 Probatur
1671 2079 1869 2111 antecedens:
1897 2071 2055 2120 Qiailla
2075 2081 2146 2107 vox:

1263 2126 1424 2168 significat
1446 2126 1610 2159 internam
1633 2126 1890 2168 propositionem
1911 2124 2030 2156 mentis
2048 2143 2059 2159 ,
2085 2131 2144 2163 pet

1261 2173 1353 2216 cujus
1374 2173 1592 2219 prolationem
1614 2174 1687 2218 quis
1707 2175 1853 2208 censetur
1875 2172 2032 2206 vocaliter
2053 2171 2143 2208 affir-

1264 2235 1371 2265 mare,
1397 2224 1448 2257 vel
1467 2234 1605 2268 negare:
1632 2224 1723 2267 atqui
1745 2233 1799 2266 per
1811 2222 2006 2257 istamvoois
2017 2219 2143 2253 Nnnitt

1263 2272 1321 2306 tali
1330 2273 1558 2307 concurrentia
1570 2273 1789 2316 prolationem
1801 2295 1813 2312 ,
1838 2282 1919 2315 ergo
1931 2269 2066 2305 censeor
2076 2277 2140 2301 vo·-
2205 2301 2210 2309 ,

1265 2323 1378 2356 caliter
1399 2333 1519 2367 negare
1538 2346 1550 2362 ‚
1577 2333 1715 2366 vereque
1736 2319 1889 2356 vocaliter
1916 2330 2004 2364 nego
2025 2331 2037 2352 .·
2062 2329 2146 2362 ergo

1264 2374 1324 2407 ista
1343 2372 1479 2415 simplex
1501 2371 1601 2408 dictio
1623 2377 1697 2406 Non
1723 2373 1758 2406 in
1770 2371 1828 2406 ista
1843 2381 1910 2405 non
1922 2368 2084 2404 currentia
2095 2368 2143 2402 est

1264 2423 1476 2468 significativa
1489 2423 1621 2457 internae
1631 2431 1709 2457 meae
1731 2421 1959 2466 propositionis
1970 2418 2123 2453 mentalis
2134 2442 2148 2451 .

1264 2472 1352 2515 ΚΦ.
1366 2474 1500 2516 negando
1522 2473 1700 2509 antecedens
1713 2485 1726 2506 .-
1751 2472 1791 2506 ad
1803 2471 2030 2514 probationem
2042 2466 2120 2501 dico
2129 2490 2143 2506 ,

1262 2522 1339 2557 istas
1365 2534 1463 2557 voces
1483 2522 1642 2566 simplices
1661 2523 1725 2556 esse
1746 2519 1881 2564 quidem
1905 2517 2142 2562 propositiones

1264 2572 1596 2616 vocalesimplicitas,
1621 2572 1655 2605 &
1675 2570 1826 2605 virtuales
1842 2582 1856 2611 ;
1869 2576 2073 2603 monumen
2087 2578 2142 2600 ex-

1264 2623 1411 2668 plicitas,
1438 2633 1547 2661 veras,
1570 2622 1604 2655 &
1624 2620 1777 2655 formales
1791 2644 1798 2652 .
1825 2618 1947 2653 Omnis
1959 2616 2077 2660 quippe
2087 2627 2144 2651 ex⁴

1264 2674 1360 2721 pressa
1371 2696 1383 2713 ,
1409 2682 1548 2716 veraque
1559 2670 1682 2705 vocalis
1694 2669 1871 2714 propositio
1896 2667 1960 2703 esse
1971 2666 2066 2702 debet
2079 2667 2143 2701 for-

1265 2723 1379 2763 malis,
1405 2732 1443 2755 ac
1461 2721 1603 2766 expressa
1624 2721 1733 2756 oratio
1753 2743 1765 2761 ‚
1791 2717 1995 2764 pluriumque
2022 2726 2146 2753 vocum

1263 2772 1484 2809 consiruilio.v

1476 2925 1512 2959 D
1538 2922 1635 2959 U·B
1661 2921 1742 2958 [U
1769 2920 1812 2954 M
1874 2920 1932 2955 ΙΙΙ.

1315 3025 1404 3068 214ὶᾶ
1416 3023 1456 3067 Β
1471 3022 1624 3067 propositio
1645 3022 1767 3067 fimpsex
1777 3046 1790 3063 ‚
1817 3022 1894 3065 quid
1906 3015 2061 3061 'compostus
2072 3017 2090 3048 ?

1270 3134 1322 3172 ις·
1352 3122 1418 3209 P
1431 3124 1607 3169 Ropositio
1628 3122 1748 3160 vocalis
1768 3119 1932 3156 ordinarie
1948 3144 1958 3160 ,
1999 3128 2037 3154 ac
2059 3115 2141 3151 bene

1447 3174 1606 3209 dividitur
1626 3176 1662 3209 in
1685 3171 1939 3218 propositionem
1964 3166 2141 3211 simplicem

1268 3227 1322 3260 seu
1335 3226 1552 3269 categoricam
1565 3249 1575 3265 ‚
1601 3224 1684 3260 acin
1695 3221 1900 3265 complexam
1914 3221 1967 3254 seu
1980 3215 2142 3261 hypothe-

1269 3276 1384 3310 ticam.
1413 3274 1594 3318 Propositio
1606 3272 1778 3316 composita
1802 3273 1856 3305 seu
1868 3266 2083 3315 hypothetica
2093 3265 2140 3299 est

1269 3325 1324 3360 illa
1344 3350 1355 3365 ,
1392 3336 1464 3367 quae
1483 3325 1692 3368 componitur
1710 3333 1752 3356 ex
1776 3321 1920 3366 pluribus
1941 3315 2141 3362 simplicibus

1269 3376 1379 3419 aliquo
1409 3386 1498 3409 nexu
1521 3372 1765 3410 Grammaticali
1787 3371 1873 3406 inter
1896 3372 1928 3404 se
1951 3365 2109 3404 connexis
2128 3391 2141 3399 ..

1272 3425 1388 3460 Nexus
1410 3424 1670 3467 Grammatica'lis
1689 3422 1775 3457 idem
1797 3423 1842 3457 est
1856 3445 1868 3463 ,
1893 3419 1983 3463 quod
2004 3416 2144 3459 conjun-

1271 3475 1334 3512 ctio
1346 3473 1629 3514 Grammatiealis:
1655 3473 1759 3521 qualis
1770 3473 1815 3509 est
1827 3494 1840 3516 2
1865 3471 2013 3515 Euvd,
2027 3477 2144 3509 neque.

1283 3525 1309 3533 '⁷
2004 3528 2091 3563 ergo,
