2384 3770
141 195 242 238 Epist.

141 255 221 290 240.

140 302 219 338 241·

108 1543 216 1589 Epist.-

104 1603 190 1641 225..

99 1793 209 1836 Epist*

98 1854 178 1888 204.

95 1941 136 1975 L
164 1954 205 1978 2-
229 1958 260 1980 c,
278 1943 353 1982 adfit
363 1945 505 1976 voluntat
511 1943 690 1984 suscipiendi
701 1947 796 1982 operis
808 1942 893 1976 boni.
919 1943 960 1975 Et
972 1944 1012 1975 ad
1029 1944 1161 1983 Pollen-¹

95 2001 152 2029 za

698 115 1031 160 SANc-tt

322 197 419 231 sterio
431 199 561 232 fratrem
577 198 728 232 Sanstum
739 198 894 232 Severum
910 197 1107 240 Episcopum
1130 196 1194 230 Mi—

320 248 571 292 levitanumrpro
583 247 771 287 Timotheo
781 246 1007 282 Subdiacono.
1023 247 1111 281 Ortae
1123 248 1196 280 sunt

317 309 435 332 omnes
447 297 494 331 hae
504 299 722 333 controversia
732 308 773 329 ex
786 296 915 341 vetusto
929 297 1085 331 Afrorum
1110 298 1172 330 ritu
1185 322 1195 338 ,

316 359 385 391 quo
409 349 500 391 parvi
524 360 568 383 ac,
587 350 620 381 iu
642 346 771 380 nullum
791 345 900 389 adhuc
926 346 1110 381 clericalem
1130 358 1198 391 gra-

315 399 523 432 dumadieffl
536 396 624 440 pueri
646 396 679 429 in
700 396 834 439 publico
857 397 1005 431 Ecclesiae
1029 407 1195 430 conventu

314 449 503 484 solemniter
514 459 556 482 ex
568 445 696 490 pulpito
708 445 864 490 legebant
878 471 888 486 ‚
902 447 1195 482 nonsolummodo

313 498 500 542 prophetias
509 505 564 530 aut
577 496 786 539 Apostolicas
800 497 963 539 Epistoia‘s
977 520 986 535 ,
1016 497 1069 530 sed
1094 498 1192 531 etiam

311 550 416 591 ipsum
430 547 666 583 sacrosanctum
682 546 902 591 Evangelium
927 546 1067 580 Domini
1092 547 1191 582 nostri

312 596 643 642 JESU-CHRISTI
657 620 664 628 .
694 595 811 631 Ritum
825 595 922 629 istum
935 597 1030 631 fuisse
1042 597 1112 630 illic
1136 607 1192 630 an-

299 647 546 691 ⁴firmissimum,
576 656 663 689 patet
684 657 725 679 ex
751 646 779 679 S.
802 646 997 688 Cypriano,
1025 647 1082 690 qui
1101 646 1191 681 illius

308 690 462 732 meminit
477 721 486 737 ,
512 707 679 737 tamquam
702 696 812 739 passim
825 695 946 730 usitati.
975 696 1087 735 Etiam
1111 697 1190 731 istos

306 759 424 792 pueros
438 771 449 786 ‚
471 748 545 789 quia
559 747 664 779 clerici
677 757 744 779 non
758 756 847 778 erant
859 757 918 780 nec
938 746 1099 788 prioribus
1122 746 1189 780 istis

306 797 492 832 canonibus
504 795 726 839 comprehensi
741 820 751 835 ,
779 795 888 836 paffim
900 795 956 829 fibi
974 797 1126 839 Episcopi
1140 797 1188 828 in-

305 849 411 882 vicem
429 846 653 890 ptaeripiebant
665 870 675 884 ,
704 855 801 889 atque
822 846 992 879 ordinatos
1003 847 1036 879 in
1051 846 1187 881 clericos

302 898 368 931 suis
381 897 532 931 Ecclefiis
542 894 763 930 adscribebant
775 895 1079 940 ac,appr0priabant.
1093 895 1186 929 Hinc

301 946 343 981 lis
355 949 387 982 &
398 947 615 985 controversia
629 970 636 978 .
647 945 719 978 Alii
730 945 822 990 enim⁴
834 945 989 990 dicebant
1000 957 1057 980 eos
1070 947 1185 988 speeta-

300 1008 338 1031 η
351 997 391 1031 ad
405 1008 480 1031 eum
493 997 692 1040 Episcopum
701 1019 713 1035 ‚
725 995 760 1028 in
771 994 864 1038 cujus
873 995 1014 1030 Ecclesia
1028 996 1185 1040 legerant;

299 1047 362 1082 alii
374 1048 415 1081 ad
427 1058 518 1087 eum,
543 1047 561 1080 a
573 1057 641 1089 quo
654 1045 796 1089 promoti
808 1056 898 1080 erant
912 1045 944 1079 in
959 1046 1109 1082 ordinem
1120 1047 1184 1080 cle—

246 1134 254 1137 Δ
297 1096 430 1131 ricalem
444 1122 451 1129 .
479 1097 523 1131 Et
534 1095 600 1130 haec
621 1097 778 1130 sententia
799 1096 923 1138 placuit
944 1097 1042 1129 etiam
1064 1095 1183 1132 Sansto

297 1146 492 1190 Augustino
501 1171 512 1187 ‚
540 1146 588 1181 uti
599 1156 686 1188 patet
698 1157 739 1178 ex
750 1144 816 1187 ejus
828 1145 971 1188 Epistola
984 1147 1024 1179 ad
1049 1146 1179 1189 presby-

295 1206 402 1229 terum
418 1196 658 1241 Quintianum.
689 1194 756 1228 Res
779 1195 912 1228 tandem
923 1220 935 1236 ,
963 1206 1078 1239 utpote
1100 1197 1182 1231 mul-

294 1254 400 1278 tarum
421 1244 530 1278 litium
542 1244 661 1288 origo,
688 1240 824 1276 dedusta
847 1244 892 1277 est
915 1244 956 1280 ad
977 1247 1177 1280 nationalem

291 1292 468 1336 Synodum
492 1292 787 1337 Carthaginensem
811 1317 822 1333 ,
841 1293 1025 1337 ceciditque
1045 1293 1093 1328 ibi
1111 1297 1178 1330 Au-

288 1345 444 1388 gustinus
456 1345 559 1378 caussa
571 1367 582 1382 ,
607 1344 750 1385 utipatet
773 1354 814 1390 eat
840 1341 902 1377 hoc
924 1339 1054 1395 catione
1069 1369 1077 1376 .
1100 1350 1176 1380 Item

286 1394 432 1435 placuit,
461 1403 495 1427 ut
507 1400 685 1436 quicumque
697 1398 728 1426 in
739 1390 868 1438 'Ecclofia
881 1389 932 1434 trel
938 1391 1032 1444 ft-'P‘l
1051 1396 1152 1438 legerit
1164 1421 1175 1436 ,

290 1443 332 1476 ab
344 1446 406 1477 alia
419 1443 545 1485 Ecclesia
556 1445 600 1476 ad
611 1443 778 1484 clericatum
790 1452 846 1475 non
859 1438 996 1479 teneatur
1008 1469 1015 1476 .
1046 1444 1079 1481 N
1083 1457 1174 1479 otan-

286 1493 329 1526 da
342 1494 387 1527 est
400 1494 555 1536 particula
566 1492 750 1536 emphatica
765 1493 820 1526 Vel
839 1491 932 1535 semel
943 1506 950 1524 ε
977 1495 1057 1531 Eam
1083 1497 1172 1530 enim

277 1543 550 1587 acriterurgebat
563 1543 769 1588 Augustinus
780 1567 787 1574 .
819 1542 870 1576 Ex
885 1541 946 1577 hac
961 1545 1073 1579 eadem
1100 1544 1171 1579 ino-

283 1595 340 1637 pia
351 1594 495 1628 consueti
509 1594 640 1630 forsitan
654 1594 728 1626 sunt
741 1593 775 1625 in
789 1591 903 1628 Africa
916 1592 1067 1630 homines
1079 1594 1166 1628 invi-

285 1645 312 1677 ti
327 1645 368 1678 ad
382 1643 584 1681 Clericatum
599 1643 685 1686 quasi
701 1642 900 1689 perinsidias
911 1644 1009 1693 arripi
1026 1656 1165 1688 quomo-

282 1693 481 1737 ddarreptus
500 1695 543 1728 est
568 1692 774 1737 Augustinus
790 1692 1025 1735 acPinianus,
1045 1695 1167 1739 aliique

280 1745 393 1787 passim
406 1745 500 1778 multi
516 1769 525 1784 ‚
540 1743 586 1779 de
598 1742 715 1786 quibus
725 1742 769 1790 ita
784 1742 850 1786 ipse
861 1742 1014 1790 adversus
1028 1743 1165 1788 Presby-

279 1804 386 1828 terum
400 1794 572 1838 Donatum
583 1819 597 1835 ,Α
617 1796 693 1825 Tam
703 1793 811 1832 multi,
838 1802 870 1828 ut
883 1791 1098 1836 Episitop'atum
1116 1794 1163 1838 su-

275 1844 408 1887 scipiant
421 1870 431 1885 ‚
456 1853 595 1879 tenentur
605 1848 711 1883 inviti,
720 1843 925 1890 perducuntur
938 1869 949 1884 ,
963 1847 1161 1886 includuntur,

278 1894 478 1933 custodiuntur
490 1919 499 1934 ‚
524 1897 687 1935 patiuntur
699 1901 789 1925 tanta
798 1904 865 1934 quae,
874 1894 978 1929 nolunt
990 1918 1001 1933 ‚
1014 1897 1104 1929 donec
1116 1901 1159 1928 eis

279 1992 364 2024 tium
376 2014 384 2023 .
395 1991 600 2026 Hominibus
615 1987 1035 2037 incontinentibussolemus
1047 2001 1158 2032 propo-

264 2051 346 2072 ·nere
362 2046 455 2071 etiam
478 2044 688 2071 continentiam
709 2038 893 2079 clericorum,
921 2044 972 2077 qui
984 2041 1157 2079 plerumque

272 2091 317 2121 ad
337 2089 459 2121 eandem
478 2085 628 2129 sarcinam
649 2083 836 2129 subeundam
858 2082 1019 2125 capiuntur
1039 2091 1153 2128 inviti,

270 2149 390 2181 eamque
399 2135 567 2181 susceptam
579 2133 668 2178 usque
694 2135 739 2166 ad
763 2132 894 2166 debitum
914 2133 1008 2176 finem
1027 2138 1153 2169 Domino

270 2191 443 2230 adjuvanat
451 2188 621 2229 perducunt
636 2209 643 2217 .
682 2183 867 2229 Capiuntur
890 2191 948 2226 per
976 2186 1150 2220 violentiam

266 2241 454 2281 populorum.

273 2311 276 2314 -
320 2290 432 2331 anue
469 2286 583 2330 inopia
602 2283 744 2319 maxime
783 2281 950 2319 laborabat
977 2285 1145 2328 provincia

269 2335 500 2382 Tripolitana.
540 2336 672 2370 Etenim
711 2334 746 2367 in
767 2333 854 2366 tertii
879 2332 1145 2379 Carthaginenfis

266 2388 416 2422 Concilii
430 2387 574 2421 secundo
584 2395 713 2419 canone
723 2408 733 2423 ,
746 2393 812 2426 quo
822 2382 862 2419 ad
874 2395 1016 2418 annuam
1040 2387 1142 2420 natio.

263 2438 373 2471 nalem
388 2438 560 2480 Synodum
573 2447 612 2468 ex
624 2434 738 2479 quavis
751 2433 915 2476 provincia
928 2434 1014 2468 mitti
1034 2435 1144 2477 juben.

261 2498 313 2521 tur
323 2487 476 2531 Episcopi
489 2487 528 2521 ad
542 2486 652 2520 minus
663 2483 752 2522 bini,
784 2482 826 2516 sic
836 2483 968 2519 additur
981 2509 988 2516 .
1016 2488 1062 2518 De
1077 2490 1141 2519 Tri·

255 2540 320 2579 poli
332 2548 431 2572 autem
440 2546 560 2579 propter
572 2542 703 2577 inopiam
714 2531 927 2581 Episcoporum
950 2546 1027 2567 unus
1041 2536 1139 2580 Epis-

200 2586 202 2589 ’
258 2597 346 2630 copus
357 2595 480 2622 veniat.
509 2588 552 2621 Et
565 2588 599 2620 in
619 2584 776 2620 Concilio
790 2584 990 2619 Milevitano
1000 2585 1042 2618 sic
1061 2587 1138 2620 dici·

256 2649 329 2672 tur:
357 2643 431 2671 Item
440 2639 573 2679 placuit,
598 2647 634 2668 ne
645 2637 758 2668 diutius
770 2633 901 2675 univerfi
907 2634 1047 2678 Episcopi
1059 2646 1126 2671 tene

254 2698 359 2722 rentur
372 2712 383 2728 ,
407 2688 446 2720 ab
455 2684 592 2728 universo
605 2686 719 2718 concilio
729 2695 825 2717 ternos
830 2686 950 2724 judices
963 2687 1000 2718 de
1009 2684 1134 2730 singulis

249 2740 500 2781 provinciis-eligi
513 2761 520 2768 .
547 2740 577 2769 E
581 2747 593 2769 t
604 2735 689 2769 eiecit
696 2732 767 2776 fient
777 2737 813 2766 de
820 2741 980 2775 provincia
1002 2736 1130 2769 Cartba-

247 2788 367 2832 ginensi
383 2792 554 2821 Vincentius
571 2811 587 2827 y,
625 2789 867 2828 Fortunatianus
886 2785 919 2819 <a
933 2785 1057 2827 clerus.
1084 2789 1129 2820 De

245 2840 408 2880 provincia
422 2839 581 2870 Numidiae
596 2836 711 2877 Alipius
721 2860 731 2874 ,
762 2833 933 2877 Augustinus
953 2836 986 2868 Θ
1001 2836 1125 2875 Restitu-

246 2897 298 2921 'tus
310 2913 317 2920 .
346 2891 391 2920 De
400 2892 558 2929 provincia
573 2888 727 2925 Byzacena
738 2894 802 2915 cum
820 2882 923 2925 sanc‘lo
940 2887 1012 2917 sene
1026 2889 1122 2919 Dona·

245 2943 328 2971 tiano
343 2941 478 2971 Primate
500 2934 671 2978 Cresconius
686 2959 696 2975 ,
712 2935 740 2979 J
743 2935 873 2966 ucundus
887 2960 896 2976 ,
922 2936 955 2969 (9·
977 2938 1121 2972 AEmilia.

242 3001 304 3021 atus
318 3013 324 3020 .
350 2992 395 3021 De
407 2992 596 3021 Mauritania
607 2983 739 3026 sitifensi
746 2987 923 3017 Severianus
937 3008 947 3023 ‚
970 2984 1117 3028 Asiaticus,

242 3040 279 3072 (¹5
290 3042 482 3071 Donatus.De
489 3042 647 3079 provincia
659 3035 846 3077 Tripolitana
859 3034 1064 3077 Plautiut,qut
1078 3049 1114 3072 ex

241 3099 321 3121 more
328 3090 445 3132 legatus
460 3100 537 3120 unus
551 3086 588 3127 est
600 3086 697 3129 missus
716 3110 724 3117 .
743 3084 888 3118 Aderant
899 3095 974 3118 ecce
985 3096 1025 3119 ex
1036 3086 1110 3122 aliis

238 3139 419 3180 provinciis
435 3137 588 3181 Episcopi
610 3135 706 3168 multi
719 3160 729 3175 ‚
755 3146 794 3166 ex
812 3135 977 3176 provincia
1002 3146 1109 3170 autem

237 3187 454 3231 Tripolitana
468 3198 551 3221 unus
562 3185 697 3220 dfitaxat
714 3184 978 3228 Plautius-quue
987 3196 1029 3219 ex
1043 3196 1110 3221 mo-

235 3239 416 3272 rezinducsto
430 3238 543 3280 utique
557 3244 684 3279 propter
695 3235 843 3277 inopiam
862 3234 1104 3285 Episcoporum.

285 3289 417 3322 Sanctus
427 3297 504 3331 ergo
520 3286 671 3320 Aurelius
685 3284 909 3319 Monasticum
929 3286 1106 3330 Augustini

230 3337 417 3372 institutum
429 3338 493 3372 alte
505 3335 708 3370 considerans
722 3335 822 3375 ,vidit
833 3346 873 3367 ex
887 3345 926 3384 eo
938 3335 995 3369 sibi
1010 3337 1106 3370 ailul—

228 3399 306 3432 gere
318 3389 404 3430 spem
412 3389 513 3422 totius
526 3387 590 3428 jam
602 3386 693 3419 distae
704 3385 823 3433 inopiaek
837 3382 1036 3422 sublevandae
1045 3409 1055 3426 ,
1069 3398 1106 3421 ac

225 3438 389 3484 implendi
401 3438 508 3471 ruinas
522 3436 669 3471 Ecclesiae
681 3435 859 3480 Africanae.
887 3435 1003 3480 Neque
1016 3437 1105 3472 enim

306 3487 412 3529 Christ.
425 3490 613 3531 Luptopera
625 3489 703 3520 Tom.
718 3489 789 3519 ΧΠ.

1116 104 1676 164 ΑυεῐιιετιΝὶ.
2051 137 2102 178 13

1258 206 1324 230 erat
1337 196 1524 230 institutum
1538 197 1623 230 iners
1635 207 1689 229 aut
1703 197 1864 232 otiosum:
1893 193 1968 234 Erat
1985 199 2139 234 Christia-

1260 258 1299 279 na
1312 244 1490 280 Academia
1503 271 1513 286 ‚
1541 257 1579 279 ac
1602 246 1707 279 fertile
1728 249 1934 283 seminarium
1958 250 2068 284 omnis
2088 263 2137 284 or-

1259 295 1415 331 thodoxae
1426 296 1619 330 eruditionis
1631 320 1638 328 .
1652 296 1804 330 Faciebat
1817 300 1934 342 quippe
1946 302 1978 334 in
1993 302 2046 334 sua
2061 301 2136 334 Ere·

1258 356 1312 378 mo
1325 345 1550 390 Augustinus,
1577 347 1665 389 quod
1677 346 1886 389 postmodum
1899 361 1939 381 ex
1951 351 2018 392 ejus
2031 350 2137 384 imita-

1256 396 1391 429 tionein
1410 397 1463 430 sua
1477 396 1554 430 fecit
1567 398 1702 430 Sanstus
1714 396 1909 440 Fulgentius
1924 422 1934 437 ‚
1954 401 1998 433 vde
2011 411 2077 442 quo
2091 401 2136 434 ita

1257 445 1446 491 incognitus
1457 470 1467 486 ,
1493 456 1526 480 at
1536 445 1637 491 longe
1648 446 1886 489 probatissimus
1908 451 2015 484 auctor
2025 473 2035 488 ‚
2061 451 2136 482 scri-

1255 495 1333 529 bens
1343 495 1382 529 ad
1396 497 1550 530 Sanstum
1570 496 1772 530 Felicianum
1788 519 1799 535 ,
1824 497 1991 539 Fulgentii
2005 500 2036 533 in
2053 499 2135 532 Rus-

1255 546 1337 587 pensi
1351 546 1547 589 Episcopatu
1560 546 1748 589 proximum
1763 547 1987 580 successorem.
2003 551 2133 592 Fulgen-

1253 597 1308 627 tt'ut
1322 597 1456 629 docendis
1460 595 1617 637 fratribus
1625 598 1820 638 peculiariter
1833 589 1965 629 vacabat
1977 616 1986 622 -
2016 599 2056 630 Et
2069 610 2132 632 rur·
2150 602 2229 646 Cap,
2246 601 2275 641 8.

1251 646 1321 678 sum
1334 669 1341 676 .
1365 645 1553 679 Laborantes
1554 645 1677 687 fratres
1692 647 1726 680 (θ’
1736 655 1824 687 opera
1838 646 1975 678 carnalia
1987 648 2130 688 indeftffis
2151 653 2233 698 Cap.
2250 664 2303 701 27.

1251 695 1368 727 viribus
1382 720 1392 735 ,
1417 706 1582 729 exercentes
1594 720 1604 735 ,
1622 697 1752 729 lectionis
1764 706 1861 728 autem
1866 697 1998 735 studium
2011 708 2066 729 non
2077 697 2132 731 ba-

1250 746 1352 778 bentes
1364 748 1461 779 minut
1470 746 1613 790 diligebat
1624 771 1634 786 ,
1660 758 1713 779 nec
1737 745 1842 778 bonore
1864 753 1997 779 maximo
2023 749 2130 790 dignos

1242 794 1423 837 judicabat;
1444 801 1478 828 in
1489 808 1547 838 quo
1557 804 1657 828 autem
1657 796 1726 837 fuit
1734 795 1759 839 s
1755 801 1866 828 cientiae
1875 795 2030 838 spiritalis
2044 795 2129 836 affec-

1246 853 1294 877 tus
1305 870 1316 885 ,
1338 843 1452 886 etiamst
1458 852 1570 879 virtute
1578 851 1707 888 corporis
1720 846 1878 886 destitutus
1888 853 2006 888 operari
2033 850 2118 880 mani
2122 870 2129 877 .

1245 894 1298 927 bus
1308 906 1463 937 nunquam
1472 897 1580 938 posset,
1603 897 1794 937 peculiariter
1807 895 1976 930 habebatur
2001 898 2126 930 dilectus

1245 946 1391 987 &gratus
1404 968 1411 977 .
1430 947 1563 979 Amabat
1573 955 1673 978 autem
1686 969 1696 984 ,
1712 947 1833 988 quando
1843 957 1940 979 coram
1959 948 2125 979 Fratribus

1244 992 1419 1036 disputabat
1432 1018 1442 1034 ‚
1456 994 1559 1036 siquis
1568 1001 1595 1028 ei
1605 995 1779 1037 quaestionet
1796 995 1984 1039 proposutffet
2008 1003 2119 1030 acerri-

1242 1055 1307 1074 mas
1322 1067 1332 1083 ‚
1352 1049 1384 1076 in
1395 1043 1501 1085 quibus
1510 1045 1741 1084 excellentissimo
1750 1046 1900 1079 laboraret
1914 1052 2030 1090 ingente
2046 1060 2057 1079 .·
2070 1051 2126 1079 Li-

1241 1093 1381 1138 cebatque
1392 1094 1569 1140 generaliter
1580 1094 1712 1126 omnibus
1718 1094 1872 1135 fratribus
1884 1120 1894 1135 ,
1918 1102 2011 1129 etiam
2037 1106 2125 1129 natu-

1242 1156 1278 1174 ra
1285 1142 1465 1186 fimplicibut
1478 1168 1489 1184 ,
1505 1145 1655 1185 parumve
1677 1144 1910 1187 intelligentibus
1926 1171 1935 1185 ,
1960 1148 2040 1178 unde
2060 1147 2124 1180 vel-

1241 1194 1314 1232 lent,
1338 1200 1521 1240 interrogare
1544 1207 1551 1226 z
1575 1198 1642 1227 Nec
1650 1195 1755 1236 prius,
1773 1206 1863 1236 quam
1869 1193 2064 1237 satisfac‘lum
2067 1195 2124 1237 fibi

1241 1243 1466 1284 confiterentur,
1487 1249 1630 1277 rationem
1642 1246 1766 1277 reddere
1777 1244 1879 1277 vidus
1893 1247 1985 1278 taedio
2007 1247 2058 1279 vel
2078 1246 2124 1277 la-

1242 1293 1308 1328 bore
1319 1294 1462 1337 ceffabat.
1483 1294 1651 1338 Legantur
1661 1294 1773 1328 omnia
1784 1317 1795 1333 ‚
1822 1306 1893 1337 quae
1906 1294 2123 1329 Catechume-

1242 1353 1324 1382 ηυς,
1352 1343 1533 1387 baptizatus
1546 1368 1558 1384 ,
1578 1355 1615 1378 ac
1629 1343 1800 1387 Presbyter
1823 1344 2029 1389 Augustinus
2052 1346 2123 1379 scri·

1240 1395 1296 1437 psit
1308 1405 1362 1429 aut
1373 1404 1448 1427 cum
1460 1394 1613 1428 fratribus
1623 1395 1800 1437 disputavit
1812 1418 1822 1434 ,
1836 1395 1958 1428 videbis
1970 1395 2038 1438 ejus
2053 1408 2122 1430 mo-

1239 1443 1411 1478 nasterium
1423 1443 1515 1487 plane
1523 1444 1711 1488 hujusmodi
1726 1446 1818 1478 fuisse
1830 1442 1974 1478 scholam
1987 1470 1993 1476 .
2006 1446 2051 1478 Et
2063 1447 2123 1480 ho-

1238 1504 1309 1526 rum
1323 1495 1444 1527 intuitu
1458 1495 1492 1527 in
1508 1496 1599 1528 sacro
1611 1495 1830 1528 Eremitarum
1843 1494 1960 1528 ordine
1973 1495 2121 1530 saluber-

1236 1544 1353 1576 timum
1368 1543 1524 1578 statutum
1537 1545 1581 1578 est
1595 1569 1607 1584 ‚
1634 1555 1669 1578 ut
1682 1545 1716 1578 in
1729 1544 1846 1587 quovis
1857 1555 2027 1578 conventu
2040 1556 2121 1588 quo-

1236 1593 1316 1626 tidie
1331 1595 1386 1627 fiat
1400 1594 1497 1628 1εᾶὶο
1510 1594 1621 1628 saltem
1633 1593 1838 1639 Theologiae
1857 1593 2006 1628 moralis.
2035 1595 2118 1630 Haec

1232 1653 1311 1687 ergo
1332 1645 1445 1678 omnia
1465 1643 1530 1678 alte
1554 1644 1782 1687 introspiciens
1807 1645 1940 1678 Sanetus
1961 1643 2117 1679 Aurelius

1232 1692 1438 1729 statuitistud
1452 1694 1634 1739 Augustini
1645 1694 1833 1729 institutum
1847 1695 2117 1737 effefovendum,

1229 1753 1265 1778 ac
1285 1744 1531 1789 propagandum
1544 1769 1554 1786 ‚
1584 1754 1679 1788 atque
1703 1744 1787 1778 istud
1818 1746 1912 1777 suum
1936 1746 2113 1780 consilium

1230 1794 1419 1838 Augustino
1431 1796 1734 1828 communicaturus
1746 1820 1756 1835 ‚
1770 1805 1844 1827 eum
1857 1794 2016 1836 Hippone
2027 1795 2066 1828 ad
2080 1796 2113 1829 se

1226 1840 1374 1878 evocavit
1388 1844 1625 1888 Carthaginem
1640 1869 1647 1876 .
1677 1844 1804 1878 Verum
1818 1843 2024 1886 Augustinus
2039 1856 2108 1878 non

1225 1893 1286 1926 ivit
1299 1918 1310 1932 ‚
1337 1906 1398 1928 nec
1411 1894 1457 1927 ite
1468 1895 1575 1936 potuit
1587 1918 1598 1933 ,
1625 1903 1740 1936 utpote
1753 1891 1876 1925 habens
1901 1895 2111 1935 peremptori-

1222 1951 1275 1973 am
1288 1943 1534 1974 excusationem
1545 1965 1556 1980 ,
1576 1941 1617 1974 de
1629 1952 1692 1984 qua
1706 1943 1751 1975 ita
1763 1942 1831 1984 ipse
1855 1941 1895 1975 ad
1911 1941 2100 1978 Aurelium.

1221 1992 1252 2021 51·
1265 1990 1447 2022 venerabilis
1460 1996 1556 2023 omnis
1565 2014 1577 2030 ‚
1599 1997 1785 2033 omniumque
1797 1990 1924 2027 nostrum
1933 2000 1996 2026 tota
1999 1992 2104 2036 Jjnce-

1218 2043 1312 2070 ritate
1321 2037 1499 2076 cbariffimus
1506 2037 1601 2078 senex
1622 2042 1803 2072 Saturninus
1816 2042 1964 2083 dignatus
1981 2044 2079 2084 fuerit
2091 2069 2102 2086 ‚
2120 2034 2226 2083 Epist-s

1217 2086 1334 2125 quando
1346 2093 1542 2128 opportunum
1553 2086 1712 2119 videbitur
1722 2111 1731 2126 ,
1745 2090 1789 2119 ad
1798 2098 1849 2119 not
1861 2097 1967 2126 venire
1980 2117 1990 2131 ,
2015 2098 2101 2136 quid.
2118 2086 2172 2134 64

1215 2137 1289 2176 quid
1294 2146 1357 2168 cum
1369 2138 1433 2177 ejus
1441 2134 1603 2179 sanllitate
1612 2137 1644 2170 Θ
1653 2135 1788 2178 spiritali
1796 2137 1904 2178 οἶσθα
1914 2142 2035 2184 colloqui
2043 2153 2104 2185 po.

1214 2190 1355 2218 interimus
1364 2210 1375 2226 ,
1401 2194 1454 2218 aut
1463 2185 1546 2222 nibil
1558 2195 1613 2219 aut
1638 2198 1695 2219 non
1705 2189 1832 2220 multum
1857 2189 1979 2229 distabit
1988 2216 1998 2232 ,
2010 2211 2012 2213 v
2025 2205 2060 2226 ac
2072 2195 2103 2235 fi

1211 2245 1273 2267 cum
1284 2244 1338 2267 tua
1357 2237 1531 2284 dignatione
1541 2238 1577 2268 id
1589 2248 1745 2278 ageremus
1756 2261 1763 2268 .
1795 2240 1889 2280 ,Quod
1897 2247 1929 2271 ut
1948 2241 2095 2284 nobiscum

1209 2286 1249 2316 ab
1262 2296 1292 2317 eo
1301 2294 1403 2326 petere
1414 2294 1505 2328 atque
1517 2292 1679 2328 impetrare
1702 2288 1833 2330 digneris
1846 2312 1857 2328 ,
1883 2297 1980 2323 tantit
1999 2300 2096 2333 preci-

1208 2334 1262 2366 bus
1272 2333 1355 2377 posi-o
1368 2360 1378 2375 ,
1391 2341 1515 2378 quantis
1528 2335 1621 2368 verba
1633 2338 1716 2369 nulla
1721 2335 1872 2378 sufficiunt
1882 2363 1889 2370 .
1919 2341 2092 2384 Absentiam

1206 2390 1285 2417 enim
1294 2397 1389 2418 meam
1403 2395 1522 2418 tantum
1533 2387 1618 2429 longe
1630 2385 1833 2428 Hipponenses
1843 2388 2031 2424 vehementer
2044 2400 2092 2426 ni-

1205 2433 1268 2477 mis
1262 2446 1318 2476 que
1321 2435 1495 2476 formidant
1510 2460 1519 2475 ‚
1547 2447 1641 2477 neque
1664 2437 1823 2469 ullomodo
1833 2438 1906 2470 mibi
1921 2439 1960 2479 fic
1983 2444 2089 2478 volunt

1202 2486 1318 2518 credere
1330 2510 1340 2525 ,
1367 2493 1399 2519 ut
1419 2487 1454 2520 Θ
1476 2497 1525 2530 ego
1537 2485 1624 2519 vobis
1637 2510 1644 2517 .
1671 2491 1783 2530 Agrum
1797 2486 1954 2528 fratribus
1979 2492 2087 2525 datum

1199 2534 1362 2576 provisione
1375 2538 1410 2570 <ii
1432 2535 1612 2569 liberalitate
1633 2546 1687 2568 tua
1708 2537 1871 2570 didicimus
1882 2548 1955 2573 ante
1966 2542 2083 2582 Episto-

1200 2584 1261 2618 lam
1273 2593 1356 2619 tuam
1364 2595 1417 2627 per
1419 2586 1552 2626 fratrem
1563 2587 1596 2619 (9⁶
1607 2584 1780 2628 conservum
1802 2587 1928 2626 nostrum
1955 2591 2082 2625 Parthe-

1168 2659 1170 2661 ,
1199 2641 1282 2667 nium
1294 2660 1301 2667 .
1333 2635 1512 2670 Timebant
1526 2637 1778 2680 Hipponenses,
1798 2649 1839 2671 ne
1851 2636 2080 2682 Presbyterum

1200 2684 1424 2729 Augustinum
1439 2686 1594 2723 Aurelius
1617 2686 1805 2729 fflrriperet,
1825 2698 1863 2720 ac
1886 2690 2079 2726 austeritate

1196 2733 1377 2769 primatiali
1393 2736 1538 2770 Ecclesiae
1549 2748 1586 2770 ac
1600 2736 1797 2770 monasterio
1809 2736 2076 2783 Carthaginensi,

1194 2785 1286 2830 cujus
1307 2786 1392 2819 fama
1409 2787 1475 2829 jam
1498 2786 1621 2829 pridem
1639 2787 1804 2829 appulerat
1827 2811 1837 2828 ,
1877 2790 2073 2831 applicaret.

1194 2835 1287 2869 Hinc
1302 2837 1430 2880 necipsi
1446 2836 1481 2870 in
1494 2837 1556 2870 iter
1579 2836 1663 2871 istud
1683 2839 1843 2880 propenso
1871 2849 1909 2871 ac
1932 2837 2071 2874 reditum

1189 2886 1393 2927 promittenti
1409 2886 1597 2930 Augustino
1610 2887 1709 2920 fidem
1724 2887 1825 2920 ullam
1839 2886 2068 2924 adhibuerunt.

1187 2935 1288 2983 Qod
1299 2936 1396 2979 porro
1409 2937 1562 2970 Aurelius
1574 2947 1649 2970 cum
1662 2936 1852 2979 Augustino
1861 2937 1903 2970 de
1912 2937 1979 2979 ejus
1991 2938 2068 2974 Mo-

1186 2987 1329 3020 nasteriis
1340 3011 1350 3026 ‚
1373 2998 1551 3028 eorumque
1562 2987 1595 3019 in
1610 2987 1807 3020 clericorum
1836 2987 2007 3023 seminaria
2028 3002 2066 3024 ac

1184 3035 1341 3080 plantaria
1352 3037 1514 3071 erectione
1536 3048 1629 3081 agere
1657 3036 1798 3070 voluerit
1809 3060 1819 3075 ‚
1846 3036 1922 3071 licet
1936 3037 2063 3073 Aurelii

1181 3085 1325 3128 Epistola
1339 3087 1463 3130 perdita
1477 3087 1514 3120 sit
1529 3111 1538 3125 ,
1559 3088 1605 3119 sat
1618 3097 1727 3119 tamen
1742 3097 1890 3129 patenter
1908 3086 2063 3123 habemus

1177 3147 1217 3168 ex
1228 3138 1382 3178 responso
1397 3136 1573 3180 Augustini
1585 3161 1591 3167 .
1605 3138 1679 3179 ‚Qua
1682 3142 1790 3179 gratia
1802 3135 2005 3178 responderem
2025 3139 2062 3172 li-

1175 3191 1252 3219 teris
1259 3185 1438 3228 sanllitatis
1452 3195 1513 3217 tuae
1527 3209 1537 3224 ‚
1564 3197 1629 3218 cum
1649 3187 1702 3218 diu
1723 3185 1861 3226 haefitans
1870 3197 1927 3218 non
1952 3195 2056 3229 reperi·
2076 3190 2175 3234 Epist.

1172 3247 1233 3267 rom
1249 3261 1258 3275 ,
1270 3242 1369 3268 omnia
1379 3241 1457 3269 enim
1470 3240 1544 3268 vicit
1555 3235 1677 3275 affecqus
1689 3242 1784 3268 animt'
1796 3241 1853 3267 mel
1867 3258 1878 3274 ,
1895 3247 1981 3278 quem
1986 3240 2055 3278 jam
2071 3240 2126 3284 64.

1167 3284 1272 3327 sponte
1279 3285 1449 3329 surgentem
1457 3286 1539 3318 lec‘la'o
1551 3288 1579 3316 E
1578 3286 1691 3327 pistolae
1716 3294 1774 3317 tuae
1787 3285 1876 3318 multo
1895 3288 2053 3321 ardentius

1169 3341 1317 3368 excitavit
1333 3348 1340 3366 :
1371 3334 1512 3376 Commifi
1519 3338 1637 3376 mejam
1651 3339 1723 3373 Deo,
1736 3340 1787 3376 qui
1795 3342 1854 3378 pro
1864 3336 1981 3369 viribus
1994 3350 2052 3372 me-

1168 3391 1195 3416 is
1209 3393 1378 3426 operaretur
1392 3391 1424 3418 in
1435 3397 1480 3417 me
1491 3410 1501 3425 ,
1528 3394 1561 3417 ut
1572 3397 1608 3418 ea
1619 3383 1803 3427 rescriberem
1812 3407 1822 3422 ‚
1843 3396 1910 3427 quae
1931 3393 2048 3429 utrique

1169 3435 1293 3476 nostrum
1302 3435 1396 3477 fludio
1407 3442 1439 3469 in
1453 3438 1577 3468 Domino
1589 3436 1623 3469 ὁ·
1633 3446 1704 3470 cura
1716 3433 1912 3477 Ecclefiastica
1919 3444 1976 3478 pro
1994 3447 2047 3471 tua

1562 3484 1590 3519 B
1908 3493 1987 3531 praeg
