2384 3770
420 121 518 161 206

1007 109 1164 157 Distu
1201 109 1299 157 x11.
1341 110 1480 171 Dus.
1518 110 1607 172 IV.-

346 193 415 226 nale
427 193 624 226 nullatenus
649 192 723 227 funt
737 190 997 231 convertibiles.
1024 193 1174 229 Probatur.
1185 200 1239 227 mi·
1299 205 1453 240 gnantes:
1475 196 1566 240 atqui
1589 194 1639 229 hae
1658 195 1788 239 poffunt
1809 179 2006 234 afirmari&
2019 194 2174 229 verificari

345 253 417 275 nor:
443 242 535 289 Qia
561 242 664 277 datur
690 242 825 287 aliquod
850 243 1036 285 rationale,
1063 245 1152 287 quod
1168 256 1234 278 non

342 292 388 325 est
407 290 537 327 homo.-
564 304 650 338 ergo
672 293 791 329 falsum
816 293 861 327 est
875 294 984 327 dicere
997 318 1008 334 ‚
1035 295 1125 338 quod
1138 305 1247 329 omne<

342 340 506 377 rationale
522 343 562 377 sit
584 342 712 379 homo.
740 343 893 378 Probatur
919 344 1116 377 antecedens:
1144 346 1235 395 Qia

342 389 533 428 humanitas
545 393 590 428 est
605 393 678 429 vere
688 394 859 429 rationalis
873 405 888 434 ‚·
917 392 1106 428 humanitas
1124 404 1232 429 tamen

343 453 414 476 non
424 444 470 477 est
483 443 609 479 homo:
636 449 682 477 uti
694 446 794 477 dicam
817 443 904 485 infra
914 467 922 476 .
957 443 1046 487 Ergo
1055 443 1150 479 datur
1164 446 1226 479 ali-

341 493 433 538 quod
444 494 606 529 rationale
620 519 631 535 ,
656 495 748 539 quod
773 506 843 528 non
866 492 913 527 est
938 491 1042 528 homo
1057 519 1065 527 .
1093 496 1234 530 Eodem-

342 553 408 586 que
429 545 534 581 modo
555 544 860 590 philosophandum
886 542 933 577 est
958 541 1000 578 de
1012 544 1079 579 istis
1090 546 1163 580 aliis
1172 558 1232 584 ,vo-

341 592 433 630 cibus
447 620 456 628 .

391 643 448 683 28.
477 649 532 682 Ex
558 656 614 688 quo
636 651 743 686 patet:
767 643 871 690 Qod
885 642 925 679 ad
939 654 1057 678 vocum
1070 632 1232 680 eonxierti·

342 691 506 731 bilitatem
518 707 587 730 non
601 695 738 731 sufficiat
753 694 822 728 ffila
833 693 1095 728 convertibilitas
1114 696 1230 740 signifi·

341 744 407 780 cati
428 746 595 781 formalis.
622 745 698 780 Sive
721 743 812 788 quod
836 755 904 778 non
930 745 1121 780 omnesillae
1131 757 1227 781 voces

341 796 416 830 sunt
427 795 660 831 convertibiles
673 817 685 834 ,
699 804 771 837 quae
784 793 906 829 habent
916 794 1095 838 significata
1109 797 1225 830 forma·

342 847 387 884 lia
398 844 646 881 convertibilia
674 844 728 879 sed
746 855 842 879 voces
866 843 1097 880 convertibiles
1107 845 1227 882 debent

341 896 490 931 converti
516 905 583 928 tam
609 894 718 938 quoad
742 894 922 939 significata
943 896 999 929 sua
1021 896 1202 931 materialia
1217 920 1227 935 ,

341 957 442 991 quam
465 944 565 979 etiam
588 944 700 988 quoad
718 944 869 983 formalia
881 969 888 978 .
918 945 1008 980 Nam
1021 957 1086 980 vox
1097 946 1180 980 bomo
1194 948 1226 982 ὅ(

340 1007 410 1032 ,vox
433 996 579 1028 rationale
598 994 720 1029 habent
731 995 913 1039 significata
927 996 1078 1032 formalia
1090 1008 1223 1032 conver-

339 1045 450 1079 tibilia
463 1069 474 1086 ‚
499 1055 536 1079 ut
558 1056 646 1088 patet
669 1046 837 1089 intuenti·,
866 1057 936 1079 non
954 1047 1028 1080 sunt
1042 1057 1154 1081 tamen
1173 1059 1225 1081 vo-

339 1106 393 1132 ces
412 1095 646 1131 convertibiles
665 1108 672 1128 ε
702 1095 778 1137 quia
806 1107 876 1131 non
899 1094 1025 1131 habent
1043 1098 1223 1143 significata

339 1146 523 1181 materialia
546 1144 778 1181 convertibilia
803 1171 811 1178 .
849 1143 1224 1191 Significatum'quippe

340 1196 506 1234 materiale
529 1197 620 1231 vocis
642 1195 725 1230 bomo
750 1196 796 1232 est
808 1196 913 1231 solum
928 1195 1142 1232 humanitatis
1155 1198 1223 1241 sup-

341 1247 505 1291 pofitum3
533 1247 750 1292 significatum
777 1247 855 1281 vero
876 1247 1043 1281 materiale
1066 1248 1222 1282 vocisra-

341 1297 455 1334 ttonale
476 1296 523 1331 est
547 1309 649 1332 omne
670 1296 792 1332 habens
804 1296 1042 1331 humanitatem
1058 1311 1069 1331 .·
1096 1298 1222 1342 quatin-

340 1356 390 1384 ter
403 1348 435 1382 se
447 1358 516 1382 non
527 1357 776 1390 convertuntur,
793 1347 844 1381 sed
863 1347 936 1383 sunt
950 1347 1054 1392 magis
1066 1347 1099 1382 &
1113 1348 1222 1383 minus

340 1395 550 1435 eommunia.
583 1399 638 1435 Ut
660 1397 794 1440 planum
820 1396 866 1431 est
884 1397 1125 1432 consideranti.

392 1457 453 1494 29.
483 1447 534 1481 Ex
545 1445 609 1482 hoc
620 1446 720 1482 etiam
738 1457 829 1491 patet
840 1448 926 1481 ratio
936 1471 948 1489 ‚
974 1459 1031 1482 cur
1043 1446 1176 1483 Gabriel
1188 1453 1221 1482 in

343 1507 375 1545 3.
404 1497 529 1532 alicubi
563 1498 654 1533 dicat
686 1497 772 1532 hanc
794 1496 1023 1532 definitionem
1044 1496 1191 1533 hominis
1209 1524 1220 1540 ,

339 1547 424 1581 bomo
444 1547 481 1588 est
502 1547 686 1590 compositum
708 1558 747 1582 ex
769 1558 873 1581 amma
885 1549 1025 1581 rationali
1038 1550 1196 1591 &corpore
1208 1574 1220 1590 ‚

340 1609 412 1632 non
427 1598 554 1631 valere:
580 1607 770 1640 utpotequae
783 1609 858 1631 cum
872 1599 928 1631 suo
941 1598 1083 1633 definito
1096 1611 1165 1634 non
1181 1600 1220 1633 sit

339 1647 567 1682 convertibilis
579 1659 588 1690 ς
618 1647 672 1682 sed
683 1648 743 1682 illo
756 1647 853 1682 latius
866 1657 973 1691 pateat
986 1673 994 1681 .
1023 1649 1117 1683 Licet
1127 1651 1218 1684 enim

339 1694 563 1732 omnishomo
576 1698 612 1732 sit
624 1695 702 1740 quid
713 1708 755 1731 ex
768 1709 904 1741 corpore
915 1698 950 1732 δε
963 1696 1074 1733 anima
1085 1709 1219 1742 compo·-

338 1747 461 1789 fitum,·
488 1757 680 1784 nontamen
694 1759 794 1783 omne
805 1748 870 1783 tale
879 1749 1095 1791 compositum
1106 1750 1150 1785 est
1163 1747 1220 1793 ho·

339 1808 397 1836 mo
410 1809 417 1829 ε
441 1807 522 1841 ergo
536 1797 594 1832 ista
605 1798 755 1832 definitio
768 1809 845 1833 cnm
858 1798 995 1832 bomine
1005 1810 1073 1833 non
1087 1811 1219 1833 conver—

340 1848 422 1881 titur
432 1872 440 1880 .
455 1849 547 1880 Patet
559 1848 733 1881 antecedens
748 1861 759 1882 .-
777 1849 868 1895 Qia
878 1847 1069 1888 ¹humanitas
1080 1849 1124 1883 est
1138 1850 1217 1894 quid

336 1909 379 1932 ex
391 1909 528 1940 corpore
539 1898 572 1931 &
586 1895 695 1932 anima
709 1897 864 1932 rationali
877 1899 1095 1940 compositum
1105 1913 1115 1933 :
1127 1901 1217 1943 atqui

338 1946 527 1982 humanitas
541 1958 608 1981 non
620 1946 666 1981 est
689 1945 811 1980 homo:
838 1957 920 1991 ergo
939 1948 1007 1979 non
1020 1958 1120 1981 omne
1131 1958 1218 1981 com-

337 1998 478 2042 positum
491 2009 532 2032 ex
543 1997 653 2031 anima
665 1996 700 2031 ὅ(
712 2007 846 2041 corpore
858 1997 903 2030 est
916 1995 1020 2030 homo
1034 2022 1041 2030 .
1065 1999 1153 2031 Patet
1164 2002 1218 2031 mi-

337 2059 392 2084 nor
405 2062 416 2082 .-
444 2048 537 2096 Qia
561 2045 666 2082 horno
687 2047 731 2081 est
755 2047 956 2089 suppositum
980 2045 1216 2083 humanitatis.-

336 2098 431 2142 atqui
444 2096 632 2136 humanitas
646 2105 775 2130 tantum
787 2095 833 2128 est
849 2094 1054 2135 humanitas,
1081 2107 1150 2130 uon
1164 2107 1216 2131 ve·

336 2148 378 2182 ro
387 2146 603 2182 humanitatis
616 2145 815 2190 suppositum
828 2157 835 2177 ε
854 2155 935 2189 ergo
948 2142 1134 2179 humanitas
1147 2157 1215 2180 non

335 2197 384 2232 est
395 2195 500 2232 homo
511 2221 518 2229 .

390 2256 444 2296 30.
473 2247 585 2282 Voces
602 2252 816 2289 repugnantes
838 2243 881 2277 ab
902 2242 1048 2286 antiquis
1069 2242 1217 2279 Philoso-

336 2296 412 2344 phis
434 2296 636 2330 vocabantur
657 2293 790 2328 termini
812 2293 966 2336 disparati
981 2306 992 2326 .-
1020 2303 1056 2327 ut
1070 2304 1157 2336 patet
1172 2305 1214 2328 ex

337 2346 495 2383 Gabriele
508 2350 538 2378 in
552 2343 893 2393 3.dfi.7.qu.uniea,art.
901 2342 1000 2391 3.dub.
1008 2353 1025 2391 3
1033 2366 1039 2375 .
1046 2344 1128 2378 Sunt
1141 2343 1216 2378 vero

336 2407 436 2431 voees
449 2404 666 2440 repugnantes
678 2419 688 2435 ,
714 2404 786 2438 quae
795 2392 835 2427 de
849 2395 912 2428 sese
924 2403 1041 2428 mutuo
1055 2394 1222 2429 univer-stt-¹

334 2447 410 2482 liter
425 2455 585 2490 negantur
594 2458 607 2487 ,-
633 2445 697 2478 sive
708 2455 780 2487 quae
791 2466 804 2484 ,
826 2444 1015 2478 naturaliter
1026 2444 1195 2488 loquendo
1205 2470 1216 2486 ,

335 2509 408 2538 non
431 2496 563 2541 possunt
586 2495 627 2530 de
639 2494 704 2529 sese
721 2502 839 2529 mutuo
850 2494 1001 2528 affirmari
1015 2507 1026 2531 ,-
1051 2494 1113 2529 five
1123 2506 1194 2539 quae
1206 2519 1216 2535 ‚

334 2546 526 2585 naturaliter
544 2545 714 2590 loquendo
727 2569 738 2585 ,
765 2556 834 2578 non
863 2546 994 2587 possunt
1011 2544 1163 2578 affirmari
1175 2544 1216 2579 de

334 2597 456 2633 eodem
477 2596 631 2640 singulari
655 2595 817 2638 subjefio.
855 2593 958 2628 Tales
980 2595 1055 2628 sunt
1076 2594 1160 2633 bomo
1184 2596 1215 2629 ὃ(

335 2648 456 2685 brutum
466 2670 477 2686 ‚
502 2646 644 2682 album&
657 2652 775 2689 nigrum
786 2669 797 2685 ,
811 2643 893 2678 bomo
905 2645 938 2678 δε
951 2647 1030 2678 Deus
1043 2670 1055 2686 ,
1077 2646 1137 2680 &c.
1154 2646 1218 2680 Re·

335 2698 384 2735 ἂὲ
401 2697 490 2732 enim
509 2696 651 2731 dicimus
663 2693 827 2739 (sistendo
839 2705 949 2729 tamen
965 2695 999 2730 in
1010 2695 1107 2729 nudis
1122 2707 1215 2730 natu·

336 2760 379 2782 τε
391 2746 514 2781 viribus
525 2752 537 2789 )
548 2748 662 2780 Nullus
687 2746 770 2780 bomo
782 2743 820 2785 est
842 2745 966 2778 brutum
979 2770 987 2778 .
1010 2747 1138 2779 Nullum
1148 2746 1216 2789 bru·>

336 2806 401 2834 rum
410 2797 448 2837 est
459 2797 542 2830 homo
555 2821 564 2829 .
575 2797 705 2831 Nullum
716 2795 817 2828 album
828 2795 866 2836 est
881 2802 1000 2840 nigrum
1014 2819 1022 2828 .
1036 2797 1164 2829 Nullum
1173 2801 1214 2829 ni-

359 2859 423 2882 rum
435 2847 474 2885 esl
489 2847 590 2882 album
602 2870 613 2887 ,
638 2848 695 2880 &a
720 2846 801 2880 Item
813 2846 955 2880 sistendo
968 2846 1002 2879 in
1016 2856 1137 2880 naturae
1146 2846 1214 2879 viri-

334 2861 402 2934 {us
414 2898 545 2933 nullum
553 2897 600 2931 est
613 2895 772 2941 singulare
783 2895 958 2939 subjeetum
969 2920 980 2936 ,
991 2894 1032 2929 de
1042 2906 1108 2938 quo
1120 2896 1214 2929 simul

338 2949 493 2984 affirmari
516 2944 635 2992 poffint
658 2946 763 2981 homo
777 2947 810 2981 ὅ(
821 2946 954 2980 brutum
964 2969 975 2985 ‚
1000 2944 1111 2979 album
1124 2947 1157 2979 δε
1170 2947 1214 2979 ni-

339 3010 438 3044 grum
461 3023 474 3039 ‚
498 2992 560 3033 &c-
585 2998 674 3031 Dico
691 3022 702 3038 ‚
722 2996 845 3038 fistendo
866 3001 948 3029 intra
969 3004 1089 3029 naturae
1109 3002 1190 3030 vtres
1206 3010 1216 3029 .-

339 3049 432 3097 Qia
443 3049 465 3083 si
476 3049 559 3083 vires
570 3047 690 3082 Gratiae
701 3048 733 3082 ἀ
747 3046 877 3082 Divinae
890 3045 1153 3088 omnipotentiae
1166 3056 1215 3080 at-

340 3100 457 3134 tendas
471 3124 482 3141 ,
508 3109 606 3133 voces
627 3107 844 3142 repugnantes
873 3097 1003 3140 possunt
1013 3095 1164 3130 affirmari
1176 3095 1217 3130 de

341 3150 460 3188 eodem
485 3148 636 3193 singulari
662 3148 804 3191 subjecto
816 3172 827 3188 ,
853 3148 1037 3190 poteritque
1059 3146 1216 3181 falsificari

343 3196 412 3233 haec
433 3198 634 3243 propositio,
653 3200 767 3232 nullum
791 3197 911 3231 brutum
932 3195 969 3236 est
994 3196 1098 3237 bomo,
1120 3199 1216 3230 nullus

344 3246 427 3282 bomo
438 3250 474 3289 eft
494 3250 636 3283 brutum.
664 3248 708 3283 Et
730 3248 808 3282 ficut
830 3246 932 3282 modo
949 3247 1110 3286 dicimus,
1135 3251 1218 3281 Deus

345 3296 383 3335 est
397 3297 497 3340 boma,
522 3301 556 3334 ὅ(
576 3302 687 3342 anquis
710 3296 792 3331 bomo
815 3297 853 3338 est
869 3300 974 3340 D‘eus;
1001 3298 1042 3331 sic
1053 3299 1150 3333 etiam
1165 3309 1218 3341 po-

348 3346 482 3381 terimus
504 3349 626 3383 dicere.
651 3351 767 3391 Aliquis
789 3347 871 3381 homo
894 3348 931 3388 est
952 3348 1095 3389 brutum,
1122 3346 1218 3382 &alt-

352 3397 432 3444 (καί
440 3397 559 3430 brutum
570 3399 606 3438 est
617 3399 698 3431 bomo
711 3424 718 3431 .
746 3399 800 3435 De
811 3409 878 3442 quo
891 3399 970 3437 alias
981 3422 989 3430 .

405 3457 459 3496 31.
486 3450 593 3482 Dices:
621 3449 726 3484 Album
747 3450 781 3485 δε
803 3454 919 3493 nigrum
932 3450 1115 3484 suntvoces
1124 3460 1221 3494 repu-

1296 245 1339 280 de
1362 245 1478 281 eodem
1499 245 1654 291 singulari
1677 244 1820 287 subicito
1834 257 1860 279 :—
1872 256 1950 290 ergo
1963 244 2047 282 male
2060 247 2177 281 dicun·

1298 304 1352 329 tur
1365 308 1461 331 voces
1473 306 1689 342 repugnantes
1718 306 1785 329 non
1798 295 1887 338 posse
1899 296 2057 334 verificari
2068 296 2109 330 de
2120 306 2176 328 eo-

1295 345 1377 381 dem
1395 346 1553 392 singulari
1579 346 1736 390 subjecto.
1764 344 1911 379 Probatur
1932 350 2026 381 mm»-
2049 358 2057 378 :
2080 345 2173 391 *Quia

1300 406 1441 439 ponatur
1461 398 1596 440 aliquod
1621 395 1757 440 corpus,
1787 395 1904 436 aliquis
1914 405 1943 428 v.
1956 395 2099 438 g..paries
2110 408 2174 430 me-

1297 444 1398 479 diaex
1413 457 1500 490 parte
1516 448 1609 491 niger
1622 470 1633 487 ,
1662 447 1767 481 media
1780 457 1822 479 ex
1833 455 1921 489 parte
1931 445 2043 482 albus,
2062 445 2102 492 de
2113 446 2173 480 illo

1297 496 1420 539 pariete
1432 497 1504 532 vere
1511 497 1679 537 diceretur
1691 522 1702 536 ,
1726 497 1816 539 quod
1828 496 1863 529 sit
1874 495 1964 530 albus
1977 517 1988 538 ‚³
2011 494 2170 539 quodque

1297 546 1334 580 sit
1344 547 1444 580 etiam
1459 548 1552 591 niger
1565 560 1572 579 ε
1584 546 1750 589 atquiiste
1763 547 1867 591 paries
1879 546 1924 580 est
1938 543 2071 587 aliquod
2085 543 2173 583 idern

1296 596 1455 640 singulare
1468 596 1644 639 subjetium
1658 609 1666 629 :
1694 606 1773 641 ergo
1783 597 1884 631 albu·
1901 596 1936 631 &
1949 600 2071 639 nigrum
2083 594 2175 628 simul

1296 645 1454 680 verificari
1483 648 1614 690 possunt
1638 646 1680 684 de
1698 645 1814 680 eodem
1836 646 1989 690 singulari
2011 643 2175 686 subjecto.

1294 694 1380 739 Resp.
1410 696 1619 741 distinguendo
1640 702 1813 730 minorem:
1838 693 1908 731 11*ae
1927 707 2025 730 voces
2042 695 2176 738 possunt

1296 747 1453 781 verificari
1486 748 1530 781 de
1563 746 1683 781 eodem
1707 744 2024 791 singulari-subiecto
2047 746 2174 779 ratione

1293 796 1435 839 ejusdem
1457 797 1518 830 suae
1546 798 1666 840 partis.-
1686 795 1727 838 fic
1750 807 1843 841 mgo.·
1865 795 2009 830 Ratione
2034 795 2177 829 diversa-

1294 857 1364 880 rum
1378 848 1518 890 partium
1534 860 1541 880 :
1562 846 1602 890 fic
1626 845 1762 890 transeat
1774 871 1781 878 .
1809 845 1890 891 Qo
1903 847 2010 889 posito
2022 854 2091 879 tota
2103 845 2171 879 ruit

1293 898 1544 939 consequentia:
1569 898 1642 932 Nos
1660 897 1752 932 enim
1766 920 1778 937 ,
1804 906 1881 930 cum
1903 896 2043 930 dicimus
2071 906 2170 930 voces

1292 957 1507 992 repugnantes
1531 955 1599 982 non
1623 949 1712 991 posse
1732 947 1772 982 de
1783 947 1899 981 eodem
1913 943 2086 986 verificari,
2117 946 2166 978 in-

1292 997 1470 1042 telligimus
1483 999 1523 1032 de
1544 998 1663 1033 eodem
1676 997 1856 1032 secundum
1867 996 2007 1031 eandem
2020 1005 2142 1040 partem
2152 1019 2165 1034 ‚

1290 1048 1407 1083 eodem
1428 1058 1576 1093 tempore
1598 1073 1610 1090 ,
1646 1045 1763 1083 eodem
1785 1046 1862 1082 loco
1882 1071 1895 1088 ‚
1919 1047 2037 1082 eodem
2057 1046 2166 1090 respe-

1290 1099 1341 1132 ctu
1356 1122 1368 1138 ,
1394 1099 1458 1133 ὅτε.
1769 1102 1774 1109 “
2152 1122 2155 1126 .

1341 1157 1394 1195 32·
1422 1147 1509 1183 Dixi
1536 1172 1547 1188 ,
1583 1158 1669 1181 voces
1687 1154 1888 1191 repugnantes
1907 1158 1966 1181 non
1987 1147 2062 1190 pff
2077 1146 2168 1189 fimul

1286 1197 1435 1239 verificari
1458 1199 1496 1230 de
1516 1198 1618 1231 eodem
1635 1195 1766 1240 subjeHo
1779 1195 1941 1241 fingulart:
1969 1197 2062 1243 Quia
2083 1197 2166 1231 bene

1287 1249 1419 1290 possunt
1442 1245 1717 1282 verificari'fimul
1741 1248 1783 1282 de
1803 1247 1920 1282 eodem
1939 1245 2083 1290 subjeeto
2095 1247 2166 1281 uni·

1286 1298 1421 1332 versali.
1450 1297 1552 1332 Rene
1572 1297 1662 1332 enim
1687 1298 1721 1332 &z
1743 1296 1818 1331 vere
1838 1297 1979 1332 dicimus
2000 1310 2012 1330 .·
2038 1297 2167 1339 Aliquod

1284 1349 1403 1381 animal
1421 1347 1460 1388 est
1479 1347 1563 1382 bomo
1586 1373 1608 1389 ‚l
1623 1349 1657 1382 δε
1679 1348 1805 1390 aliquod
1824 1349 1941 1381 animal
1961 1346 2000 1387 est
2021 1346 2160 1380 brutum.-

1284 1400 1392 1441 aliquis
1410 1398 1493 1432 homo
1514 1399 1553 1438 est
1572 1398 1659 1431 albus
1673 1422 1684 1438 ,
1709 1398 1742 1433 ἀ
1763 1398 1876 1439 aliquis
1900 1397 1983 1430 bomo
2002 1396 2040 1435 est
2051 1401 2138 1440 niger
2152 1409 2166 1430 .-

1284 1449 1426 1483 Flander
1443 1449 1533 1482 enim
1555 1449 1600 1482 est
1622 1448 1737 1487 albus,
1762 1448 1795 1482 ἀ
1809 1445 1974 1490 AEthiops
1984 1446 2029 1480 est
2041 1448 2134 1492 niger
2146 1469 2159 1479 ,

1285 1502 1373 1532 Ratio
1392 1497 1480 1540 buJ'us
1498 1497 1535 1538 est
1550 1511 1561 1531 .·
1589 1499 1681 1545 Qia
1708 1498 1887 1541 subjetZium
1910 1497 2096 1531 universale
2112 1499 2161 1533 est

1283 1549 1373 1583 enim
1383 1550 1497 1583 omnia
1510 1548 1564 1582 sua
1591 1548 1746 1582 inferiora
1765 1544 1857 1581 simul
1877 1549 2003 1590 sumpta
2016 1571 2024 1579 .
2053 1546 2159 1589 Atqui

1283 1599 1419 1634 termini
1431 1609 1649 1643 repugnantes
1661 1622 1671 1638 ,
1697 1598 1775 1632 licet
1788 1609 1855 1632 non
1869 1597 1988 1641 poffim
2000 1597 2161 1632 verificari

1282 1648 1324 1683 de
1347 1660 1416 1683 uno
1438 1648 1590 1694 singulari
1613 1659 1623 1691 3
1643 1649 1807 1683 ‘verificari
1835 1649 1945 1682 tamen
1966 1647 2096 1692 possunt
2119 1646 2161 1683 de

1283 1699 1397 1736 multis
1418 1698 1562 1743 subjectis
1584 1697 1800 1743 singularibus
1818 1710 1826 1732 t
1853 1709 1939 1733 unus
1950 1699 2105 1734 nimirum
2117 1696 2161 1733 de

1282 1760 1374 1790 uno,
1398 1749 1431 1783 &
1449 1750 1531 1783 alter
1554 1749 1596 1783 de
1620 1749 1742 1785 altero.
1775 1750 1864 1795 Ergo
1886 1748 1986 1784 etlam
1997 1748 2158 1785 verificari

1283 1801 1415 1844 possunt
1439 1797 1480 1833 de
1512 1800 1630 1834 eodem
1651 1800 1794 1844 subjecto
1815 1799 2009 1834 universali.
2036 1797 2100 1837 Sed
2118 1797 2161 1836 de

1281 1850 1344 1886 hac
1355 1850 1490 1886 materia
1512 1850 1592 1885 alibi
1607 1852 1712 1896 magis
1724 1863 1766 1885 ex
1777 1851 1916 1894 proferro
1931 1875 1939 1884 .

1334 1912 1388 1949 33.
1418 1901 1529 1937 Voces
1549 1901 1742 1937 excedentes
1762 1902 1796 1937 dc
1808 1901 1940 1935 excessae
1954 1899 1973 1934 a
1987 1899 2161 1940 Gabriele,

1280 1949 1418 1993 aliisque
1429 1951 1587 1992 Antiquis
1597 1951 1798 1985 vocabantur
1804 1951 1936 1983 termini
1948 1950 2163 1992 impertinen-

1281 2008 1330 2034 tes
1341 2024 1349 2032 .
1378 1999 1462 2034 Sunt
1475 2002 1554 2033 vero
1565 2009 1662 2034 voces
1673 2000 1869 2034 excedentes
1882 2000 1917 2034 δε
1930 2000 2058 2034 exceffae
2069 2024 2079 2040 ,
2090 2011 2161 2045 quin

1279 2048 1322 2089 de
1344 2049 1407 2086 sisse
1428 2059 1546 2084 mutuo
1569 2052 1700 2092 possunt
1724 2049 1959 2093 particulariter
1982 2050 2160 2091 affirmari,

1278 2098 1575 2139 particulariterque
1599 2099 1730 2139 negari.
1761 2099 1886 2145 Quies
1908 2099 1983 2132 sunt
2007 2099 2158 2137 album&

1256 2147 1382 2188 idum,
1408 2146 1528 2179 brutum
1546 2147 1580 2181 δε
1604 2144 1750 2185 vtfivum.
1778 2147 1854 2180 Sive
1878 2157 1975 2182 voces
1994 2149 2159 2183 exceden-

1256 2197 1326 2230 ltes
1343 2197 1376 2230 δε
1399 2198 1529 2230 excessae
1551 2197 1625 2230 sunt
1648 2195 1709 2231 illae
1727 2220 1739 2236 ,
1763 2196 1878 2240 quaein
1892 2197 2109 2233 multitudine
2119 2199 2157 2232 si·

1256 2243 1261 2318 Ι
1277 2245 1512 2290 gnificatorurn
1523 2246 1587 2279 sese
1597 2255 1716 2279 mutuo
1728 2247 1878 2288 superant
1889 2269 1900 2284 ‚
1924 2247 1958 2280 ἀ
1970 2247 1988 2280 ὲ
2000 2248 2065 2281 sese
2086 2260 2157 2284 rnu—

1277 2306 1338 2329 tuo
1357 2296 1573 2338 superantur:
1601 2293 1704 2329 Recte
1725 2297 1814 2328 enim
1840 2293 1998 2329 dicimus.
2029 2296 2160 2339 Aliquod

1278 2345 1395 2378 brutum
1417 2344 1455 2385 est
1467 2343 1598 2386 visivam
1609 2368 1620 2385 ,
1648 2344 1682 2380 δε
1705 2345 1827 2387 aliquod
1837 2344 1958 2379 brutum
1971 2357 2030 2381 non.
2038 2346 2076 2387 est
2087 2346 2158 2388 vifi-

1277 2406 1352 2429 vum
1363 2419 1374 2434 ,
1397 2394 1456 2430 &e
1467 2405 1582 2428 contra
1595 2419 1603 2427 .
1633 2393 1796 2438 Adeoque
1809 2407 1874 2430 vox
1885 2393 2010 2436 vfivum
2024 2398 2059 2431 in
2073 2398 2158 2432 mul-

1255 2445 1421 2657 'titudine
1442 2445 1696 2489 significatorum
1720 2442 1847 2488 superat
1870 2456 1986 2479 vocem
2013 2446 2150 2481 brutum:

1276 2495 1387 2538 aliqua
1409 2495 1499 2530 enim
1529 2494 1751 2538 significantur
1771 2505 1829 2537 per
1854 2506 1969 2529 vocem
1991 2495 2120 2536 vtfivum
2138 2522 2149 2539 ,

1277 2556 1348 2587 quae
1370 2556 1440 2579 non
1463 2545 1686 2589 significantur
1697 2554 1750 2587 per
1764 2554 1881 2579 vocem
1894 2544 2015 2579 brutum
2033 2570 2041 2578 .
2069 2546 2153 2582 Item

1278 2597 1440 2639 superatur
1451 2593 1469 2626 a
1493 2605 1575 2628 voce
1585 2594 1726 2630 brutum:
1749 2597 1825 2638 quia
1849 2595 1958 2638 aliqua
1970 2596 2154 2640 fignifican-

1277 2654 1330 2679 tur
1351 2655 1406 2688 per
1432 2654 1548 2678 vocem
1569 2643 1711 2685 brutum,
1737 2655 1809 2688 quae
1835 2654 1904 2678 non
1927 2644 2153 2690 significantur

1277 2706 1331 2739 per
1339 2705 1453 2729 vocem
1473 2693 1602 2736 vtfivum
1617 2716 1626 2726 .
1650 2693 1734 2728 Sunt
1753 2705 1834 2740 ergo
1841 2693 2037 2730 excedentes
2049 2696 2151 2742 &5th

1277 2747 1382 2781 ceffae.
1596 2776 1598 2778 ,

1330 2805 1383 2844 34.
1413 2794 1457 2830 Et
1468 2792 1546 2829 hinc
1560 2819 1572 2835 ,
1598 2803 1635 2829 ut
1648 2794 1762 2838 aliquae
1779 2806 1876 2830 voces
1888 2796 1951 2832 sint
1959 2794 2152 2831 excedentes

1277 2846 1309 2881 δι’,
1321 2846 1451 2881 exceffae
1462 2869 1473 2884 ‚
1500 2856 1569 2880 non
1583 2844 1756 2888 requiritur
1766 2869 1776 2884 ,
1787 2855 1824 2878 ut
1836 2847 1996 2882 excedant
2009 2847 2044 2883 ἀ
2056 2857 2154 2881 exce·

1277 2896 1397 2931 dantur
1418 2897 1436 2929 ὲ
1450 2895 1513 2929 sese
1526 2905 1644 2929 mutuo
1664 2895 1770 2938 quoad
1782 2895 1960 2940 fignificata
1971 2898 2025 2931 sua
2037 2897 2154 2931 forma-

1276 2946 1344 2990 lia;
1372 2946 1424 2980 sed
1449 2946 1660 2982 solummodo
1679 2945 1995 2991 quoadwfignificata
2021 2949 2102 2980 reeta
2117 2947 2153 2982 &

1277 2995 1479 3031 materialia:
1507 2996 1615 3039 quoad
1626 2995 1819 3041 'significata
1841 2997 1918 3031 vero
1931 2999 1984 3031 sua
1995 2996 2152 3030 formalia.

1277 3048 1407 3090 possunt
1429 3046 1491 3080 effe
1509 3046 1559 3080 vel
1582 3056 1821 3090 repugnantes,
1847 3047 1897 3080 vel
1909 3047 2006 3081 etiam
2018 3057 2154 3080 conver·-

1276 3097 1403 3140 tibiles;
1433 3107 1461 3129 v.
1474 3107 1505 3141 g.
1527 3096 1630 3129 album
1654 3094 1688 3133 ec
1708 3095 1790 3129 dulce
1800 3095 1873 3130 sunt
1887 3107 1982 3130 voces
1991 3096 2153 3130 exceden-

1278 3157 1324 3180 tes
1337 3148 1371 3184 ὃς
1384 3148 1517 3180 excessa:
1527 3171 1538 3187 ,
1564 3157 1631 3180 non
1644 3145 1776 3187 quidem
1789 3145 1823 3178 in
1835 3146 2020 3190 significato
2032 3147 2152 3180 forma-

1278 3198 1323 3237 li,
1350 3197 1404 3231 sed
1429 3198 1464 3230 in
1488 3198 1560 3231 solo
1586 3195 1767 3231 materiali.-
1794 3193 1827 3228 in
1839 3197 2103 3240 formaliquippe
2115 3196 2152 3230 fi·

1277 3247 1434 3292 gnificato
1448 3257 1630 3292 repugnant
1643 3270 1652 3277 .
1681 3245 1769 3289 Ergo
1781 3245 1821 3280 ad
1845 3246 1909 3281 hoe
1925 3258 1961 3282 ut
1972 3247 2087 3288 aliquae
2098 3257 2152 3279 vo-

1282 3308 1335 3331 ces
1346 3297 1541 3332 excedentes
1572 3297 1606 3331 δε
1616 3296 1745 3331 excessa:
1755 3295 1815 3329 sint
1828 3320 1839 3337 ‚
1864 3295 1983 3331 debent
1997 3295 2151 3330 excedere

1279 3347 1310 3381 ὅ(
1324 3347 1438 3382 excedi
1463 3348 1498 3381 in
1516 3346 1585 3381 solo
1599 3346 1782 3390 significato
1793 3347 1972 3381 materiali.
1999 3346 2149 3379 Probatur·

1280 3399 1481 3432 antecedens:
1507 3397 1596 3444 Qia
1617 3395 1793 3440 significata
1813 3397 1964 3432 formalia
1977 3406 2095 3431 vocum
2106 3398 2150 3429 al-

1280 3447 1348 3483 bum
1373 3449 1409 3485 ut
1428 3449 1510 3484 dulce
1532 3449 1608 3482 suut
1630 3444 1748 3483 albede
1769 3447 1975 3484 &dulcedox
2002 3448 2095 3490 atqui
2105 3447 2153 3482 al-

2015 3495 2103 3533 bedo
