2384 3770
394 111 490 149 166
909 106 1143 151 Dtspur.
1182 106 1226 152 1.

397 203 449 241 13.
477 195 566 225 Peter
584 203 615 230 2.
630 190 800 237 quomod&
810 192 1030 240 distinguatur
1042 196 1131 230 vocis
1140 206 1219 229 con·

344 251 438 275 eretae
450 242 669 286 significatum
685 245 850 279 materiale
869 244 887 278 ὲ
901 247 1053 280 formali?
1081 244 1168 288 Resp.
1190 258 1219 279 a·

342 289 510 333 liquando*
527 293 683 339 distingui
710 294 835 330 realiter
853 319 864 335 ,
891 296 1068 339 aliquando
1095 297 1221 330 ratione

341 340 433 382 sola,
459 342 636 387 aliquando
651 344 1012 388 realiterinadaequate,
1042 346 1221 391 aliquando

341 390 473 427 realiter
500 394 683 438 adaequate,
711 395 892 439 aliquando
920 406 1087 441 tamquam
1116 408 1182 431 rem
1203 396 1220 430 ὲ

341 457 397 486 re,
423 444 602 488 aliqnando
628 456 797 491 tamquam
826 456 894 479 rem
919 445 938 479 ὲ
966 445 1068 481 modo
1093 472 1101 480 .
1139 447 1222 494 Qae

343 495 457 532 omnia
482 496 579 530 facile
606 496 766 541 patebunt
800 494 990 531 inducendo
1024 497 1222 543 singulorum

343 546 514 589 exempla:
543 558 573 580 v.
585 558 616 592 g.
646 547 680 580 in
709 546 760 580 his
786 546 1098 587 vocibus,‘album,
1118 549 1222 588 dulce,

335 597 421 639 stans
436 621 447 637 ,
462 595 574 640 sedens
597 621 608 637 ‚
625 598 791 640 intelligens
804 621 815 637 ,
838 597 996 629 ambulans
1009 622 1020 638 ,
1033 599 1089 631 &a
1120 598 1215 642 figni-

340 649 438 682 ficata
464 647 615 681 formalia
643 648 718 681 sunt
745 644 889 686 albedo,
916 647 1086 687 dulcedo,
1112 646 1221 686 statio,

340 698 455 736 seffio,
484 697 683 737 intellectio,
708 696 914 731 ambulatio:
942 698 1124 742 fignificata
1146 698 1222 732 vero

340 747 523 784 materialia
559 748 634 782 sunt
671 747 807 781 istarum
843 749 1021 781 formarum
1063 745 1222 790 subJeeta,

341 810 413 844 quae
440 798 456 832 ὲ
484 799 598 832 formis
626 797 693 831 istis
722 798 847 833 realiter
871 796 1050 837 differunt,
1078 798 1220 841 quando

345 861 411 895 que
438 858 604 891 tamquam
632 858 679 881 res
705 843 726 880 ὲ
751 859 805 888 re,
830 846 1029 891 quandoque
1055 858 1220 891 tamquam

341 911 391 936 res
417 900 435 934 ὲ
462 897 564 932 modo
585 911 596 931 .·
622 903 665 931 uti
684 899 803 942 patebit
818 898 912 939 facile
929 896 1126 940 confideruntt
1148 912 1156 932 :
1182 898 1219 932 ln

340 950 393 985 his
419 948 556 982 vochus
583 949 745 982 concretis
761 973 772 988 ,
799 950 880 982 Deus
904 954 1111 990 omnipotens,
1136 958 1221 984 aeter·

339 1012 398 1034 nus
417 1024 428 1040 ,
455 996 619 1040 immensus
646 1022 657 1039 ,
678 1001 736 1034 &a
758 998 940 1044 significata
967 999 1119 1034 formalia
1145 1000 1220 1034 sunt

339 1050 471 1090 deitas,
495 1049 767 1092 omnipotentia,
795 1049 1011 1084 immensitas:
1039 1050 1218 1095 significata

338 1099 418 1134 vero
444 1099 623 1134 materialia
650 1102 726 1134 sunt
751 1100 869 1134 divinae
893 1099 1049 1144 personae:
1078 1111 1158 1144 quas
1181 1099 1221 1133 ab

338 1150 407 1185 illis
432 1150 548 1186 formis
573 1150 700 1184 constat
726 1149 886 1194 distingui
913 1150 982 1184 sola
1009 1147 1220 1184 ratione.De

338 1212 410 1245 quo
451 1200 526 1235 vide
563 1200 734 1244 pulchram
759 1200 942 1236 doctrinam
969 1205 1220 1234 commentatoris

339 1248 428 1295 apud
459 1249 675 1293 Ariminensem
702 1257 734 1284 in
759 1262 787 1287 ι.
808 1250 870 1291 dist.
892 1253 922 1287 8.
941 1261 969 1291 q.
994 1261 1025 1286 2.
1046 1259 1107 1282 art.
1137 1250 1225 1287 1.ad

340 1313 373 1339 2-
401 1301 440 1335 In
468 1299 522 1335 his
548 1301 624 1335 vero
650 1299 813 1336 concretis
839 1299 997 1339 vocibus,
1023 1298 1128 1340 homo,
1149 1306 1221 1333 am-

339 1352 431 1391 mal,
457 1363 574 1393 equus,
599 1350 722 1385 brutum
742 1375 752 1390 ,
779 1352 835 1384 ἀνι.
862 1350 1045 1395 significata
1070 1350 1220 1385 materia-

342 1401 388 1435 lia
416 1402 489 1435 sunt
516 1402 696 1446 suppofita3
725 1400 875 1435 formalia
903 1400 982 1434 vero
1007 1400 1082 1435 sunt
1105 1410 1223 1435 naturae

339 1451 543 1495 suppositatae
567 1463 575 1483 ε
615 1462 693 1494 quas
720 1450 763 1485 ab
788 1451 861 1493 ipsis
888 1450 1060 1493 fuppofitis
1097 1449 1223 1486 conflat

337 1501 497 1546 distingui
525 1501 673 1543 realiter,
700 1500 753 1535 sed
782 1499 1007 1546 inadaequate2

391 1562 443 1597 14.
475 1551 518 1585 Et
545 1550 623 1585 hinc
650 1552 725 1585 sunt
751 1550 898 1593 quaedam
925 1561 1022 1585 voces
1047 1558 1221 1588 concretae,

337 1612 409 1645 quae
443 1600 567 1635 habent
608 1603 706 1636 suurn
744 1600 878 1634 formale
903 1601 1120 1644 fignificatum
1147 1610 1223 1634 cum

336 1651 536 1696 quibusdam
592 1650 781 1696 significatis
803 1650 866 1685 suis
893 1649 1113 1684 materialibus
1138 1649 1226 1684 reali·

336 1710 388 1737 ter
416 1701 659 1736 identificatum
682 1713 692 1743 3
718 1700 735 1734 ὲ
763 1699 958 1742 quibusdam
987 1698 1066 1733 vero
1094 1700 1224 1733 realiter

335 1750 548 1786 distinctum.
577 1752 697 1786 Praeter
722 1750 873 1795 exempla
900 1750 965 1793 jam
993 1749 1226 1790 adducta,ad-

336 1799 402 1835 huc
429 1801 503 1835 sunt
523 1801 608 1836 alia.
633 1801 737 1842 Tales
765 1803 856 1835 enim
882 1802 983 1836 etiam
1001 1802 1077 1834 sunt
1105 1798 1155 1833 hae
1167 1811 1223 1833 vo-

345 1862 421 1886 ces:
445 1850 542 1891 justus
558 1874 569 1891 ,
581 1849 749 1893 misericors
761 1851 962 1892 ,benevolus,
969 1850 1068 1894 sciens
1081 1873 1092 1889 ,
1111 1851 1225 1889 volens,

347 1912 468 1942 amans,
481 1903 538 1935 &a
568 1901 656 1934 Nam
669 1912 781 1945 earum
795 1901 945 1934 formalia
957 1901 1138 1943 significata
1151 1901 1224 1933 sunt

337 1950 462 1997 justitia
486 1974 499 1992 ,
525 1949 766 1989 miseiicnrdia,
793 1947 1047 1990 benevolenia,
1074 1950 1224 1990 scientia,

337 2002 486 2040 volitio,
509 2012 621 2035 amor:
649 2000 831 2046 significata
859 1998 936 2034 vero
963 2010 1074 2033 earum
1100 2001 1223 2033 materi-

336 2052 479 2086 aliasunt
493 2050 597 2087 homo
614 2051 783 2093 ,Angelus
805 2050 920 2090 ‚Deus
934 2074 942 2081 .
970 2049 1075 2091 Atqui
1089 2049 1152 2082 istae
1162 2049 1226 2082 for-

341 2114 395 2144 me
405 2102 446 2137 ab
458 2101 596 2136 homine
610 2124 621 2140 ‚
632 2102 665 2134 ἀ
681 2098 815 2142 Angelo
826 2098 1074 2141 distinguuntur
1086 2098 1226 2138 realiter3

344 2163 421 2187 cum
444 2151 523 2185 Deo
535 2162 614 2184 vero
626 2149 753 2183 realiter
774 2146 1036 2181 identificantur.
1064 2145 1227 2190 Ergoissae

346 2212 445 2236 voces
469 2199 594 2235 habent
624 2201 716 2233 suum
744 2197 882 2232 formale
909 2196 1127 2241 significatum
1150 2207 1224 2230 cum

348 2250 543 2296 quibusdam
572 2251 637 2284 suis
659 2246 883 2282 materialibus
895 2245 1085 2290 significatis
1100 2247 1226 2280 realiter

347 2301 620 2341 identificatum;
654 2298 673 2331 a
699 2296 895 2341 quibusdam
923 2294 1000 2331 vesti
1025 2295 1153 2330 realiter
1179 2294 1227 2329 di·

346 2351 516 2385 stinctum.

401 2412 453 2447 15.
479 2402 569 2437 Petes
594 2409 624 2446 3.
650 2409 692 2436 an
720 2408 787 2430 vox
814 2405 967 2431 concreta
1002 2396 1036 2431 ἃ
1071 2395 1224 2431 abstracta

346 2451 398 2488 illi
435 2448 690 2492 correspondens
715 2446 855 2482 habeant
883 2447 971 2481 idem
1008 2447 1226 2491 significatum

347 2501 513 2541 formale,
539 2500 593 2535 seu
620 2497 830 2542 principale?
856 2495 945 2539 Resp.
970 2507 1039 2531 non
1068 2495 1184 2531 habere
1195 2497 1225 2529 si-

348 2552 547 2598 gnificatum
584 2548 763 2593 principale
801 2546 894 2590 plane
930 2546 1093 2590 adaequate
1120 2547 1225 2581 idem:

350 2601 507 2638 differunt
533 2610 674 2642 namque
699 2608 809 2632 earum
836 2597 1016 2642 significata
1033 2596 1225 2641 principalia

347 2652 430 2687 ficut
457 2650 653 2690 inclusum,
679 2649 712 2695 ὃς
739 2646 926 2682 includens.
956 2647 1046 2694 Qia
1074 2659 1139 2682 vox
1167 2646 1226 2680 ab-

349 2702 464 2736 flraaa
491 2712 551 2745 pro
579 2702 638 2736 suo
663 2698 844 2744 significato
871 2697 1043 2744 principali
1069 2696 1167 2732 habet
1180 2698 1227 2731 so-

349 2753 418 2786 lam
446 2752 588 2786 formam
614 2762 623 2793 ;
652 2761 717 2784 vox
742 2757 895 2797 concreta
922 2747 999 2782 verd
1028 2759 1095 2782 non
1123 2748 1225 2782 solam

350 2803 518 2842 formum,
546 2799 600 2835 sed
625 2796 768 2839 formarit
796 2798 892 2831 fimul
919 2808 995 2832 cum
1022 2798 1091 2841 ejus
1119 2798 1152 2830 in
1179 2797 1225 2830 su·

347 2852 451 2896 bjecto
475 2850 683 2887 inexistentia
704 2874 715 2890 ,
753 2849 814 2882 five
839 2860 914 2886 cum
935 2847 1003 2891 ejus
1036 2848 1055 2881 ὲ
1083 2846 1226 2890 subjecto

352 2903 474 2946 passiva
502 2900 658 2936 habentia
682 2898 839 2944 fignificat
862 2923 873 2939 ‚
895 2910 924 2931 ν.
934 2909 966 2942 g.
992 2908 1080 2938 vox,
1101 2898 1226 2936 albedo,

335 2951 389 2986 ·de
419 2951 595 2996 principali
619 2951 722 2984 solam
745 2948 1003 2990 albedinem;at
1016 2947 1094 2984 vero
1107 2959 1171 2981 vox
1184 2949 1225 2980 al-

348 3002 403 3036 bus
426 3013 496 3038 non
509 3002 613 3037 solam
629 2999 837 3041 albedinem;
858 2998 912 3032 sed
931 2997 1119 3031 albedinem
1134 2997 1225 3031 simul

349 3062 426 3087 cum
463 3051 533 3095 ejus
565 3050 773 3086 inexistentia
807 3050 841 3082 in
876 3048 1017 3091 subjecto
1050 3048 1227 3093 fignificat.

349 3106 396 3136 Et
419 3109 496 3136 ratio
516 3101 574 3142 est:
600 3103 677 3145 quia
697 3110 730 3134 ut
747 3098 841 3143 supra
852 3099 922 3132 dub.
949 3108 977 3136 ι.
997 3099 1226 3139 dicebam‚vox

350 3146 503 3188 abstracta
526 3151 737 3187 solummodo
769 3149 950 3195 significare
969 3147 1065 3183 debet
1087 3150 1225 3183 formam

352 3199 498 3238 habitam
519 3214 529 3246 ;
562 3214 626 3238 vox
643 3211 795 3236 concreta
819 3199 896 3234 vero
919 3199 1101 3244 fignificare
1132 3198 1227 3232 debet

355 3251 495 3288 sormam
518 3264 573 3297 per
597 3253 736 3288 modum
759 3249 889 3289 habiti,
909 3250 965 3284 {eu
986 3260 1143 3294 quatenus
1170 3248 1227 3282 ha—

356 3301 476 3336 bitam.
507 3303 614 3348 Atqui
646 3302 830 3347 fignificare
852 3300 991 3335 formam
1015 3311 1073 3344 per
1096 3298 1229 3334 modum

356 3349 462 3385 habiti
483 3376 494 3391 ,
522 3355 566 3388 est
589 3353 771 3398 significare
795 3352 934 3386 formam
955 3352 1045 3386 simul
1081 3361 1157 3387 cum
1185 3351 1230 3384 sui

360 3399 533 3445 habentia.
554 3402 643 3447 Ergo
658 3428 669 3445 ,
689 3404 753 3438 &c-

1267 107 1552 160 Dun.111.

1407 249 1442 283 D
1494 247 1535 284 U
1587 247 1616 282 B
1663 221 1685 286 ἰ,
1737 246 1778 283 U
1829 248 1872 284 M
1972 249 2055 289 111.

1356 353 1403 386 An
1423 351 1528 384 eadem
1551 360 1614 384 vox
1637 349 1688 392 effe
1706 349 1790 391 poffit
1810 347 1896 389 fimul
1911 349 2088 393 abstradae,

1630 401 1664 434 ό·
1683 409 1825 439 concreta,

1289 498 1341 535 16-
1495 498 1571 543 Esp.
1581 500 1614 534 Gt
1626 501 1711 533 dico:
1734 501 1796 535 esse
1808 499 1927 536 multas
1951 510 2048 535 voees
2061 523 2073 540 ,
2091 511 2162 545 que

1510 550 1721 584 {olummodo
1748 552 1823 587 sunt
1842 552 2002 587 abstraflae
2014 574 2025 590 ‚
2046 550 2079 584 ἀ
2093 551 2162 584 nul-

1287 598 1319 632 lo
1332 600 1434 632 modo
1447 623 1459 639 ,
1470 600 1630 640 nulloque
1641 602 1780 642 respectu
1795 603 1868 637 sunt
1881 611 2050 636 concretae.
2065 600 2161 647 Qua-

1287 649 1331 683 les
1343 649 1375 682 su
1382 658 1416 682 nt
1429 648 1498 683 hae:
1520 650 1627 683 albedo
1638 673 1648 689 ‚
1671 651 1790 684 dulcedo
1802 674 1813 689 ,
1842 653 2030 690 humanitas,
2044 652 2160 692 deitas,

1280 699 1391 739 statio,
1406 697 1502 742 seffio,
1521 701 1581 734 &a
1599 700 1683 733 ltetn
1695 701 1758 734 effe
1773 702 1892 736 multas
1911 724 1924 746 2
1942 712 2013 746 quae
2025 703 2097 736 sunt
2111 701 2159 735 so·

1287 750 1643 789 lummodoconcretae‚
1669 751 1828 793 nulloque
1853 753 1955 787 modo
1976 752 2138 786 abstractae
2152 775 2160 783 .

1286 800 1410 846 Qales
1422 801 1495 834 sunt
1510 798 1579 837 hae:
1601 799 1723 840 album,
1746 802 1850 842 dulce,
1874 802 2037 836 humanum
2061 825 2073 843 ,
2094 800 2158 835 det-

1281 848 1421 892 ficatum‚
1442 850 1540 884 doHor
1552 874 1562 890 ‚
1581 849 1679 892 pillos*
1690 874 1700 891 ‚
1724 853 1781 886 (π.
1808 852 1882 886 Effe
1893 862 2003 887 tamen
2015 853 2114 886 etiam
2125 863 2160 886 a·

1288 901 1390 943 liquas
1404 925 1414 941 ‚
1434 912 1503 944 quae
1525 901 1599 935 sunt
1620 900 1713 934 simul
1737 913 1898 936 concretae
1918 903 1952 936 ἀ
1976 901 2158 936 ὼίὶηξίεεε

1287 952 1422 993 respectu
1447 951 1646 989 diversorum
1670 962 1797 985 tamen.
1823 952 1927 987 Tales
1948 954 2021 987 sunt
2038 963 2156 993 voces;

1285 1012 1390 1034 aurum
1411 1002 1592 1046 &lignum-,
1600 1001 1779 1043 plumbum,
1797 1001 1879 1038 bomo
1904 1028 1913 1043 ‚
1930 1002 2050 1036 brutum
2061 1025 2072 1042 ,
2093 1007 2159 1034 anl-

1284 1053 1349 1085 mal
1371 1075 1383 1093 ,
1403 1055 1485 1089 Deus
1506 1076 1518 1092 ,
1538 1052 1594 1085 &cv
1623 1050 1733 1087 Voces
1752 1053 1841 1085 enim
1865 1065 1971 1089 aurum
1993 1055 2028 1086 (5
2044 1052 2160 1096 lignum

1285 1103 1360 1135 sunt
1383 1112 1543 1136 concretae
1563 1101 1702 1144 respectu
1728 1113 1849 1138 vocum
1871 1109 2007 1138 aurettas
2027 1128 2036 1142 ,
2071 1105 2104 1136 (τ
2122 1103 2161 1134 li-

1280 1157 1426 1194 gnetta13
1466 1153 1607 1195 respectu
1646 1161 1724 1185 vero
1756 1163 1876 1187 vocum
1910 1164 2034 1187 curtum
2055 1155 2090 1186 Gt
2124 1152 2162 1188 li·

1259 1203 1261 1207 ⁴
1283 1211 1391 1245 gneum
1421 1201 1496 1235 sunt
1534 1211 1629 1235 voces
1667 1201 1827 1237 abstrassae
1845 1219 1858 1235 ·.
1909 1203 2064 1238 Similiter
2098 1208 2162 1236 vo-

1287 1262 1340 1285 ces
1362 1254 1444 1284 Deus
1459 1275 1470 1292 ,
1488 1250 1592 1290 bomo,
1615 1254 1733 1286 amma!
1742 1254 1879 1297 tespedm
1892 1264 2014 1288 vocum
2035 1252 2135 1286 deitas
2148 1275 2161 1292 ,

1287 1307 1464 1343 umanum,
1480 1302 1660 1335 animalum
1673 1326 1684 1342 ,
1707 1304 1780 1337 sunt
1801 1314 1899 1338 voces
1922 1312 2079 1340 concretae
2093 1314 2114 1344 ς.
2127 1312 2162 1336 at

1288 1352 1367 1386 vero
1382 1353 1521 1395 respestu
1534 1362 1652 1391 vocum
1665 1353 1818 1394 deificatus
1827 1378 1839 1394 ,
1863 1354 2048 1388 humanatus
2060 1376 2071 1392 ,
2095 1357 2164 1385 anb-

1288 1402 1447 1436 mali'zatus
1459 1428 1469 1442 ,
1482 1403 1555 1436 sunt
1568 1412 1664 1436 voces
1675 1403 1850 1438 abstractae.
1867 1404 1910 1437 Et
1922 1404 1964 1443 stc
1974 1403 2087 1437 eadem
2095 1412 2163 1435 vox

1289 1451 1427 1492 respectu
1440 1451 1635 1484 diversarum
1652 1462 1769 1487 vocum
1784 1452 1873 1487 fimul
1885 1455 1928 1486 est
1943 1462 2096 1487 concreta
2107 1451 2163 1492 ‚&.

1289 1499 1463 1534 abstracta:
1481 1500 1634 1534 abstrafla
1658 1502 1790 1544 quidem
1813 1503 1954 1545 respectu
1974 1501 2070 1544 hujus
2090 1513 2100 1544 3
2125 1501 2159 1536 δὲ

1289 1562 1444 1585 concreta
1467 1550 1610 1591 respectu
1633 1550 1784 1584 alterius.

1343 1612 1397 1648 17-
1418 1603 1508 1632 Ratio
1519 1599 1609 1642 hujus
1622 1599 1677 1640 est:
1700 1601 1778 1644 quia
1791 1601 1875 1635 inter
1897 1610 1994 1636 voces
2018 1599 2163 1644 ejusdem

1291 1650 1428 1691 radicis,
1452 1652 1588 1692 quarum
1603 1661 1667 1683 una
1680 1650 1897 1695 significatum
1907 1651 2010 1686 totale
2031 1651 2165 1685 alterius

1291 1701 1452 1746 significat
1467 1711 1521 1743 per
1532 1700 1667 1734 modum
1684 1699 1785 1739 habiti
1801 1725 1811 1741 ,
1833 1712 1896 1734 una
1919 1701 1963 1735 est
1986 1710 2138 1735 concreta
2150 1723 2164 1741 ,

1289 1752 1387 1789 altera
1400 1751 1445 1785 est
1458 1749 1608 1784 abstracta
1623 1751 1670 1788 illi
1695 1751 1971 1795 correspondens:
1991 1751 2083 1794 atqui
2106 1760 2165 1783 vo-

1290 1812 1342 1836 ces
1370 1803 1448 1835 Deus
1463 1801 1495 1834 ό·
1516 1800 1692 1842 definias,
1718 1801 1800 1834 bomo
1823 1803 1857 1836 (5
1874 1801 2078 1842 humanatus-3
2098 1803 2164 1833 ani·

1290 1853 1377 1892 mal,
1400 1853 1441 1890 Θ,
1455 1852 1668 1884 animalizatus
1682 1875 1692 1890 ,
1705 1852 1776 1886 sunt
1793 1862 1886 1885 voces
1908 1851 2051 1894 ejusdem
2072 1850 2163 1884 radi-⁸

1289 1902 1355 1936 cis:
1374 1907 1537 1943 utipatet:
1559 1900 1640 1935 Item
1667 1912 1731 1935 una
1752 1901 1971 1946 significatum
1996 1900 2164 1950 totalelal-

1291 1953 1389 1984 terius
1403 1950 1560 1995 fignificat
1581 1961 1635 1991 per
1650 1950 1787 1984 modum
1807 1950 1909 1984 babiti
1922 1975 1929 1982 .
1956 1950 2044 1984 Nam
2066 1958 2166 1985 voces.

1290 1999 1460 2042 deificatum
1473 2024 1484 2039 ,
1510 2001 1740 2039 qnlmalizatum
1750 2023 1762 2037 ,
1772 1999 1970 2033 humanatum
1980 1998 2164 2045 significant

1269 2057 1273 2087 i
1290 2061 1347 2094 per
1357 2051 1492 2084 modum
1507 2048 1608 2083 habiti
1622 2051 1837 2094 significatum
1850 2050 1953 2088 totale
1966 2059 2084 2085 vocum
2105 2051 2163 2083 De-

1288 2112 1324 2137 us
1344 2123 1356 2140 ‚
1382 2099 1484 2137 bomo,
1508 2100 1625 2131 amma!
1637 2123 1644 2129 .
1667 2099 1758 2142 Ergo
1777 2101 1862 2133 inter
1882 2100 1959 2133 istas
1981 2110 2076 2134 voces
2098 2110 2164 2136 una

1289 2147 1333 2182 est
1347 2147 1526 2187 abstrait&
1546 2148 1644 2180 altera
1658 2159 1733 2180 vero
1745 2147 1790 2181 est
1802 2158 1952 2182 concreta
1969 2149 2017 2182 illi
2041 2150 2164 2183 corres-

1291 2198 1457 2241 pondens.
1482 2196 1523 2229 Et
1541 2197 1584 2230 fic
1597 2208 1695 2230 voces
1709 2199 1844 2238 animal,
1867 2197 1950 2232 bomo
1962 2223 1972 2237 ‚
1994 2202 2072 2235 Deus
2083 2210 2093 2241 ;
2105 2199 2166 2232 res-

1290 2249 1383 2291 pestu
1397 2247 1526 2280 istarum
1542 2257 1660 2284 vocum
1672 2249 1886 2281 animalizatus
1897 2273 1908 2288 ,
1919 2249 2072 2290 deificatus
2082 2271 2094 2287 ,
2112 2247 2166 2283 bu·

1289 2306 1431 2330 manatus
1442 2318 1453 2334 ,
1473 2297 1547 2330 suut
1558 2295 1717 2332 abstractae
1729 2320 1736 2328 .
1762 2296 1821 2331 lua
1833 2299 1954 2340 quippe
1966 2308 2029 2331 vox
2042 2297 2167 2331 abstra-

1289 2349 1335 2381 &a
1346 2347 1410 2380 effe
1421 2344 1542 2386 debet,
1564 2345 1658 2388 cujus
1669 2346 1773 2380 totale
1795 2347 2010 2389 significatum
2035 2348 2077 2381 ab
2097 2346 2162 2382 alin

1291 2408 1371 2431 voce
1383 2395 1587 2440 fignificatur
1597 2394 1637 2432 ad
1648 2395 1787 2430 modum
1800 2395 1905 2431 habiti
1919 2421 1927 2430 .
1953 2398 2053 2438 Major
2073 2396 2165 2438 hujus

1288 2445 1504 2491 argumennest
1514 2447 1619 2479 clara:
1643 2446 1676 2482 ἀ
1690 2456 1779 2489 patet
1801 2447 1992 2481 induitione
2011 2457 2165 2482 omnium

1291 2507 1413 2530 vocum
1424 2506 1651 2533 concretarum
1665 2496 1700 2530 &
1711 2495 1941 2532 abstractarum
1963 2498 2031 2533 illis,
2047 2497 2168 2531 corres-

1289 2546 1506 2591 pondentium
1519 2546 1662 2587 :semper
1672 2546 1761 2578 enim
1777 2546 1932 2588 reperitur
1945 2546 2165 2590 significatum

1289 2597 1391 2631 torale
1404 2596 1494 2630 vocis
1506 2594 1668 2631 abstraaae
1688 2596 1863 2640 significari
1876 2607 1930 2639 per
1951 2597 2089 2631 modum
2110 2596 2166 2630 ha÷

1289 2645 1348 2681 biti
1359 2646 1378 2680 ὲ
1390 2656 1471 2680 voce
1481 2654 1634 2680 concreta
1646 2670 1654 2677 .
2011 2664 2015 2671 ‹

1342 2694 1394 2733 18-
1420 2699 1519 2729 Minor
1530 2697 1602 2728 vero
1610 2694 1758 2736 probatur
1773 2707 1787 2728 e
1811 2694 1889 2738 quia
1913 2707 1978 2730 vox
1989 2695 2168 2738 deficatusm,

1289 2746 1375 2782 idem
1386 2746 1543 2791 significat
1554 2767 1564 2783 ‚
1575 2745 1666 2789 quod
1685 2745 1809 2779 habens
1822 2747 1933 2782 Deum
1944 2771 1955 2787 ‚
1966 2745 2167 2781 sinehabens

1289 2797 1450 2841 (upposnfi
1459 2796 1670 2830 deitatis:vox
1681 2795 1880 2830 humanatum
1893 2797 2065 2841 fignificat,
2074 2797 2165 2831 idem

1289 2847 1379 2891 quod
1394 2846 1516 2881 habens
1541 2847 1739 2889 suppositum
1753 2843 1968 2880 humanitatis
1981 2860 1994 2881 :-
2015 2857 2082 2881 vox
2101 2851 2165 2884 ank

1289 2900 1465 2932 malizatum
1477 2895 1638 2940 fignificat
1650 2896 1737 2929 idern
1750 2919 1760 2935 ‚
1779 2896 1866 2937 quod
1880 2894 2003 2931 habens
2026 2897 2164 2942 suppost-

1289 2959 1362 2984 tum
1374 2947 1588 2982 animalitatis
1600 2971 1608 2979 .
1641 2946 1747 2987 Atqui
1761 2945 1920 2989 supposita
1940 2947 2089 2989 deitatis,
2106 2947 2165 2985 hu-

1291 2999 1481 3038 manitatis,
1498 2996 1710 3032 animalitatis
1724 3019 1736 3036 ,
1761 2996 1833 3028 sunt
1847 2997 2027 3041 significata
2047 2997 2164 3033 toralia

1292 3050 1326 3084 δε
1345 3050 1511 3092 adaequata
1524 3058 1642 3082 vocum
1659 3048 1740 3080 Deus
1753 3069 1763 3084 ‚
1787 3045 1891 3085 bomo,
1912 3046 2045 3082 animal.
2074 3047 2165 3093 Ergo

1291 3110 1397 3141 voces,
1411 3096 1560 3140 deificatus
1582 3121 1593 3139 ,
1605 3097 1787 3131 humanatus
1799 3120 1809 3135 ,
1823 3097 2037 3130 animalizatus.
2049 3121 2060 3137 ,
2070 3097 2167 3142 signi·

1291 3150 1390 3183 fleant
1413 3160 1467 3193 per
1493 3148 1628 3183 modum
1652 3146 1754 3181 habiti
1778 3145 1955 3190 fignificata
1975 3148 2091 3182 totalia
2113 3158 2166 3181 vo·

1291 3210 1366 3233 cum
1383 3199 1571 3239 Deus,bomo,
1583 3197 1713 3231 animal.
1740 3194 1887 3229 Probatur
1898 3202 2002 3229 minos:
2015 3197 2090 3240 quia
2102 3197 2167 3233 istae

1293 3261 1388 3283 voces
1401 3248 1554 3291 deificatus
1564 3272 1575 3289 ,
1593 3247 1777 3283 humanatus
1788 3268 1802 3285 „
1817 3249 2029 3282 animaliwus
2042 3269 2053 3285 ,
2063 3247 2165 3291 figni-

1293 3299 1488 3334 ficantillud
1503 3310 1556 3343 per
1569 3296 1704 3332 modum
1727 3295 1854 3337 habiti,
1876 3298 1964 3341 quod
1988 3296 2166 3331 affirmatur

1296 3349 1467 3384 inexistere
1484 3349 1651 3393 subjectis,
1678 3346 1720 3381 de
1733 3347 1852 3390 quibus
1864 3347 2075 3390 praedicantur
2090 3359 2097 3380 :
2121 3357 2166 3380 at·

1296 3400 1350 3443 qui
1388 3400 1469 3434 illud
1501 3425 1513 3441 ,
1544 3398 1633 3444 quod
1651 3396 1733 3431 >istis
1754 3397 1902 3441 subjectis
1924 3397 2099 3435 affirmatur
2122 3397 2169 3430 in-

1296 3450 1433 3487 existere
1454 3474 1466 3494 ‚
1499 3451 1574 3489 sunt
1604 3447 1766 3499 suppofita
1790 3447 1921 3486 deitatis
1938 3469 1951 3488 ,
1983 3446 2168 3482 humanita-

2056 3509 2097 3533 tis
2108 3520 2120 3537 ‚
